4883 4074
396 131 303 210 stad,
598 131 202 210 af
699 131 337 210 dennes
935 131 269 210 piga
1103 131 438 210 Charlotta
1440 131 269 210 fått
1609 131 269 210 låna
1777 131 202 210 en
1878 131 236 210 grå
1979 131 404 210 regnkappa,

413 258 421 201 hvarefter
736 258 226 201 hon
866 258 388 201 begifvit
1157 258 226 201 sig
1286 258 226 201 hem
1416 258 259 201 till
1577 258 388 201 Halland,
1868 258 226 201 men
1998 258 388 201 derifrån
2257 258 129 201 nu

424 368 415 172 återvändt
743 368 223 172 hit
871 368 255 172 till
1031 368 319 172 staden
1254 368 223 172 för
1382 368 223 172 att
1509 368 383 172 återbära
1797 368 479 172 regnkappan,
2180 368 192 172 då
2243 368 160 172 han

409 520 364 144 blifvit
674 520 397 144 anhållen
971 520 199 144 af
1071 520 199 144 en
1170 520 629 144 poliskonstapel,
1699 520 265 144 samt
1865 520 232 144 att
1997 520 232 144 han
2096 520 331 144 inlemnat

425 605 260 141 uret
587 605 227 141 hos
717 605 650 141 Handelsidkerskan
1269 605 455 141 Wilhelmina
1626 605 422 141 Cederfelt
1951 605 162 141 i
2016 605 292 141 huset
2211 605 195 141 No
2276 605 130 141 15

416 706 226 144 vid
545 706 290 144 Östra
738 706 451 144 Larmgatan,
1093 706 226 144 hos
1222 706 355 144 hvilken
1479 706 226 144 hon
1608 706 226 144 för
1737 706 387 144 tillhopa
2027 706 193 144 80
2124 706 226 144 öre
2221 706 193 144 köpt

419 813 309 187 några
625 813 858 187 fruntimmerspersedlar,
1380 813 240 187 men
1517 813 172 187 i
1586 813 343 187 saknad
1826 813 206 187 af
1929 813 412 187 kontante
2204 813 206 187 pen¬-

430 952 351 164 ningar
675 952 281 164 till
851 952 316 164 deras
1061 952 421 164 gäldande
1377 952 351 164 lemnat
1622 952 281 164 uret
1797 952 175 164 i
1833 952 245 164 pant.

557 1051 464 175 Målsegarne
921 1051 298 175 Johan
1120 1051 331 175 Olsson
1352 1051 265 175 Lind
1517 1051 232 175 och
1650 1051 265 175 Anna
1815 1051 331 175 Olsson
2047 1051 298 175 hafva
2212 1051 166 175 be¬-

398 1158 309 180 stridt
615 1158 526 180 Johansdotters
1047 1158 371 180 uppgift,
1326 1158 216 180 att
1449 1158 216 180 hon
1573 1158 247 180 köpt
1728 1158 247 180 uret
1882 1158 216 180 och
2006 1158 309 180 kjolen
2191 1158 186 180 samt

403 1297 290 151 fått
584 1297 290 151 låna
729 1297 472 151 regnkappan.

534 1354 477 227 Ifrågakomne
916 1354 191 227 ur
1011 1354 223 227 har
1138 1354 350 227 blifvit
1393 1354 223 227 för
1520 1354 445 227 penningar,
1870 1354 223 227 som
1965 1354 445 227 Johansdotter

427 1454 214 190 vid
550 1454 460 190 anhållandet
918 1454 368 190 innehade
1193 1454 337 190 utlösts
1439 1454 245 190 från
1592 1454 613 190 Handelsidkerskan
2082 1454 337 190 Cederfelt

414 1625 286 162 hvilka
615 1625 372 162 vitsordat
901 1625 430 162 riktigheten
1245 1625 172 162 af
1331 1625 487 162 Johansdotters
1732 1625 372 162 uppgifter
2018 1625 315 162 rörande
2219 1625 200 162 pant¬-

368 1774 472 124 sättningen.

574 1779 444 208 Regnkappan
923 1779 222 208 och
1050 1779 254 208 uret
1209 1779 286 208 hafva
1399 1779 349 208 blifvit
1653 1779 254 208 till
1812 1779 444 208 Målsegaren
2129 1779 222 208 åter¬-

379 1885 335 196 ställde.

609 1956 194 229 På
706 1956 291 229 grund
900 1956 194 229 af
997 1956 259 229 hvad
1159 1956 356 229 sålunda
1418 1956 486 229 förekommit,
1807 1956 324 229 kommer
2001 1956 324 229 Josefina

428 2111 359 174 Carolina
697 2111 478 174 Johansdotter
1086 2111 209 174 att
1205 2111 269 174 denna
1385 2111 209 174 dag
1504 2111 209 174 för
1624 2111 508 174 Poliskammaren
2012 2111 359 174 inställas.

734 2228 422 202 Göteborg
1050 2228 246 202 den
1191 2228 211 202 30
1296 2228 281 202 Juni
1437 2228 246 202 1880.

50 2362 245 123 No
132 2362 245 123 147.

70 2453 252 130 Frans
210 2453 196 130 Oskar

45 2569 274 143 Norberg.

486 2315 635 191 Poliskonstapeln
1020 2315 200 191 No
1120 2315 200 191 34
1220 2315 334 191 Dahlin
1454 2315 234 191 har
1588 2315 401 191 Tisdagen
1888 2315 234 191 den
2022 2315 200 191 29
2089 2315 267 191 dennes

422 2437 190 214 på
517 2437 412 214 middagen,
834 2437 285 214 efter
1024 2437 349 214 anmälan
1278 2437 190 214 af
1373 2437 570 214 Kommissionären
1848 2437 254 214 Lars
2007 2437 317 214 Edvard
2197 2437 190 214 Bör¬-

409 2538 329 205 jesson,
649 2538 300 205 boende
858 2538 150 205 i
918 2538 270 205 huset
1098 2538 180 205 No
1188 2538 180 205 37
1278 2538 210 205 vid
1398 2538 389 205 Skolgatan
1697 2538 359 205 anhållit
1937 2538 449 205 Stufveriarbe¬-

399 2633 269 231 taren
578 2633 269 231 Frans
757 2633 269 231 Oskar
937 2633 328 231 Noberg,
1176 2633 299 231 boende
1385 2633 149 231 i
1444 2633 269 231 huset
1623 2633 179 231 No
1713 2633 149 231 8
1773 2633 179 231 af
1862 2633 358 231 Majornas
2131 2633 149 231 3
2161 2633 209 231 rote,

395 2751 212 220 för
516 2751 212 220 det
637 2751 212 220 han
758 2751 242 220 kort
909 2751 272 220 förut
1090 2751 242 220 från
1241 2751 393 220 Börjesson
1544 2751 393 220 olofligen
1846 2751 272 220 tagit
2027 2751 212 220 två
2118 2751 272 220 stycken

384 2863 505 218 pråmstakar,
789 2863 505 218 tillsammans
1193 2863 303 218 värda
1395 2863 168 218 4
1463 2863 371 218 Kronor,
1732 2863 337 218 hvilka
1968 2863 337 218 stakar
2170 2863 236 218 legat

407 3038 187 135 å
444 3038 524 135 Badhusgatan.

613 3063 223 182 Vid
741 3063 223 182 det
868 3063 223 182 med
996 3063 351 182 Norberg
1251 3063 160 182 i
1315 3063 415 182 anledning
1634 3063 287 182 häraf
1826 3063 415 182 anställda
2113 3063 255 182 förhör

410 3196 240 208 har
547 3196 240 208 han
684 3196 479 208 uppgifvit,
1060 3196 240 208 att
1197 3196 240 208 han
1334 3196 205 208 af
1436 3196 205 208 en
1539 3196 411 208 fiskare,
1847 3196 308 208 hvars
2052 3196 274 208 namn
2189 3196 171 208 han

408 3290 283 205 icke
585 3290 389 205 närmare
868 3290 354 205 kände,
1116 3290 248 205 men
1257 3290 389 205 hvilken
1540 3290 248 205 han
1682 3290 283 205 hört
1859 3290 425 205 benämnas
2142 3290 248 205 "Erik

384 3419 196 200 på
482 3419 294 200 Rörö"
678 3419 229 200 och
809 3419 229 200 med
940 3419 359 200 hvilken
1201 3419 229 200 han
1332 3419 555 200 sammanträffat
1789 3419 196 200 på
1887 3419 457 200 Fisktorget
2214 3419 163 200 an¬-

391 3543 318 159 modats
614 3543 191 159 gå
709 3543 286 159 efter
900 3543 477 159 ifrågakomne
1282 3543 318 159 stakar
1505 3543 223 159 och
1632 3543 255 159 bära
1791 3543 223 159 dem
1919 3543 255 159 till
2046 3543 350 159 Svängbron

388 3650 396 173 nedanför
685 3650 462 173 Gasverket,
1048 3650 231 173 men
1180 3650 264 173 att,
1345 3650 297 173 sedan
1542 3650 231 173 han
1674 3650 297 173 burit
1872 3650 396 173 stakarne
2136 3650 231 173 någon

2526 136 336 204 stund,
2762 136 235 204 han
2896 136 370 204 blifvit
3165 136 403 204 antastad
3467 136 202 204 af
3568 136 504 204 Målsegaren,
3971 136 235 204 som
4072 136 403 204 tillkallat

2514 286 625 202 Polisbetjening,
3041 286 362 202 hvilken
3304 286 395 202 anhållit
3567 286 329 202 Norberg.

2687 398 495 188 Målsegaren
3076 398 248 188 har
3217 398 424 188 återfått
3535 398 283 188 sina
3677 398 318 188 stakar.

2648 492 208 216 På
2752 492 311 216 grund
2960 492 208 216 af
3064 492 277 216 hvad
3237 492 381 216 sålunda
3514 492 519 216 förekommit,
3929 492 208 216 är
4033 492 311 216 Frans
4206 492 242 216 Oskar

2533 617 371 228 Norberg
2803 617 338 228 kallad
3040 617 270 228 till
3209 617 507 228 inställelse
3614 617 304 228 inför
3817 617 574 228 Poliskammaren
4256 617 236 228 denna

2517 741 291 223 dag.
2698 741 436 223 Göteborg
3026 741 254 223 den
3171 741 218 223 30
3280 741 291 223 Juni
3426 741 254 223 1880.

4439 792 257 134 No
4525 792 257 134 148.

4431 946 199 94 Axel
4556 946 249 94 Patrik
4705 946 125 94 Pe¬-

4420 1034 238 153 tersson.

2603 839 439 227 Följande
2933 839 439 227 personer
3262 839 329 227 hafva
3445 839 329 227 anmält:

2497 915 196 252 1o
2595 915 621 252 Grosshandlanden
3118 915 196 252 A.
3216 915 196 252 M.
3314 915 294 252 Lamm,
3510 915 327 252 boende
3739 915 163 252 i
3804 915 294 252 huset
4001 915 196 252 No
4099 915 163 252 4
4164 915 229 252 vid
4262 915 196 252 Tea¬-

2503 1056 412 194 tergatan,
2820 1056 222 194 att
2947 1056 381 194 onsdagen
3233 1056 222 194 den
3360 1056 159 194 9
3423 1056 412 194 sistlidne
3740 1056 254 194 Juni
3899 1056 190 194 en
3994 1056 349 194 obekant
4216 1056 222 194 mans¬-

2501 1157 322 238 person
2726 1157 387 238 infunnit
3016 1157 225 238 sig
3145 1157 161 238 i
3209 1157 515 238 Målsegandens
3628 1157 322 238 bostad
3854 1157 258 238 och,
4015 1157 290 238 under
4176 1157 322 238 föregif¬-

2510 1288 329 225 vande,
2740 1288 230 225 att
2872 1288 230 225 han
3003 1288 263 225 vore
3167 1288 263 225 sänd
3332 1288 197 225 af
3430 1288 329 225 denne,
3660 1288 230 225 som
3792 1288 427 225 uppehölle
4120 1288 230 225 sig
4252 1288 164 225 i
4285 1288 197 225 sitt

2499 1356 318 254 kontor
2722 1356 223 254 och
2849 1356 223 254 med
2976 1356 318 254 första
3199 1356 382 254 afgående
3486 1356 318 254 bantåg
3708 1356 318 254 skulle
3931 1356 318 254 afresa
4154 1356 255 254 från
4281 1356 191 254 Sta¬-

2506 1527 266 176 den,
2672 1527 333 176 begärt
2905 1527 233 176 och
3038 1527 399 176 erhållit
3338 1527 200 176 en
3438 1527 266 176 rock
3604 1527 200 176 af
3704 1527 300 176 svart
3904 1527 499 176 kamgarnstyg
4270 1527 166 176 med

2496 1621 298 217 svart
2694 1621 595 217 lastingsfoder,
3190 1621 264 217 värd
3355 1621 198 217 20
3422 1621 298 217 Kronor.

2498 1696 192 214 2o
2594 1696 641 214 Tullkontrollören
3139 1696 192 214 D.
3235 1696 192 214 E.
3331 1696 321 214 Lutti,
3556 1696 321 214 boende
3780 1696 160 214 i
3844 1696 288 214 huset
4036 1696 192 214 No
4133 1696 192 214 20
4229 1696 192 214 af
4293 1696 160 214 Ma¬-

2504 1818 317 217 jornas
2726 1818 222 217 6te
2853 1818 285 217 rote,
3043 1818 222 217 att
3170 1818 222 217 den
3297 1818 190 217 30
3392 1818 159 217 i
3455 1818 285 217 samma
3646 1818 285 217 månad
3836 1818 190 217 en
3931 1818 349 217 obekant
4153 1818 317 217 mansper¬-

2514 1918 254 173 son
2659 1918 435 173 infunnit
2985 1918 254 173 sig
3130 1918 181 173 i
3202 1918 290 173 hans
3384 1918 362 173 bostad
3637 1918 254 173 och
3782 1918 326 173 under
4000 1918 362 173 falskt
4217 1918 254 173 före¬-

2497 2056 505 150 gifvande,
2886 2056 272 150 att
3041 2056 272 150 han
3196 2056 311 150 vore
3390 2056 311 150 sänd
3585 2056 233 150 af
3701 2056 388 150 Lutti,
3973 2056 427 150 begärt,
4245 2056 194 150 och

2518 2168 434 125 erhållit
2844 2168 253 125 ett
2988 2168 253 125 par
3133 2168 470 125 snörskor,
3495 2168 326 125 värde
3712 2168 217 125 10
3821 2168 398 125 kronor,
4074 2168 181 125 och

2499 2260 232 108 3o
2615 2260 502 108 Klamparen
3002 2260 309 108 Lars
3195 2260 425 108 Olsson,
3504 2260 386 108 boende
3774 2260 193 108 i
3852 2260 348 108 huset
4083 2260 232 108 No
4199 2260 232 108 35
4276 2260 155 108 af

2514 2372 465 141 Majornas
2863 2372 271 141 5te
3018 2372 348 141 rote,
3250 2372 271 141 att
3405 2372 581 141 sistberörde
3869 2372 271 141 dag
4024 2372 232 141 en
4102 2372 348 141 obekant

2501 2438 536 178 mansperson
2922 2438 459 178 infunnit
3266 2438 268 178 sig
3419 2438 191 178 i
3496 2438 306 178 hans
3687 2438 383 178 bostad
3955 2438 268 178 och
4108 2438 268 178 med
4223 2438 230 178 för¬-

2513 2532 386 179 mälan
2770 2532 300 179 att
2942 2532 300 179 han
3114 2532 343 179 vore
3328 2532 343 179 sänd
3543 2532 257 179 af
3671 2532 472 179 Olssons
3972 2532 214 179 son

3929 2521 425 82 Bokhållaren

4146 2569 291 106 Victor

2492 2634 407 157 Olsson
2777 2634 570 157 tillnarrat
3225 2634 285 157 sig
3387 2634 285 157 ett
3510 2634 203 157 par

3556 2630 369 87 denne
3761 2630 492 87 tillhörige

3720 2668 403 147 resårpjexor,
4048 2668 227 147 värde
4199 2668 126 147 8
4224 2668 227 147 Kronor.

2672 2737 239 156 Af
2792 2737 239 156 de
2911 2737 438 156 sålunda
3230 2737 597 156 bedrägligen
3707 2737 438 156 åtkomna
3986 2737 478 156 persedlar¬-

2504 2840 232 150 ne
2620 2840 271 150 har
2775 2840 348 150 Lamms
3008 2840 310 150 rock
3201 2840 581 150 återfunnits
3666 2840 465 150 pantsatt
4014 2840 271 150 för
4169 2840 194 150 6
4208 2840 232 150 kro¬-

2500 2935 295 157 nor
2668 2935 295 157 hos
2837 2935 716 157 pantlånerskan
3427 2935 463 157 Johanna
3764 2935 463 157 Nilsson
4101 2935 211 157 i
4143 2935 295 157 huset

2495 3009 251 171 No
2621 3009 251 171 29
2746 3009 292 171 vid
2913 3009 627 171 Stampgatan;
3414 3009 292 171 och
3581 3009 292 171 har
3707 3009 710 171 Poliskonstapeln

2495 3097 257 150 No
2624 3097 300 150 116
2795 3097 558 150 Törnqvist
3225 3097 300 150 den
3396 3097 215 150 2
3482 3097 472 150 dennes,
3825 3097 257 150 på
3954 3097 472 150 anmodan
4254 3097 172 150 af

2495 3223 280 142 hos
2655 3223 360 142 Jutti
2895 3223 480 142 anstälda
3255 3223 720 142 tjensteflickan
3854 3223 280 142 Ada
3974 3223 480 142 Petersson,

2487 3350 374 156 såsom
2737 3350 541 156 misstänkt
3153 3350 291 156 för
3320 3350 374 156 dessa
3569 3350 624 156 bedrägerier
4027 3350 416 156 anhållit

2498 3429 256 171 för
2645 3429 366 171 första
2901 3429 330 171 resan
3121 3429 330 171 stöld
3341 3429 476 171 straffade
3707 3429 330 171 Förre
3890 3429 550 171 Artilleristen

2494 3522 322 205 Axel
2695 3522 403 205 Patrik
2977 3522 564 205 Petersson,
3421 3522 403 205 boende
3703 3522 202 205 i
3783 3522 363 205 huset
4025 3522 242 205 No
4146 3522 242 205 59
4267 3522 242 205 af
4348 3522 161 205 Ms

2484 3640 327 176 Andra
2702 3640 327 176 rote,
2920 3640 400 176 hvilken
3211 3640 255 176 vid
3357 3640 255 176 det
3502 3640 255 176 med
3648 3640 327 176 honom
3866 3640 437 176 anstälde
4157 3640 291 176 förhör
