4943 4075
489 207 563 199 öfverlemnat
940 207 450 199 densamma
1277 207 300 199 till
1465 207 375 199 hustru
1728 207 525 199 Johansson,
2140 207 263 199 som
2253 207 150 199 på

477 345 273 133 sätt
648 345 307 133 ofvan
852 345 205 133 är
955 345 341 133 nämndt
1194 345 273 133 sålt
1364 345 239 133 den
1501 345 239 133 för
1637 345 205 133 88
1740 345 273 133 öre.
1876 345 205 133 till

639 490 324 150 Enkan
855 490 468 150 Andersson
1215 490 252 150 har
1359 490 432 150 återlöst
1684 490 648 150 pressenningen,
2188 490 180 150 som

492 590 371 146 blifvit
762 590 270 146 till
931 590 472 146 Målsegaren
1268 590 438 146 återlemnad.

585 615 322 163 Hustrun
819 615 235 163 Anna
966 615 264 163 Maria
1142 615 381 163 Johansson
1435 615 205 163 har
1552 615 235 163 ännu
1699 615 235 163 icke
1845 615 293 163 kunnat
2021 615 352 163 anträffas.

640 734 224 144 På
752 734 336 144 grund
975 734 224 144 af
1087 734 298 144 hvad
1274 734 410 144 sålunda
1572 734 559 144 förekommit,
2019 734 224 144 är
2094 734 298 144 kommer

488 819 312 117 Enkan
696 819 312 117 Maria
904 819 450 117 Andersson
1251 819 243 117 att
1389 819 312 117 denna
1597 819 243 117 dag
1736 819 243 117 för
1874 819 243 117 PKn
1978 819 416 117 inställas.

1029 907 454 192 Göteborg
1370 907 265 192 den
1521 907 227 192 15
1635 907 265 192 Maj
1748 907 265 192 1880.

117 973 251 151 No
201 973 251 151 113.

98 1078 242 176 Johan
233 1078 296 176 Alexander

94 1199 250 140 Larsson.

556 1033 584 127 Poliskonstapeln
1048 1033 184 127 No
1140 1033 184 127 82
1232 1033 246 127 Malm
1386 1033 215 127 har
1508 1033 369 127 Fredagen
1785 1033 215 127 den
1908 1033 184 127 14
2000 1033 184 127 ds
2092 1033 215 127 kl.
2215 1033 215 127 1/4
2307 1033 92 127 6

507 1141 238 129 e.m.
656 1141 238 129 till
805 1141 298 129 Tredje
1013 1141 595 129 Polisdistriktets
1489 1141 357 129 waktkontor

1880 1157 128 43 in¬-

1920 1135 295 161 fört
2105 1135 258 161 för
2215 1135 185 161 4de

475 1285 291 160 resan
669 1285 291 160 stöld
863 1285 420 160 straffade
1186 1285 291 160 förre
1380 1285 679 160 Kronoarbetskarlen
1961 1285 291 160 Johan
2123 1285 291 160 Alexan¬-

472 1376 232 183 der
604 1376 397 183 Larsson,
902 1376 364 183 hvilken
1167 1376 265 183 kort
1333 1376 298 183 förut
1531 1376 463 183 anträffats
1895 1376 166 183 i
1962 1376 232 183 Nya
2094 1376 298 183 allén
2260 1376 132 183 af

462 1469 322 193 starka
687 1469 354 193 drycker
912 1469 451 193 öfverlastad.

598 1597 414 143 Larsson,
908 1597 379 143 hvilken
1184 1597 241 143 vid
1322 1597 517 143 anhållandet
1735 1597 310 143 bland
1942 1597 310 143 annat
2115 1597 241 143 inne¬-

480 1705 263 186 hade
645 1705 230 186 ett
776 1705 230 186 par
908 1705 230 186 nya
1039 1705 625 186 mollskinnsbyxor
1566 1705 230 186 och
1697 1705 296 186 väst,
1894 1705 362 186 inlagda
2158 1705 164 186 i
2190 1705 132 186 en

465 1806 245 199 röd
605 1806 245 199 och
745 1806 491 199 gulblommig
1131 1806 385 199 näsduk,
1411 1806 350 199 uppgaf
1656 1806 420 199 angående
1937 1806 385 199 åtkomsten

493 1987 274 113 till
664 1987 309 113 dessa
870 1987 480 113 persedlar;
1247 1987 240 113 att
1384 1987 240 113 han
1522 1987 206 113 af
1624 1987 206 113 en
1727 1987 343 113 bekant
1933 1987 446 113 mansperson,

492 2105 229 135 med
623 2105 360 135 hvilken
885 2105 229 135 han
1016 2105 491 135 ifrågakomne
1408 2105 229 135 dag
1539 2105 491 135 sällskapat,
1931 2105 425 135 emottagit
2225 2105 164 135 dem

467 2207 219 162 för
592 2207 219 162 att
686 2207 282 162 förvara

641 2234 377 198 Torparen
923 2234 251 198 Lars
1080 2234 377 198 Svensson
1363 2234 251 198 från
1520 2234 346 198 Rösered
1772 2234 157 198 i
1834 2234 377 198 Angereds
2086 2234 251 198 Socken

466 2393 227 161 har
595 2393 389 161 Lördagen
887 2393 227 161 den
1017 2393 195 161 15
1115 2393 325 161 dennes
1342 2393 357 161 anmält,
1602 2393 227 161 att
1731 2393 584 161 derförutgångne
2186 2393 162 161 dag

461 2482 305 184 under
664 2482 237 184 det
800 2482 237 184 han
936 2482 169 184 i
1003 2482 407 184 sällskap
1308 2482 237 184 med
1444 2482 508 184 ofvannämnde
1851 2482 373 184 Larsson
2088 2482 271 184 besökt

467 2612 418 180 åtskilliga
795 2612 388 180 värdshus,
1094 2612 328 180 berörde
1332 2612 388 180 persedlar
1631 2612 239 180 från
1780 2612 269 180 honom
1929 2612 418 180 tillgripits.

603 2735 357 172 Larsson,
871 2735 149 172 i
931 2735 387 172 anledning
1228 2735 268 172 häraf
1407 2735 446 172 ytterligare
1764 2735 268 172 hörd,
1942 2735 208 172 har
2032 2735 327 172 förklarat

471 2846 221 162 att
598 2846 410 162 Svensson,
913 2846 347 162 hvilken
1165 2846 315 162 jemväl
1386 2846 284 162 varit
1575 2846 189 162 af
1670 2846 315 162 starka
1890 2846 347 162 drycker
2111 2846 284 162 berusad

462 2969 352 162 lemnat
708 2969 317 162 honom
919 2969 176 162 i
990 2969 352 162 förvar
1236 2969 387 162 berörde
1518 2969 493 162 persedlar,
1905 2969 246 162 som
2046 2969 246 162 han
2152 2969 211 162 haft

459 3068 213 159 för
580 3068 304 159 afsigt
793 3068 395 159 sedermera
1097 3068 425 159 återställa
1431 3068 243 159 till
1553 3068 273 159 egaren.

590 3159 220 175 På
700 3159 330 175 grund
921 3159 220 175 af
1031 3159 294 175 hvad
1214 3159 404 175 sålunda
1508 3159 514 175 förekommit
1912 3159 367 175 kommer
2132 3159 257 175 Johan

462 3257 451 199 Alexander
809 3257 381 199 Larsson
1087 3257 243 199 att
1225 3257 312 199 denna
1433 3257 243 199 dag
1572 3257 243 199 för
1711 3257 243 199 PKn
1815 3257 416 199 inställas.

98 3416 245 110 No
180 3416 245 110 114.

72 3508 260 134 Alfred
228 3508 234 134 Theodor

37 3612 379 142 Rasmusson

522 3402 615 161 Landtbrukaren
1029 3402 398 161 Salomon
1318 3402 362 161 Alfred
1572 3402 434 161 Hallgren
1897 3402 290 161 från
2042 3402 326 161 Angered

468 3502 502 156 Storegården
869 3502 167 156 i
936 3502 402 156 Angereds
1237 3502 335 156 socken
1471 3502 234 156 har
1605 3502 402 156 Tisdagen
1907 3502 234 156 den
2040 3502 201 156 18
2107 3502 268 156 dennes

460 3609 247 195 här
601 3609 424 195 aflemnat
919 3609 459 195 ynglingen
1272 3609 353 195 Alfred
1519 3609 388 195 Theodor
1801 3609 494 195 Rasmusson,
2154 3609 212 195 född

2561 210 249 210 den
2704 210 178 210 1
2775 210 249 210 Maj
2917 210 285 210 1866
3095 210 249 210 och
3238 210 249 210 son
3380 210 214 210 af
3487 210 320 210 Enkan
3700 210 285 210 Anna
3878 210 356 210 Lovisa
4092 210 427 210 Rasmusson,

2565 378 321 156 boende
2790 378 161 156 å
2854 378 289 156 gamla
3047 378 482 156 hospitalet,
3433 378 289 156 under
3625 378 386 156 uppgift,
3915 378 225 156 att
4043 378 225 156 han
4172 378 161 156 i
4236 378 225 156 dag
4332 378 161 156 an¬-

2580 486 348 136 hållit
2824 486 313 136 honom
3032 486 278 136 inom
3206 486 417 136 Angereds
3519 486 382 136 socken,
3797 486 243 136 för
3936 486 243 136 det
4075 486 243 136 han
4214 486 243 136 den
4318 486 139 136 15

2575 573 287 190 sist.
2766 573 287 190 April
2958 573 191 190 ur
3053 573 191 190 en
3149 573 287 190 olåst
3340 573 287 190 skänk
3531 573 159 190 i
3595 573 414 190 Hallgrens
3913 573 319 190 bostad
4105 573 382 190 tillgripit

2565 705 204 179 30
2667 705 339 179 Kronor
2904 705 170 179 i
2972 705 373 179 Swenska
3244 705 441 179 penningar
3583 705 238 179 och
3719 705 204 179 en
3820 705 475 179 Amerikansk
4194 705 339 179 dollar
4397 705 102 179 i

2581 840 262 185 guld
2745 840 262 185 samt
2908 840 196 185 en
3006 840 491 185 servietring
3399 840 196 185 af
3497 840 360 185 silfver
3759 840 229 185 och
3890 840 229 185 ett
4020 840 360 185 armband
4282 840 196 185 af
4347 840 164 185 me¬-

2586 922 309 183 tall,
2792 922 309 183 värde
2998 922 516 183 tillsammans
3411 922 241 183 Fem
3548 922 378 183 Kronor;
3823 922 241 183 att
3961 922 413 183 Hallgren
4236 922 275 183 straxt

2579 1019 285 246 efter
2769 1019 507 246 tillgreppets
3181 1019 443 246 föröfvande
3529 1019 380 246 anhållit
3814 1019 443 246 Rasmusson,
4163 1019 222 246 som
4258 1019 253 246 dervid

2585 1163 410 213 innehade
2892 1163 205 213 de
2995 1163 478 213 tillgripne
3370 1163 376 213 Svenska
3643 1163 546 213 penningarne,
4087 1163 341 213 hvilka
4292 1163 239 213 Hall¬-

2582 1276 277 210 gren
2756 1276 450 210 fråntagit
3102 1276 346 210 honom,
3344 1276 450 210 hvarefter
3691 1276 242 210 han
3829 1276 312 210 låtit
4037 1276 312 210 honom
4245 1276 208 210 gå
4314 1276 208 210 samt

2578 1418 230 189 att
2709 1418 197 189 då
2808 1418 230 189 han
2939 1418 393 189 derefter
3234 1418 328 189 saknat
3464 1418 525 189 gulddollarn,
3890 1418 557 189 servietringen
4316 1418 164 189 och

2586 1525 493 217 armbandet,
2973 1525 247 217 han
3114 1525 282 217 ånyo
3290 1525 458 217 eftersökt
3643 1525 458 217 Rasmusson
3995 1525 247 217 och
4136 1525 176 217 i
4206 1525 247 217 dag
4312 1525 176 217 på¬-

2580 1713 420 163 träffat
2847 1713 305 163 honom.

2787 1716 237 190 Wid
2923 1716 237 190 det
3058 1716 237 190 med
3194 1716 441 190 Rasmusson
3533 1716 170 190 i
3601 1716 441 190 anledning
3940 1716 305 190 häraf
4110 1716 373 190 anställde

2589 1883 317 206 förhör
2811 1883 222 206 har
2938 1883 222 206 han
3065 1883 380 206 vidgått,
3350 1883 222 206 att
3477 1883 254 206 han,
3635 1883 222 206 som
3762 1883 159 206 i
3826 1883 317 206 början
4048 1883 190 206 af
4143 1883 285 206 detta
4301 1883 127 206 år

2590 1960 250 261 rymt
2746 1960 250 261 från
2902 1960 1094 261 Fattigförsörjningsinrättningen,
3902 1960 219 261 der
4027 1960 219 261 han
4152 1960 281 261 varit
4309 1960 156 261 in¬-

2573 2095 334 235 tagen,
2806 2095 467 235 tillgripit
3173 2095 501 235 ifrågakomne
3574 2095 434 235 penningar
3908 2095 234 235 och
4041 2095 334 235 saker,
4241 2095 234 235 hvar¬-

2579 2233 191 262 af
2675 2233 381 262 Hallgren
2961 2233 413 262 återtagit
3278 2233 191 262 de
3374 2233 445 262 tillgripne
3723 2233 191 262 30
3819 2233 350 262 Kronor,
4073 2233 254 262 samt
4232 2233 222 262 att
4327 2233 159 262 han

2586 2372 226 187 för
2715 2372 194 187 25
2812 2372 226 187 öre
2941 2372 258 187 sålt
3102 2372 549 187 servietringen
3555 2372 226 187 och
3684 2372 355 187 dollarn
3942 2372 161 187 i
4007 2372 226 187 ett
4136 2372 258 187 torp
4265 2372 194 187 inom

2589 2478 395 202 Angereds
2885 2478 329 202 socken
3116 2478 230 202 och
3248 2478 428 202 armbandet
3577 2478 230 202 för
3709 2478 198 202 25
3807 2478 230 202 öre
3939 2478 165 202 i
4005 2478 230 202 ett
4137 2478 263 202 torp
4268 2478 165 202 vid

2521 2674 373 97 Surte.

2702 2668 372 224 Hallgren
2981 2668 217 224 har
3105 2668 372 224 upplyst,
3384 2668 217 224 att
3508 2668 217 224 han
3631 2668 372 224 återfått
3910 2668 527 224 servietringen
4313 2668 155 224 och

2577 2799 545 228 gulddollarn
3013 2799 218 228 af
3122 2799 254 228 den
3267 2799 400 228 person,
3558 2799 254 228 som
3704 2799 291 228 köpt
3849 2799 218 228 dem.

2734 2916 379 205 Rasmusson
3025 2916 175 205 är
3113 2916 350 205 återförd
3375 2916 233 205 till
3520 2916 320 205 stadens
3724 2916 787 205 Fattigförsörjningsinrätt¬-

2549 3088 248 89 ning.

2982 3029 470 192 Göteborg
3334 3029 274 192 den
3491 3029 235 192 18
3608 3029 274 192 Maj
3726 3029 274 192 1880.

4438 3085 273 138 No
4530 3085 273 138 115.

4437 3201 226 181 Thure
4562 3201 301 181 Petersson.

2644 3128 316 185 Efter
2854 3128 386 185 anmälan
3135 3128 210 185 af
3240 3128 666 185 Handelsbiträdet
3801 3128 210 185 A.
3906 3128 491 185 Lindqvist,
4257 3128 175 185 an¬-

2563 3240 335 197 ställd
2798 3240 235 197 hos
2932 3240 637 197 Bazarhandlanden
3469 3240 201 197 C.
3569 3240 402 197 Engström
3871 3240 235 197 och
4005 3240 335 197 boende
4240 3240 168 197 i
4273 3240 168 197 hu¬-

2567 3375 230 197 set
2699 3375 197 197 No
2797 3375 230 197 101
2929 3375 263 197 Litt
3093 3375 197 197 L.
3192 3375 197 197 L.
3290 3375 164 197 å
3356 3375 460 197 Hagaheden,
3718 3375 230 197 har
3849 3375 625 197 Poliskonstapeln
4342 3375 132 197 No

2584 3487 186 148 57
2677 3487 340 148 Jonsson
2924 3487 371 148 Tisdagen
3203 3487 217 148 den
3326 3487 186 148 18
3419 3487 309 148 dennes
3636 3487 217 148 kl.
3759 3487 186 148 12
3852 3487 186 148 p.
3945 3487 186 148 d.
4038 3487 371 148 anhållit
4285 3487 155 148 för

2558 3612 336 191 fjerde
2793 3612 302 191 resan
2995 3612 302 191 stöld
3196 3612 436 191 straffade
3532 3612 201 191 fe
3633 3612 739 191 Skomakeriarbetaren
4237 3612 235 191 Thure

2575 3722 470 181 Petersson,
2945 3722 235 181 för
3079 3722 235 181 det
3214 3722 235 181 han
3348 3722 269 181 kort
3516 3722 302 181 förut
3718 3722 269 181 från
3886 3722 202 181 en
3987 3722 168 181 å
4020 3722 437 181 Kungstorget
