5044 4085
543 180 188 188 på
637 180 377 188 aftonen,
919 180 220 188 kl.
1045 180 345 188 omkring
1296 180 220 188 11,
1421 180 251 188 samt
1578 180 345 188 ruskigt
1829 180 314 188 väder,
2049 180 377 188 Carlsson
2300 180 188 188 till

536 344 179 203 en
626 344 299 203 början
835 344 269 203 varit
1014 344 388 203 motvillig
1313 344 209 203 att
1432 344 239 203 göra
1582 344 269 203 Ljung
1761 344 388 203 sällskap,
2060 344 209 203 men
2149 344 329 203 slutligen

512 480 311 154 gifvit
730 480 280 154 efter
917 480 218 154 för
1041 480 311 154 hennes
1259 480 311 154 önskan
1477 480 218 154 och
1602 480 374 154 medföljt
1882 480 280 154 henne
2069 480 249 154 till
2194 480 280 154 Sandvi¬-

516 577 238 166 ken;
665 577 208 166 att
784 577 268 166 sedan
963 577 298 166 Ljung,
1171 577 208 166 der
1290 577 298 166 beredt
1499 577 208 166 dem
1618 577 387 166 tillträde
1915 577 238 166 till
2064 577 208 166 ett
2183 577 238 166 rum,
2302 577 149 166 som

518 708 223 176 hon
646 708 414 176 uppgifvit
964 708 255 176 vara
1123 708 318 176 bebodt
1346 708 191 176 af
1442 708 191 176 en
1537 708 414 176 dalqvinna
1856 708 223 176 och
1983 708 191 176 de
2079 708 223 176 der
2174 708 255 176 suttet

518 814 233 181 ner
651 814 200 181 en
751 814 333 181 stund,
984 814 200 181 de
1084 814 300 181 genom
1284 814 400 181 fönstret
1585 814 167 181 i
1651 814 333 181 rummet
1885 814 400 181 förmärkt
2185 814 233 181 att
2285 814 133 181 en

517 931 286 201 karl,
708 931 286 201 klädd
898 931 190 201 på
993 931 222 201 det
1120 931 190 201 af
1216 931 413 201 Ljunggren
1533 931 381 201 uppgifna
1819 931 317 201 sättet
2041 931 254 201 och,
2168 931 254 201 enligt

502 1100 252 141 hvad
659 1100 220 141 det
785 1100 441 141 förefallit
1131 1100 409 141 Carlsson,
1446 1100 346 141 bärande
1698 1100 283 141 något
1887 1100 283 141 under
2076 1100 346 141 rocken,
2296 1100 189 141 gått

518 1185 276 179 förbi
702 1185 368 179 fönstret
978 1185 245 179 till
1131 1185 214 179 det
1253 1185 245 179 rum,
1407 1185 214 179 der
1529 1185 184 179 de
1621 1185 368 179 befunnit
1897 1185 245 179 sig;
2050 1185 214 179 att
2172 1185 184 179 då
2234 1185 214 179 Ljung

510 1322 378 127 upplyst,
793 1322 220 127 att
919 1322 315 127 karlen
1139 1322 252 127 vore
1297 1322 346 127 Nissen,
1548 1322 409 127 Carlsson,
1863 1322 220 127 som
1989 1322 189 127 då
2084 1322 252 127 icke
2210 1322 220 127 kände

512 1432 318 163 denne,
735 1432 223 163 med
862 1432 413 163 anledning
1180 1432 191 163 af
1275 1432 254 163 hans
1434 1432 509 163 besynnerliga
1848 1432 286 163 drägt
2038 1432 318 163 yttrat
2229 1432 191 163 till

511 1551 285 146 Ljung:
711 1551 285 146 "Skall
911 1551 200 146 den
1025 1551 200 146 der
1139 1551 285 146 kallas
1339 1551 542 146 Grosshandlare";
1796 1551 200 146 att
1910 1551 257 146 efter
2081 1551 257 146 någon
2224 1551 228 146 stund,

500 1647 179 185 då
590 1647 357 185 Carlsson
858 1647 447 185 händelsevis
1215 1647 238 185 åter
1364 1647 238 185 sett
1513 1647 179 185 ut
1602 1647 268 185 genom
1781 1647 387 185 fönstret,
2079 1647 208 185 hon
2168 1647 268 185 iaktta¬-

499 1750 233 204 git,
645 1750 204 204 att
761 1750 321 204 bemälde
995 1750 263 204 karl,
1170 1750 263 204 efter
1345 1750 204 204 att
1461 1750 263 204 hafva
1636 1750 233 204 gått
1782 1750 233 204 fram
1928 1750 233 204 till
2074 1750 204 204 ett
2161 1750 263 204 fönster

508 1886 164 181 i
574 1886 690 181 fabriksbyggnaden,
1166 1886 230 181 med
1297 1886 329 181 handen
1527 1886 395 181 utslagit
1823 1886 197 181 en
1922 1886 263 181 ruta
2086 1886 164 181 i
2119 1886 296 181 detsam¬-

506 1995 218 191 ma;
630 1995 218 191 att
755 1995 373 191 Carlsson
1034 1995 218 191 och
1159 1995 280 191 Ljung
1345 1995 155 191 i
1407 1995 404 191 anledning
1718 1995 280 191 deraf
1905 1995 373 191 begifvit
2184 1995 218 191 sig
2278 1995 155 191 ut¬-

486 2112 207 162 på
590 2112 414 162 verandan
901 2112 380 162 utanför
1177 2112 380 162 rummet,
1453 2112 345 162 dervid
1694 2112 414 162 Carlsson
2005 2112 276 162 sett
2143 2112 276 162 karlen

489 2233 220 126 slå
614 2233 188 126 ut
708 2233 471 126 ytterligare
1085 2233 188 126 en
1179 2233 251 126 ruta
1336 2233 157 126 i
1399 2233 220 126 ett
1524 2233 282 126 annat
1712 2233 377 126 fönster,
1995 2233 220 126 som
2089 2233 345 126 befunnits

492 2340 309 181 invid
698 2340 240 181 det
835 2340 549 181 förstnämnda,
1281 2340 446 181 samtidigt
1624 2340 378 181 hvarmed
1899 2340 412 181 Carlsson
2174 2340 240 181 genom

486 2467 403 172 fönstren
789 2467 269 172 sett
957 2467 302 172 elden
1158 2467 269 172 vara
1326 2467 235 172 lös
1461 2467 202 172 på
1561 2467 302 172 nedre
1763 2467 336 172 botten
1998 2467 168 172 i
2032 2467 369 172 Fabriken;

493 2598 233 186 att
626 2598 200 186 då
726 2598 333 186 karlen
958 2598 399 186 derefter
1258 2598 432 186 aflägsnat
1591 2598 266 186 sig,
1757 2598 299 186 Ljung
1957 2598 233 186 och
2056 2598 333 186 Carlsson

473 2701 376 198 skyndat
746 2701 307 198 efter
951 2701 341 198 honom,
1190 2701 410 198 hvarvid,
1497 2701 273 198 enär
1668 2701 410 198 Carlsson
1975 2701 410 198 befunnit
2248 2701 171 198 sig

480 2852 309 194 något
685 2852 309 194 efter
891 2852 343 194 Ljung,
1131 2852 240 194 hon
1268 2852 274 194 icke
1440 2852 206 194 af
1543 2852 343 194 dennas
1783 2852 343 194 samtal
2023 2852 240 194 med
2125 2852 309 194 karlen,

477 2966 405 177 hvilken
772 2966 442 177 Carlsson
1104 2966 221 177 då
1214 2966 221 177 på
1325 2966 405 177 närmare
1620 2966 295 177 håll
1804 2966 516 177 betraktat,
2173 2966 221 177 hört

482 3109 397 159 vidare,
770 3109 216 159 än
879 3109 252 159 att
1023 3109 252 159 han
1167 3109 288 159 dels
1347 3109 288 159 bedt
1528 3109 252 159 dem
1672 3109 288 159 tiga
1852 3109 252 159 med
1996 3109 252 159 att
2141 3109 252 159 han
2249 3109 180 159 va¬-

485 3221 241 212 rit
622 3221 344 212 synlig
863 3221 241 212 och
1000 3221 275 212 dels
1172 3221 344 212 lofvat
1413 3221 241 212 att
1551 3221 344 212 derför
1791 3221 344 212 esätta
2032 3221 275 212 dem,
2170 3221 206 212 utan

471 3342 259 214 att
619 3342 444 214 Carlsson
952 3342 296 214 hört
1136 3342 333 214 honom
1358 3342 333 214 nämna
1580 3342 333 214 något
1802 3342 333 214 visst
1986 3342 407 214 penninge¬-

471 3477 364 201 belopp;
736 3477 232 201 att
868 3477 331 201 karlen
1100 3477 397 201 derefter
1398 3477 430 201 aflägsnat
1729 3477 232 201 sig
1861 3477 232 201 och
1994 3477 265 201 icke
2159 3477 199 201 på
2225 3477 166 201 om¬-

462 3641 325 179 kring
678 3641 216 179 en
786 3641 325 179 timma
1003 3641 433 179 derefter
1327 3641 325 179 varit
1544 3641 397 179 synlig;
1832 3641 288 179 samt
2012 3641 252 179 att
2157 3641 252 179 han
2265 3641 144 179 då

2649 236 470 209 förefallit
3019 236 403 209 Carlsson
3321 236 269 209 lugn
3489 236 235 209 och
3623 236 269 209 icke
3791 236 403 209 vidtagit
4093 236 302 209 några
4261 236 302 209 allvar¬-

2643 352 343 244 ligare
2883 352 480 244 bemödanden
3259 352 240 244 för
3396 352 343 244 eldens
3636 352 480 244 släckande;
4013 352 445 244 hvarjemte
4321 352 274 244 Carls¬-

2655 497 244 209 son
2795 497 523 209 förklarade,
3213 497 244 209 att
3352 497 244 209 hon
3492 497 244 209 med
3631 497 488 209 bestämdhet
4015 497 174 209 i
4085 497 349 209 Nissen
4294 497 244 209 igen¬-

2627 629 354 182 kände
2862 629 275 182 den
3020 629 550 182 omförmälde
3412 629 354 182 karlen.

2840 727 326 225 Nissen
3068 727 391 225 härefter
3362 727 489 225 ytterligare
3752 727 293 225 hörd,
3948 727 228 225 har
4078 727 293 225 under
4241 727 293 225 bestri¬-

2645 838 293 240 dande
2841 838 195 240 af
2938 838 326 240 Ljungs
3166 838 228 240 och
3296 838 423 240 Carlssons
3622 838 488 240 berättelser
4013 838 488 240 fortfarande
4371 838 195 240 för¬-

2639 997 334 161 nekat
2861 997 260 161 all
3010 997 408 161 vetskap
3306 997 222 161 om
3418 997 519 161 uppkomsten
3825 997 222 161 af
3937 997 260 161 den
4048 997 519 161 ifrågavaran¬-

2627 1154 234 121 de
2705 1154 390 121 branden.

2790 1181 217 191 På
2898 1181 326 191 grund
3116 1181 217 191 af
3224 1181 290 191 hvad
3405 1181 398 191 sålunda
3695 1181 543 191 förekommit,
4130 1181 362 191 kommer
4347 1181 217 191 Car¬-

2629 1282 277 249 sten
2802 1282 380 249 Andreas
3079 1282 346 249 Nissen
3321 1282 242 249 att
3459 1282 311 249 denna
3667 1282 242 249 dag
3805 1282 242 249 för
3943 1282 380 249 PolisKn
4185 1282 415 249 inställas.

3220 1436 406 177 Göteborg
3525 1436 237 177 den
3660 1436 203 177 21
3762 1436 372 177 Augusti
3999 1436 237 177 1880.

4531 1499 261 140 No
4619 1499 261 140 180.

4544 1618 273 119 Lars
4680 1618 273 119 August

4529 1744 278 126 Andersson
4721 1744 236 126 Skattberg

2776 1502 511 209 Maskinisten
3185 1502 273 209 Carl
3355 1502 443 209 Carlsson,
3696 1502 341 209 boende
3935 1502 170 209 i
4003 1502 307 209 huset
4207 1502 204 209 No
4310 1502 170 209 9
4344 1502 170 209 vid

2671 1670 447 228 Götgatan,
3015 1670 241 228 har
3152 1670 413 228 Måndagen
3462 1670 241 228 den
3600 1670 206 228 23
3703 1670 344 228 dennes
3944 1670 379 228 anmält,
4219 1670 241 228 att
4323 1670 206 228 vid¬-

2645 1779 281 255 något
2832 1779 406 255 tillfälle
3145 1779 281 255 under
3333 1779 532 255 sistförflutna
3770 1779 313 255 veckan
3989 1779 156 255 i
4052 1779 219 255 ett
4177 1779 281 255 olåst
4333 1779 219 255 kläd¬-

2658 1895 249 227 skåp
2814 1895 156 227 i
2876 1895 405 227 bostaden,
3188 1895 249 227 från
3343 1895 280 227 honom
3530 1895 467 227 tillgripits
3904 1895 187 227 en
3998 1895 405 227 stortröja
4310 1895 187 227 af
4372 1895 218 227 mörk¬-

2643 2031 285 219 blått
2833 2031 443 219 smårandigt
3181 2031 411 219 korderoj,
3497 2031 253 219 värd
3656 2031 190 219 20
3751 2031 348 219 Kronor,
4004 2031 221 219 ett
4130 2031 221 219 par
4257 2031 285 219 byxor
4415 2031 158 219 och

2641 2178 200 211 en
2741 2178 266 211 väst
2907 2178 200 211 af
3007 2178 300 211 grått
3207 2178 366 211 randigt
3473 2178 466 211 smårandigt
3839 2178 399 211 ylletyg,
4105 2178 433 211 tillsammans

2633 2297 289 213 värdt
2826 2297 193 213 14
2922 2297 321 213 Kronor
3147 2297 225 213 och
3275 2297 225 213 ett
3404 2297 225 213 par
3532 2297 514 213 resårpjexor,
3950 2297 289 213 värda
4143 2297 225 213 Tio
4239 2297 289 213 Kronor.

2780 2397 310 208 Sedan
2986 2397 827 208 Detektivkonstaplarne
3710 2397 207 208 J.
3814 2397 414 208 Rönnbäck
4124 2397 241 208 och
4262 2397 207 208 C.
4331 2397 241 208 Hell¬-

2614 2546 309 246 ström
2819 2546 480 246 återfunnit
3197 2546 411 246 samtlige
3505 2546 720 246 klädespersedlarne
4123 2546 240 246 hos
4225 2546 309 246 Pantlå¬-

2661 2649 297 243 naren
2859 2649 198 243 C.
2958 2649 198 243 H.
3057 2649 264 243 Berg
3221 2649 165 243 i
3287 2649 297 243 huset
3485 2649 198 243 No
3584 2649 198 243 57
3683 2649 231 243 vid
3815 2649 462 243 Sillgatan;
4177 2649 231 243 der
4276 2649 297 243 desamme

2633 2820 481 188 pantsatts,
3011 2820 344 188 västen
3252 2820 241 188 den
3389 2820 206 188 16
3492 2820 344 188 dennes
3733 2820 241 188 för
3871 2820 206 188 En
3974 2820 344 188 Krona,
4180 2820 344 188 pjexorna

2648 2899 229 226 den
2779 2899 196 226 19
2877 2899 327 226 dennes
3106 2899 229 226 för
3236 2899 163 226 5
3301 2899 359 226 Kronor,
3563 2899 359 226 byxorna
3824 2899 229 226 den
3955 2899 196 226 20
4053 2899 196 226 ds
4150 2899 229 226 för
4281 2899 163 226 4
4314 2899 261 226 Kronor

2643 3033 245 196 och
2783 3033 350 196 tröjan
3028 3033 245 196 den
3168 3033 210 196 21
3273 3033 350 196 dennes
3518 3033 245 196 för
3659 3033 245 196 Sex
3799 3033 385 196 Kronor,
4079 3033 210 196 så
4184 3033 315 196 hafva
4359 3033 175 196 be¬-

2637 3186 312 150 mälde
2845 3186 485 150 konstaplar
3227 3186 243 150 den
3365 3186 208 150 24
3469 3186 347 150 dennes
3712 3186 243 150 för
3851 3186 312 150 detta
4059 3186 451 150 tillgrepp
4371 3186 173 150 an¬-

2610 3291 342 217 hållit
2849 3291 239 217 för
2986 3291 342 217 tredje
3225 3291 307 217 resan
3430 3291 307 217 stöld
3635 3291 444 217 straffade
3976 3291 273 217 Lars
4147 3291 342 217 August
4352 3291 171 217 An¬-

2652 3408 375 237 dersson
2925 3408 477 237 Skattberg,
3299 3408 375 237 hvilken
3572 3408 239 237 vid
3708 3408 239 237 det
3845 3408 239 237 med
3981 3408 307 237 honom
4151 3408 375 237 anställda

2653 3561 322 162 förhör
2878 3561 386 162 vidgått,
3168 3561 225 162 att
3297 3561 258 162 han,
3458 3561 225 162 som
3586 3561 290 162 någon
3779 3561 225 162 tid
3908 3561 258 162 bott
4069 3561 161 162 i
4134 3561 290 162 samma
4294 3561 258 162 lägen¬-

2638 3697 270 183 het,
2807 3697 236 183 som
2942 3697 473 183 Målsegaren
3313 3697 169 183 å
3381 3697 203 183 de
3482 3697 338 183 dagar,
3718 3697 203 183 då
3820 3697 574 183 ifrågavarande
4258 3697 304 183 klädes¬
