4961 4066
672 227 611 148 Bemälde
1117 227 722 148 Skepparen
1672 227 611 148 Olsson,
2061 227 389 148 hvil¬-

494 372 364 154 ken
702 372 520 154 afrest
1066 372 416 154 från
1326 372 520 154 staden
1690 372 364 154 har
1898 372 416 154 icke
2106 372 312 154 kun¬-

546 434 409 173 nat
779 434 759 173 anträffas
1363 434 409 173 och
1538 434 467 173 höras.

614 512 353 207 På
791 512 529 207 grund
1143 512 353 207 af
1319 512 470 207 hvad
1613 512 646 207 sålunda
2025 512 411 207 före¬-

478 635 726 146 kommit,
1006 635 396 146 är
1204 635 1055 146 Arbetskarlen
1995 635 462 146 Johan

486 713 468 183 Aron
779 713 819 183 Gustafsson
1423 713 585 183 kallad
1832 713 468 183 till
2066 713 293 183 in¬-

480 828 610 154 ställelse
949 828 422 154 inför
1231 828 329 154 Pkn
1419 828 422 154 denna
1653 828 235 154 dag

540 916 384 149 Gbg
760 916 384 149 den
979 916 329 149 20
1144 916 384 149 Maj
1309 916 384 149 1880.

121 1065 240 100 No
201 1065 240 100 118.

103 1185 237 138 Frans
234 1185 264 138 Bernhard

86 1293 317 128 Henriksson.

587 992 279 205 Sedan
773 992 650 205 Besättningskarlen
1330 992 186 205 E.
1423 992 186 205 J.
1516 992 433 205 Kjellberg,
1856 992 371 205 anställd
2134 992 309 205 ombord
2320 992 93 205 å

511 1101 335 184 jakten
745 1101 335 184 Triton
979 1101 268 184 från
1147 1101 368 184 Malmön,
1415 1101 201 184 nu
1515 1101 402 184 liggande
1816 1101 167 184 i
1883 1101 502 184 Hamnkanalen
2252 1101 167 184 vid

483 1232 372 189 Franska
754 1232 339 189 tomten
991 1232 406 189 onsdagen
1296 1232 237 189 den
1431 1232 203 189 19
1533 1232 339 189 dennes
1770 1232 372 189 anmält,
2040 1232 237 189 att
2142 1232 237 189 samma

489 1349 223 219 dag
617 1349 191 219 på
712 1349 382 219 morgonen
999 1349 318 219 ombord
1222 1349 159 219 å
1285 1349 478 219 ofvannämnde
1668 1349 287 219 jakt,
1859 1349 255 219 från
2018 1349 287 219 honom
2177 1349 223 219 till¬-

487 1462 346 227 gripits
738 1462 220 227 två
864 1462 346 227 stycken
1116 1462 283 227 omaka
1305 1462 504 227 resårpjexor,
1714 1462 283 227 värde
1903 1462 157 227 6
1966 1462 346 227 Kronor,
2187 1462 220 227 hafva

483 1592 737 195 detektivkonstaplarne
1128 1592 307 195 Andrén
1343 1592 215 195 och
1466 1592 430 195 Söderqvist
1804 1592 276 195 samma
1988 1592 215 195 dag
2111 1592 215 195 för
2203 1592 215 195 detta

497 1712 380 194 tillgrepp
789 1712 350 194 anhållit
1052 1712 204 194 för
1168 1712 263 194 andra
1344 1712 263 194 resan
1519 1712 350 194 snatteri
1782 1712 380 194 straffade
2074 1712 263 194 förre
2220 1712 175 194 Kro¬-

493 1813 614 201 noarbetskarlarne
1015 1813 276 201 Frans
1200 1813 368 201 Bernhard
1476 1813 430 201 Henriksson
1814 1813 215 201 och
1936 1813 276 201 Frans
2121 1813 276 201 Oskar
2274 1813 123 201 E¬-

483 1909 321 229 manuel
708 1909 450 229 Gustafsson
1061 1909 289 229 Lätt,
1254 1909 257 229 båda
1414 1909 257 229 utan
1575 1909 353 229 bestämd
1832 1909 353 229 bostad,
2089 1909 193 229 af
2153 1909 257 229 hvilka

488 2034 431 237 Henriksson
827 2034 216 237 vid
950 2034 462 237 anhållandet
1320 2034 216 237 var
1443 2034 308 237 iklädd
1659 2034 185 237 de
1751 2034 246 237 från
1905 2034 400 237 Kjellberg
2182 2034 216 237 till¬-

493 2225 335 147 gripne
694 2225 369 147 pjexorne.

639 2255 229 172 Wid
770 2255 229 172 det
901 2255 229 172 med
1033 2255 459 172 Henriksson
1393 2255 229 172 och
1524 2255 262 172 Lätt
1688 2255 164 172 i
1754 2255 426 172 anledning
2081 2255 295 172 häraf
2245 2255 164 172 an¬-

470 2387 339 173 ställde
717 2387 308 173 förhör
933 2387 277 173 hafva
1117 2387 185 173 de
1179 2387 370 173 uppgifvit:

482 2466 178 204 1o
571 2466 445 204 Henriksson:
927 2466 208 204 att
1046 2466 208 204 han
1164 2466 148 204 i
1224 2466 356 204 sällskap
1491 2466 208 204 med
1609 2466 267 204 Lätt,
1787 2466 148 204 i
1847 2466 297 204 afsigt
2054 2466 208 204 att
2143 2466 267 204 stjäla,

497 2583 271 195 gått
666 2583 339 195 ombord
903 2583 169 195 å
971 2583 508 195 ofvannämnde
1377 2583 305 195 jakt,
1580 2583 305 195 hvarå
1784 2583 508 195 Henriksson,
2156 2583 237 195 under

499 2723 222 143 det
626 2723 254 143 Lätt
785 2723 381 143 samtalat
1070 2723 222 143 med
1197 2723 476 143 målsegaren,
1578 2723 444 143 tillgripit
1927 2723 412 143 pjexorna,
2213 2723 190 143 samt

494 2813 205 196 att
611 2813 176 196 då
699 2813 176 196 de
787 2813 352 196 begifvit
1051 2813 205 196 sig
1169 2813 382 196 derifrån,
1462 2813 411 196 Henriksson
1785 2813 264 196 visat
1961 2813 235 196 Lätt
2079 2813 293 196 pjexorna

467 2937 231 151 och
599 2937 395 151 omtalat,
895 2937 231 151 att
1027 2937 231 151 han
1159 2937 461 151 tillgripit
1488 2937 198 151 dem.

488 3035 184 173 2o
580 3035 276 173 Lätt:
765 3035 215 173 att
888 3035 215 173 han
1010 3035 461 173 visserligen
1379 3035 154 173 i
1441 3035 369 173 sällskap
1717 3035 215 173 med
1840 3035 430 173 Henriksson
2147 3035 215 173 varit

491 3140 344 200 ombord
731 3140 172 200 å
800 3140 378 200 jakten,
1075 3140 240 200 men
1212 3140 240 200 att
1349 3140 240 200 han
1487 3140 206 200 ej
1590 3140 275 200 eger
1762 3140 309 200 någon
1968 3140 412 200 kännedom
2243 3140 137 200 om

476 3300 545 184 ifrågakomne
876 3300 436 184 tillgrepp.

624 3360 394 227 Pjexorna
919 3360 295 227 hafva
1116 3360 361 227 blifvit
1379 3360 262 227 till
1543 3360 459 227 Målsegaren
1871 3360 459 227 återlemnade.

623 3471 213 237 På
729 3471 319 237 grund
941 3471 213 237 af
1048 3471 283 237 hvad
1225 3471 390 237 sålunda
1508 3471 531 237 förekommit,
1933 3471 319 237 komma
2110 3471 248 237 Frans

491 3603 377 186 Bernhard
773 3603 439 186 Henriksson
1118 3603 220 186 och
1244 3603 283 186 Frans
1432 3603 283 186 Oskar
1621 3603 345 186 Emanuel
1872 3603 439 186 Gustafsson
2186 3603 188 186 Lätt

479 3695 228 205 att
610 3695 294 205 denna
806 3695 228 205 dag
936 3695 228 205 för
1067 3695 228 205 PKn
1197 3695 457 205 inställas.
1556 3695 391 205 Göteborg
1849 3695 228 205 den
1980 3695 196 205 20
2078 3695 228 205 Maj
2176 3695 228 205 1880.

4506 196 237 112 No
4586 196 237 112 119.

4505 282 262 168 Johan
4650 282 233 168 Edvard

4486 404 334 140 Johansson
4718 404 206 140 Wester

2585 290 793 144 Arbetskarlen
3230 290 297 144 C.
3379 290 297 144 J.
3527 290 694 144 Petersson,
4023 290 446 144 boende,

2576 385 250 162 i
2676 385 450 162 huset
2976 385 300 162 No
3125 385 300 162 20
3275 385 350 162 vid
3475 385 699 162 Östergatan
4024 385 350 162 har
4174 385 300 162 Fre¬-

2572 498 473 204 dagen
2888 498 368 204 den
3098 498 315 204 14
3255 498 525 204 dennes
3623 498 525 204 anmält
3991 498 368 204 att
4148 498 368 204 sagde

2589 615 371 203 dag
2801 615 318 203 på
2960 615 265 203 f
3066 615 265 203 m
3172 615 477 203 under
3490 615 371 203 det
3703 615 371 203 han
3915 615 371 203 med
4074 615 424 203 arbete

2588 740 675 162 uppehållit
3118 740 337 162 sig
3311 740 386 162 inom
3552 740 819 162 Bergslagarnes
4179 740 337 162 jern¬-

2590 820 1183 202 vägsstationsområde
3612 820 269 202 å
3719 820 645 202 Hultmans
4149 820 323 202 hol¬-

2593 949 360 178 me,
2798 949 411 178 från
3055 949 463 178 honom
3363 949 668 178 derstädes
3826 949 668 178 tillgripits

2594 1060 310 205 en
2749 1060 621 205 begagnad
3215 1060 672 205 stortröja
3732 1060 310 205 af
3887 1060 362 205 blå
4043 1060 466 205 doffel¬-

2578 1167 354 181 med
2781 1167 455 181 svart
3084 1167 808 181 sammetskrage
3740 1167 455 181 blått
4043 1167 354 181 och
4195 1167 303 181 grå¬-

2587 1288 500 181 aktigt
2937 1288 650 181 yllefoder
3437 1288 400 181 samt
3688 1288 400 181 värd
3938 1288 300 181 10
4038 1288 450 181 kronor.

2733 1400 418 149 Sedan
3011 1400 511 149 berörde
3383 1400 418 149 tröja
3662 1400 697 149 återfunnits
4174 1400 325 149 pant¬-

2576 1474 395 170 satt
2823 1474 444 170 samma
3119 1474 346 170 dag
3316 1474 346 170 för
3514 1474 247 170 1
3613 1474 444 170 krona
3909 1474 296 170 50
4057 1474 346 170 öre
4205 1474 247 170 hos

2597 1591 723 155 Pantlånaren
3175 1591 289 155 V.
3320 1591 434 155 Karth
3609 1591 241 155 i
3706 1591 434 155 huset
3995 1591 289 155 No
4140 1591 241 155 5
4188 1591 241 155 vid

2598 1706 640 162 Wallgatan,
3101 1706 320 162 har
3284 1706 732 162 arbetskarlen
3879 1706 412 162 Adolf
4107 1706 412 162 Peters¬-

2582 1830 383 167 son,
2822 1830 479 167 boende
3157 1830 240 167 i
3253 1830 431 167 huset
3541 1830 288 167 No
3684 1830 288 167 51
3828 1830 335 167 vid
3972 1830 527 167 Annedals¬-

2588 1929 435 168 gatan
2877 1929 241 168 i
2974 1929 869 168 Landalabergen,
3698 1929 724 168 derpåföljde
4230 1929 241 168 dag

2583 2009 604 215 infunnit
3036 2009 352 215 sig
3237 2009 352 215 hos
3438 2009 755 215 Pantlånaren
3992 2009 352 215 Karth

2590 2132 367 188 och
2799 2132 367 188 med
3009 2132 734 188 företeende
3585 2132 314 188 af
3743 2132 734 188 Pantsedeln
4267 2132 157 188 å

2602 2244 511 195 tröjan
2959 2244 511 195 begärt
3317 2244 358 195 att
3521 2244 307 195 få
3675 2244 511 195 utlösa
3981 2244 511 195 densamma

2598 2332 534 162 hvarvid
2987 2332 388 162 dock
3230 2332 437 162 Karth
3521 2332 437 162 efter
3812 2332 340 162 att
4006 2332 437 162 hafva
4249 2332 243 162 un¬-

2595 2406 579 187 derrättat
3041 2406 401 187 honom
3309 2406 312 187 det
3487 2406 446 187 tröjan
3799 2406 357 187 vore
3977 2406 535 187 tillgripen

2601 2497 665 194 qvarhållit
3124 2497 665 194 pantsedeln
3647 2497 333 194 men
3837 2497 475 194 vägrat
4122 2497 380 194 utlem¬-

2583 2640 332 122 na
2693 2640 498 122 tröjan.

2801 2634 435 191 Adolf
3091 2634 628 191 Petersson
3574 2634 242 191 i
3670 2634 628 191 anledning
4105 2634 338 191 häraf

2586 2773 400 125 hörd
2836 2773 350 125 har
3036 2773 701 125 uppgifvit,
3587 2773 350 125 att
3787 2773 350 125 han
3937 2773 501 125 Fredagen

2600 2834 340 158 den
2795 2834 292 158 14
2940 2834 486 158 dennes
3281 2834 534 158 omkring
3669 2834 340 158 kl.
3864 2834 292 158 8.
4009 2834 389 158 e.m.
4204 2834 194 158 på

2592 2901 826 191 Kungstorget
3253 2901 936 191 sammanträffat
4024 2901 385 191 med
4189 2901 275 191 Ar¬-

2600 3007 739 162 betskarlen
3181 3007 475 162 Johan
3497 3007 528 162 Edvard
3814 3007 580 162 Johansson

2595 3112 525 191 Wester
2963 3112 368 191 och
3173 3112 315 191 en
3331 3112 473 191 annan
3646 3112 525 191 person
3961 3112 473 191 hvilken

2594 3223 476 194 Wester
2927 3223 476 194 kallat
3261 3223 428 194 Lars,
3546 3223 333 194 att
3736 3223 476 194 Wester
4069 3223 285 194 då
4165 3223 285 194 till

2609 3362 659 180 Petersson
3116 3362 608 180 utbjudit
3572 3362 760 180 ifrågakomne
4129 3362 355 180 pant¬-

2583 3478 474 167 sedel
2899 3478 368 167 för
3110 3478 263 167 1
3215 3478 474 167 krona
3531 3478 368 167 med
3689 3478 789 167 tillkännagif¬-

2589 3551 539 163 vande,
2966 3551 377 163 att
3182 3551 647 163 densamma
3667 3551 701 163 tillhörde
4153 3551 323 163 Lars

2601 3689 332 185 och
2790 3689 427 185 lydde
3075 3689 237 185 å
3170 3689 285 185 en
3312 3689 664 185 stortröja,
3834 3689 332 185 som
4024 3689 379 185 vore
4213 3689 285 185 värd
