<?xml version="1.0" encoding="UTF-8"?>
<alto xmlns:xsi="http://www.w3.org/2001/XMLSchema-instance"
      xmlns="http://www.loc.gov/standards/alto/ns-v4#"
      xmlns:page="http://schema.primaresearch.org/PAGE/gts/pagecontent/2013-07-15"
      xsi:schemaLocation="http://www.loc.gov/standards/alto/ns-v4# https://www.loc.gov/standards/alto/v4/alto.xsd">
   <Description>
      <MeasurementUnit>pixel</MeasurementUnit>
      <OCRProcessing ID="IdOcr">
         <ocrProcessingStep>
            <processingDateTime>2022-11-18T16:10:01.528+01:00</processingDateTime>
            <processingSoftware>
               <softwareCreator>READ COOP</softwareCreator>
               <softwareName>Transkribus</softwareName>
            </processingSoftware>
         </ocrProcessingStep>
      </OCRProcessing>
   </Description>
   <Tags/>
   <Layout>
      <Page ID="Page1" PHYSICAL_IMG_NR="1" HEIGHT="4088" WIDTH="5069">
         <TopMargin HEIGHT="0" WIDTH="5069" VPOS="0" HPOS="0"/>
         <LeftMargin HEIGHT="4088" WIDTH="0" VPOS="0" HPOS="0"/>
         <RightMargin HEIGHT="4088" WIDTH="0" VPOS="0" HPOS="5069"/>
         <BottomMargin HEIGHT="0" WIDTH="5069" VPOS="4088" HPOS="0"/>
         <PrintSpace HEIGHT="4088" WIDTH="5069" VPOS="0" HPOS="0">
            <TextBlock ID="TextRegion_1584874345572_1584"
                       HEIGHT="1020"
                       WIDTH="1824"
                       VPOS="248"
                       HPOS="570">
               <Shape>
                  <Polygon POINTS="570,248 2394,248 2394,1268 570,1268"/>
               </Shape>
               <TextLine ID="r2l1"
                         BASELINE="628,298 716,300 804,300 892,302 981,304 1069,308 1157,310 1246,313 1334,316 1422,320 1511,323 1599,326 1687,330 1775,333 1864,336 1952,339 2040,342 2129,344 2217,346 2305,346 2394,348"
                         HEIGHT="171"
                         WIDTH="1792"
                         VPOS="239"
                         HPOS="615">
                  <String HEIGHT="171"
                          WIDTH="281"
                          VPOS="239"
                          HPOS="580"
                          CONTENT="till"/>
                  <SP HEIGHT="171" WIDTH="35" VPOS="239" HPOS="861"/>
                  <String HEIGHT="171"
                          WIDTH="281"
                          VPOS="239"
                          HPOS="756"
                          CONTENT="sitt"/>
                  <SP HEIGHT="171" WIDTH="35" VPOS="239" HPOS="1037"/>
                  <String HEIGHT="171"
                          WIDTH="457"
                          VPOS="239"
                          HPOS="931"
                          CONTENT="uppehälle"/>
                  <SP HEIGHT="171" WIDTH="35" VPOS="239" HPOS="1388"/>
                  <String HEIGHT="171" WIDTH="176" VPOS="239" HPOS="1283" CONTENT="i"/>
                  <SP HEIGHT="171" WIDTH="35" VPOS="239" HPOS="1458"/>
                  <String HEIGHT="171"
                          WIDTH="351"
                          VPOS="239"
                          HPOS="1353"
                          CONTENT="afsigt"/>
                  <SP HEIGHT="171" WIDTH="35" VPOS="239" HPOS="1704"/>
                  <String HEIGHT="171"
                          WIDTH="246"
                          VPOS="239"
                          HPOS="1599"
                          CONTENT="att"/>
                  <SP HEIGHT="171" WIDTH="35" VPOS="239" HPOS="1845"/>
                  <String HEIGHT="171"
                          WIDTH="316"
                          VPOS="239"
                          HPOS="1739"
                          CONTENT="varda"/>
                  <SP HEIGHT="171" WIDTH="35" VPOS="239" HPOS="2056"/>
                  <String HEIGHT="171"
                          WIDTH="422"
                          VPOS="239"
                          HPOS="1950"
                          CONTENT="straffad"/>
                  <SP HEIGHT="171" WIDTH="35" VPOS="239" HPOS="2372"/>
                  <String HEIGHT="171"
                          WIDTH="176"
                          VPOS="239"
                          HPOS="2231"
                          CONTENT="och"/>
               </TextLine>
               <TextLine ID="r2l2"
                         BASELINE="626,432 713,432 801,432 889,432 977,435 1065,437 1153,440 1241,443 1329,446 1417,450 1505,453 1592,457 1680,460 1768,464 1856,466 1944,468 2032,470 2120,472 2208,472 2296,472 2384,472"
                         HEIGHT="166"
                         WIDTH="1783"
                         VPOS="355"
                         HPOS="613">
                  <String HEIGHT="166"
                          WIDTH="483"
                          VPOS="355"
                          HPOS="576"
                          CONTENT="derigenom"/>
                  <SP HEIGHT="166" WIDTH="37" VPOS="355" HPOS="1059"/>
                  <String HEIGHT="166"
                          WIDTH="371"
                          VPOS="355"
                          HPOS="947"
                          CONTENT="skaffa"/>
                  <SP HEIGHT="166" WIDTH="37" VPOS="355" HPOS="1319"/>
                  <String HEIGHT="166"
                          WIDTH="260"
                          VPOS="355"
                          HPOS="1207"
                          CONTENT="sig"/>
                  <SP HEIGHT="166" WIDTH="37" VPOS="355" HPOS="1467"/>
                  <String HEIGHT="166"
                          WIDTH="557"
                          VPOS="355"
                          HPOS="1356"
                          CONTENT="försörjning"/>
                  <SP HEIGHT="166" WIDTH="37" VPOS="355" HPOS="1913"/>
                  <String HEIGHT="166"
                          WIDTH="371"
                          VPOS="355"
                          HPOS="1802"
                          CONTENT="stulit"/>
                  <SP HEIGHT="166" WIDTH="37" VPOS="355" HPOS="2173"/>
                  <String HEIGHT="166"
                          WIDTH="297"
                          VPOS="355"
                          HPOS="2062"
                          CONTENT="uret"/>
                  <SP HEIGHT="166" WIDTH="37" VPOS="355" HPOS="2359"/>
                  <String HEIGHT="166"
                          WIDTH="186"
                          VPOS="355"
                          HPOS="2210"
                          CONTENT="och"/>
               </TextLine>
               <TextLine ID="r2l3"
                         BASELINE="602,556 691,556 781,556 870,558 960,560 1050,562 1139,564 1229,566 1318,568 1408,571 1498,574 1587,576 1677,580 1766,583 1856,586 1946,589 2035,592 2125,596 2214,598 2304,601 2394,604"
                         HEIGHT="186"
                         WIDTH="1816"
                         VPOS="487"
                         HPOS="590">
                  <String HEIGHT="186"
                          WIDTH="408"
                          VPOS="487"
                          HPOS="553"
                          CONTENT="Kädjan,"/>
                  <SP HEIGHT="186" WIDTH="37" VPOS="487" HPOS="961"/>
                  <String HEIGHT="186"
                          WIDTH="296"
                          VPOS="487"
                          HPOS="849"
                          CONTENT="samt"/>
                  <SP HEIGHT="186" WIDTH="37" VPOS="487" HPOS="1146"/>
                  <String HEIGHT="186"
                          WIDTH="259"
                          VPOS="487"
                          HPOS="1035"
                          CONTENT="att"/>
                  <SP HEIGHT="186" WIDTH="37" VPOS="487" HPOS="1294"/>
                  <String HEIGHT="186"
                          WIDTH="259"
                          VPOS="487"
                          HPOS="1183"
                          CONTENT="han"/>
                  <SP HEIGHT="186" WIDTH="37" VPOS="487" HPOS="1442"/>
                  <String HEIGHT="186"
                          WIDTH="371"
                          VPOS="487"
                          HPOS="1331"
                          CONTENT="genast"/>
                  <SP HEIGHT="186" WIDTH="37" VPOS="487" HPOS="1702"/>
                  <String HEIGHT="186"
                          WIDTH="445"
                          VPOS="487"
                          HPOS="1591"
                          CONTENT="derefter"/>
                  <SP HEIGHT="186" WIDTH="37" VPOS="487" HPOS="2035"/>
                  <String HEIGHT="186"
                          WIDTH="445"
                          VPOS="487"
                          HPOS="1924"
                          CONTENT="begifvit"/>
                  <SP HEIGHT="186" WIDTH="37" VPOS="487" HPOS="2369"/>
                  <String HEIGHT="186"
                          WIDTH="185"
                          VPOS="487"
                          HPOS="2221"
                          CONTENT="sig"/>
               </TextLine>
               <TextLine ID="r2l4"
                         BASELINE="594,686 671,687 749,688 827,690 904,692 982,694 1060,696 1137,698 1215,700 1293,702 1371,704 1448,706 1526,708 1604,710 1681,712 1759,714 1837,716 1914,716 1992,716 2070,718 2148,718"
                         HEIGHT="194"
                         WIDTH="1577"
                         VPOS="597"
                         HPOS="581">
                  <String HEIGHT="194"
                          WIDTH="315"
                          VPOS="597"
                          HPOS="542"
                          CONTENT="till"/>
                  <SP HEIGHT="194" WIDTH="39" VPOS="597" HPOS="857"/>
                  <String HEIGHT="194"
                          WIDTH="670"
                          VPOS="597"
                          HPOS="739"
                          CONTENT="Poliskontoret"/>
                  <SP HEIGHT="194" WIDTH="39" VPOS="597" HPOS="1409"/>
                  <String HEIGHT="194"
                          WIDTH="276"
                          VPOS="597"
                          HPOS="1291"
                          CONTENT="och"/>
                  <SP HEIGHT="194" WIDTH="39" VPOS="597" HPOS="1567"/>
                  <String HEIGHT="194"
                          WIDTH="276"
                          VPOS="597"
                          HPOS="1448"
                          CONTENT="der"/>
                  <SP HEIGHT="194" WIDTH="39" VPOS="597" HPOS="1724"/>
                  <String HEIGHT="194"
                          WIDTH="473"
                          VPOS="597"
                          HPOS="1606"
                          CONTENT="angifvit"/>
                  <SP HEIGHT="194" WIDTH="39" VPOS="597" HPOS="2079"/>
                  <String HEIGHT="194"
                          WIDTH="237"
                          VPOS="597"
                          HPOS="1921"
                          CONTENT="sig."/>
               </TextLine>
               <TextLine ID="r2l5"
                         BASELINE="708,842 789,846 871,848 953,850 1035,854 1117,856 1198,858 1280,861 1362,864 1444,866 1526,868 1607,870 1689,872 1771,874 1853,876 1935,876 2016,878 2098,878 2180,880 2262,880 2344,878"
                         HEIGHT="218"
                         WIDTH="1659"
                         VPOS="726"
                         HPOS="697">
                  <String HEIGHT="218" WIDTH="249" VPOS="726" HPOS="656" CONTENT="På"/>
                  <SP HEIGHT="218" WIDTH="41" VPOS="726" HPOS="904"/>
                  <String HEIGHT="218"
                          WIDTH="373"
                          VPOS="726"
                          HPOS="780"
                          CONTENT="grund"/>
                  <SP HEIGHT="218" WIDTH="41" VPOS="726" HPOS="1153"/>
                  <String HEIGHT="218"
                          WIDTH="249"
                          VPOS="726"
                          HPOS="1029"
                          CONTENT="af"/>
                  <SP HEIGHT="218" WIDTH="41" VPOS="726" HPOS="1278"/>
                  <String HEIGHT="218"
                          WIDTH="332"
                          VPOS="726"
                          HPOS="1153"
                          CONTENT="hvad"/>
                  <SP HEIGHT="218" WIDTH="41" VPOS="726" HPOS="1485"/>
                  <String HEIGHT="218"
                          WIDTH="456"
                          VPOS="726"
                          HPOS="1361"
                          CONTENT="sålunda"/>
                  <SP HEIGHT="218" WIDTH="41" VPOS="726" HPOS="1817"/>
                  <String HEIGHT="218"
                          WIDTH="581"
                          VPOS="726"
                          HPOS="1692"
                          CONTENT="förekommit"/>
                  <SP HEIGHT="218" WIDTH="41" VPOS="726" HPOS="2273"/>
                  <String HEIGHT="218"
                          WIDTH="249"
                          VPOS="726"
                          HPOS="2107"
                          CONTENT="kom¬"
                          SUBS_TYPE="HypPart1"
                          SUBS_CONTENT="kommer"/>
                  <HYP CONTENT="-"/>
               </TextLine>
               <TextLine ID="r2l6"
                         BASELINE="628,946 714,946 800,946 887,948 973,950 1060,952 1146,953 1232,956 1319,957 1405,960 1492,962 1578,964 1664,967 1751,969 1837,972 1924,973 2010,976 2096,976 2183,978 2269,980 2356,980"
                         HEIGHT="162"
                         WIDTH="1751"
                         VPOS="880"
                         HPOS="617">
                  <String HEIGHT="162"
                          WIDTH="299"
                          VPOS="880"
                          HPOS="574"
                          CONTENT="mer"
                          SUBS_TYPE="HypPart2"
                          SUBS_CONTENT="kommer"/>
                  <SP HEIGHT="162" WIDTH="43" VPOS="880" HPOS="873"/>
                  <String HEIGHT="162"
                          WIDTH="384"
                          VPOS="880"
                          HPOS="745"
                          CONTENT="Johan"/>
                  <SP HEIGHT="162" WIDTH="43" VPOS="880" HPOS="1129"/>
                  <String HEIGHT="162"
                          WIDTH="427"
                          VPOS="880"
                          HPOS="1001"
                          CONTENT="August"/>
                  <SP HEIGHT="162" WIDTH="43" VPOS="880" HPOS="1428"/>
                  <String HEIGHT="162"
                          WIDTH="555"
                          VPOS="880"
                          HPOS="1300"
                          CONTENT="Andersson"/>
                  <SP HEIGHT="162" WIDTH="43" VPOS="880" HPOS="1856"/>
                  <String HEIGHT="162"
                          WIDTH="342"
                          VPOS="880"
                          HPOS="1727"
                          CONTENT="Gren"/>
                  <SP HEIGHT="162" WIDTH="43" VPOS="880" HPOS="2069"/>
                  <String HEIGHT="162"
                          WIDTH="299"
                          VPOS="880"
                          HPOS="1941"
                          CONTENT="att"/>
                  <SP HEIGHT="162" WIDTH="43" VPOS="880" HPOS="2240"/>
                  <String HEIGHT="162"
                          WIDTH="299"
                          VPOS="880"
                          HPOS="2069"
                          CONTENT="denne"/>
               </TextLine>
               <TextLine ID="r2l7"
                         BASELINE="626,1082 692,1082 758,1082 824,1081 891,1080 957,1080 1023,1080 1090,1080 1156,1080 1222,1080 1289,1080 1355,1080 1421,1080 1487,1080 1554,1080 1620,1080 1686,1080 1753,1082 1819,1082 1885,1084 1952,1084"
                         HEIGHT="187"
                         WIDTH="1349"
                         VPOS="971"
                         HPOS="615">
                  <String HEIGHT="187"
                          WIDTH="295"
                          VPOS="971"
                          HPOS="573"
                          CONTENT="dag"/>
                  <SP HEIGHT="187" WIDTH="42" VPOS="971" HPOS="868"/>
                  <String HEIGHT="187"
                          WIDTH="295"
                          VPOS="971"
                          HPOS="741"
                          CONTENT="för"/>
                  <SP HEIGHT="187" WIDTH="42" VPOS="971" HPOS="1037"/>
                  <String HEIGHT="187"
                          WIDTH="717"
                          VPOS="971"
                          HPOS="910"
                          CONTENT="Poliskammaren"/>
                  <SP HEIGHT="187" WIDTH="42" VPOS="971" HPOS="1627"/>
                  <String HEIGHT="187"
                          WIDTH="506"
                          VPOS="971"
                          HPOS="1458"
                          CONTENT="inställas."/>
               </TextLine>
               <TextLine ID="r2l8"
                         BASELINE="910,1234 967,1232 1025,1231 1082,1230 1140,1228 1197,1228 1255,1226 1312,1226 1370,1225 1427,1224 1485,1224 1542,1224 1600,1224 1657,1224 1715,1224 1772,1224 1830,1225 1887,1226 1945,1226 2002,1226 2060,1228"
                         HEIGHT="204"
                         WIDTH="1174"
                         VPOS="1103"
                         HPOS="897">
                  <String HEIGHT="204"
                          WIDTH="486"
                          VPOS="1103"
                          HPOS="857"
                          CONTENT="Göteborg"/>
                  <SP HEIGHT="204" WIDTH="40" VPOS="1103" HPOS="1342"/>
                  <String HEIGHT="204"
                          WIDTH="283"
                          VPOS="1103"
                          HPOS="1221"
                          CONTENT="den"/>
                  <SP HEIGHT="204" WIDTH="40" VPOS="1103" HPOS="1504"/>
                  <String HEIGHT="204"
                          WIDTH="202"
                          VPOS="1103"
                          HPOS="1383"
                          CONTENT="3"/>
                  <SP HEIGHT="204" WIDTH="40" VPOS="1103" HPOS="1585"/>
                  <String HEIGHT="204"
                          WIDTH="486"
                          VPOS="1103"
                          HPOS="1464"
                          CONTENT="November"/>
                  <SP HEIGHT="204" WIDTH="40" VPOS="1103" HPOS="1950"/>
                  <String HEIGHT="204"
                          WIDTH="283"
                          VPOS="1103"
                          HPOS="1788"
                          CONTENT="1880."/>
               </TextLine>
            </TextBlock>
            <TextBlock ID="r1" HEIGHT="299" WIDTH="445" VPOS="1280" HPOS="91">
               <Shape>
                  <Polygon POINTS="102,1280 91,1579 536,1549 518,1280"/>
               </Shape>
               <TextLine ID="r1l1"
                         BASELINE="138,1338 163,1336 189,1333 214,1332 240,1332 266,1332 291,1332 317,1330 342,1330 368,1328 394,1326"
                         HEIGHT="170"
                         WIDTH="282"
                         VPOS="1211"
                         HPOS="124">
                  <String HEIGHT="170" WIDTH="242" VPOS="1211" HPOS="84" CONTENT="No"/>
                  <SP HEIGHT="170" WIDTH="40" VPOS="1211" HPOS="325"/>
                  <String HEIGHT="170"
                          WIDTH="242"
                          VPOS="1211"
                          HPOS="164"
                          CONTENT="230."/>
               </TextLine>
               <TextLine ID="r1l2"
                         BASELINE="132,1440 157,1437 183,1434 209,1432 234,1429 260,1428 286,1427 312,1425 337,1424 363,1424 389,1423 415,1422 440,1421 466,1420 492,1420 518,1418"
                         HEIGHT="129"
                         WIDTH="413"
                         VPOS="1349"
                         HPOS="117">
                  <String HEIGHT="129"
                          WIDTH="295"
                          VPOS="1349"
                          HPOS="88"
                          CONTENT="Patrik"/>
                  <SP HEIGHT="129" WIDTH="30" VPOS="1349" HPOS="383"/>
                  <String HEIGHT="129"
                          WIDTH="266"
                          VPOS="1349"
                          HPOS="265"
                          CONTENT="Anders¬"
                          SUBS_TYPE="HypPart1"
                          SUBS_CONTENT="Andersson"/>
                  <HYP CONTENT="-"/>
               </TextLine>
               <TextLine ID="r1l3"
                         BASELINE="102,1538 127,1536 152,1533 177,1531 202,1530 227,1529 252,1528 277,1527 302,1526"
                         HEIGHT="121"
                         WIDTH="226"
                         VPOS="1460"
                         HPOS="88">
                  <String HEIGHT="121"
                          WIDTH="377"
                          VPOS="1460"
                          HPOS="0"
                          CONTENT="son"
                          SUBS_TYPE="HypPart2"
                          SUBS_CONTENT="Andersson"/>
               </TextLine>
            </TextBlock>
            <TextBlock ID="TextRegion_1584874344037_1579"
                       HEIGHT="2477"
                       WIDTH="1824"
                       VPOS="1312"
                       HPOS="570">
               <Shape>
                  <Polygon POINTS="570,1312 2394,1312 2394,3789 570,3789"/>
               </Shape>
               <TextLine ID="r2l9"
                         BASELINE="602,1378 689,1378 776,1378 863,1378 950,1376 1038,1376 1125,1376 1212,1376 1299,1374 1386,1374 1474,1374 1561,1374 1648,1374 1735,1374 1822,1374 1910,1374 1997,1376 2084,1376 2171,1378 2258,1379 2346,1380"
                         HEIGHT="219"
                         WIDTH="1766"
                         VPOS="1238"
                         HPOS="592">
                  <String HEIGHT="219"
                          WIDTH="482"
                          VPOS="1238"
                          HPOS="552"
                          CONTENT="Skeparen"/>
                  <SP HEIGHT="219" WIDTH="40" VPOS="1238" HPOS="1033"/>
                  <String HEIGHT="219"
                          WIDTH="401"
                          VPOS="1238"
                          HPOS="913"
                          CONTENT="Gustaf"/>
                  <SP HEIGHT="219" WIDTH="40" VPOS="1238" HPOS="1314"/>
                  <String HEIGHT="219"
                          WIDTH="522"
                          VPOS="1238"
                          HPOS="1194"
                          CONTENT="Fägersten"/>
                  <SP HEIGHT="219" WIDTH="40" VPOS="1238" HPOS="1716"/>
                  <String HEIGHT="219"
                          WIDTH="321"
                          VPOS="1238"
                          HPOS="1595"
                          CONTENT="från"/>
                  <SP HEIGHT="219" WIDTH="40" VPOS="1238" HPOS="1916"/>
                  <String HEIGHT="219"
                          WIDTH="522"
                          VPOS="1238"
                          HPOS="1796"
                          CONTENT="Marstrand"/>
                  <SP HEIGHT="219" WIDTH="40" VPOS="1238" HPOS="2318"/>
                  <String HEIGHT="219"
                          WIDTH="201"
                          VPOS="1238"
                          HPOS="2157"
                          CONTENT="har"/>
               </TextLine>
               <TextLine ID="r2l10"
                         BASELINE="588,1490 676,1488 764,1488 852,1488 940,1490 1028,1491 1116,1493 1204,1496 1292,1498 1380,1500 1468,1503 1556,1506 1644,1508 1732,1510 1820,1512 1908,1512 1996,1512 2084,1512 2172,1512 2260,1510 2348,1508"
                         HEIGHT="178"
                         WIDTH="1783"
                         VPOS="1400"
                         HPOS="576">
                  <String HEIGHT="178"
                          WIDTH="498"
                          VPOS="1400"
                          HPOS="535"
                          CONTENT="Söndagen"/>
                  <SP HEIGHT="178" WIDTH="41" VPOS="1400" HPOS="1032"/>
                  <String HEIGHT="178"
                          WIDTH="290"
                          VPOS="1400"
                          HPOS="908"
                          CONTENT="den"/>
                  <SP HEIGHT="178" WIDTH="41" VPOS="1400" HPOS="1198"/>
                  <String HEIGHT="178"
                          WIDTH="207"
                          VPOS="1400"
                          HPOS="1074"
                          CONTENT="3"/>
                  <SP HEIGHT="178" WIDTH="41" VPOS="1400" HPOS="1281"/>
                  <String HEIGHT="178"
                          WIDTH="373"
                          VPOS="1400"
                          HPOS="1157"
                          CONTENT="sist."/>
                  <SP HEIGHT="178" WIDTH="41" VPOS="1400" HPOS="1530"/>
                  <String HEIGHT="178"
                          WIDTH="456"
                          VPOS="1400"
                          HPOS="1405"
                          CONTENT="Oktober"/>
                  <SP HEIGHT="178" WIDTH="41" VPOS="1400" HPOS="1861"/>
                  <String HEIGHT="178"
                          WIDTH="415"
                          VPOS="1400"
                          HPOS="1737"
                          CONTENT="anmält"/>
                  <SP HEIGHT="178" WIDTH="41" VPOS="1400" HPOS="2152"/>
                  <String HEIGHT="178"
                          WIDTH="290"
                          VPOS="1400"
                          HPOS="2027"
                          CONTENT="att"/>
                  <SP HEIGHT="178" WIDTH="41" VPOS="1400" HPOS="2318"/>
                  <String HEIGHT="178"
                          WIDTH="207"
                          VPOS="1400"
                          HPOS="2152"
                          CONTENT="se¬"
                          SUBS_TYPE="HypPart1"
                          SUBS_CONTENT="sedan"/>
                  <HYP CONTENT="-"/>
               </TextLine>
               <TextLine ID="r2l11"
                         BASELINE="586,1604 675,1602 764,1600 853,1600 942,1600 1031,1602 1120,1604 1209,1607 1298,1611 1387,1614 1477,1618 1566,1622 1655,1626 1744,1629 1833,1633 1922,1636 2011,1640 2100,1642 2189,1644 2278,1644 2368,1644"
                         HEIGHT="153"
                         WIDTH="1807"
                         VPOS="1533"
                         HPOS="575">
                  <String HEIGHT="153"
                          WIDTH="269"
                          VPOS="1533"
                          HPOS="537"
                          CONTENT="dan"
                          SUBS_TYPE="HypPart2"
                          SUBS_CONTENT="sedan"/>
                  <SP HEIGHT="153" WIDTH="38" VPOS="1533" HPOS="806"/>
                  <String HEIGHT="153"
                          WIDTH="269"
                          VPOS="1533"
                          HPOS="690"
                          CONTENT="han"/>
                  <SP HEIGHT="153" WIDTH="38" VPOS="1533" HPOS="959"/>
                  <String HEIGHT="153"
                          WIDTH="500"
                          VPOS="1533"
                          HPOS="844"
                          CONTENT="föregånde"/>
                  <SP HEIGHT="153" WIDTH="38" VPOS="1533" HPOS="1344"/>
                  <String HEIGHT="153"
                          WIDTH="269"
                          VPOS="1533"
                          HPOS="1229"
                          CONTENT="dag"/>
                  <SP HEIGHT="153" WIDTH="38" VPOS="1533" HPOS="1498"/>
                  <String HEIGHT="153"
                          WIDTH="231"
                          VPOS="1533"
                          HPOS="1382"
                          CONTENT="på"/>
                  <SP HEIGHT="153" WIDTH="38" VPOS="1533" HPOS="1613"/>
                  <String HEIGHT="153"
                          WIDTH="423"
                          VPOS="1533"
                          HPOS="1498"
                          CONTENT="aftonen"/>
                  <SP HEIGHT="153" WIDTH="38" VPOS="1533" HPOS="1921"/>
                  <String HEIGHT="153"
                          WIDTH="192"
                          VPOS="1533"
                          HPOS="1805"
                          CONTENT="i"/>
                  <SP HEIGHT="153" WIDTH="38" VPOS="1533" HPOS="1998"/>
                  <String HEIGHT="153"
                          WIDTH="346"
                          VPOS="1533"
                          HPOS="1882"
                          CONTENT="huset"/>
                  <SP HEIGHT="153" WIDTH="38" VPOS="1533" HPOS="2228"/>
                  <String HEIGHT="153"
                          WIDTH="231"
                          VPOS="1533"
                          HPOS="2113"
                          CONTENT="No"/>
                  <SP HEIGHT="153" WIDTH="38" VPOS="1533" HPOS="2344"/>
                  <String HEIGHT="153"
                          WIDTH="192"
                          VPOS="1533"
                          HPOS="2190"
                          CONTENT="41."/>
               </TextLine>
               <TextLine ID="r2l12"
                         BASELINE="596,1722 684,1718 772,1716 860,1714 948,1712 1037,1712 1125,1712 1213,1712 1301,1714 1389,1716 1478,1718 1566,1720 1654,1722 1742,1724 1830,1728 1919,1730 2007,1732 2095,1734 2183,1738 2271,1740 2360,1740"
                         HEIGHT="188"
                         WIDTH="1788"
                         VPOS="1606"
                         HPOS="584">
                  <String HEIGHT="188"
                          WIDTH="305"
                          VPOS="1606"
                          HPOS="540"
                          CONTENT="vid"/>
                  <SP HEIGHT="188" WIDTH="44" VPOS="1606" HPOS="846"/>
                  <String HEIGHT="188"
                          WIDTH="611"
                          VPOS="1606"
                          HPOS="715"
                          CONTENT="Husargatan"/>
                  <SP HEIGHT="188" WIDTH="44" VPOS="1606" HPOS="1325"/>
                  <String HEIGHT="188"
                          WIDTH="741"
                          VPOS="1606"
                          HPOS="1195"
                          CONTENT="sammanträffat"/>
                  <SP HEIGHT="188" WIDTH="44" VPOS="1606" HPOS="1936"/>
                  <String HEIGHT="188"
                          WIDTH="305"
                          VPOS="1606"
                          HPOS="1805"
                          CONTENT="med"/>
                  <SP HEIGHT="188" WIDTH="44" VPOS="1606" HPOS="2110"/>
                  <String HEIGHT="188"
                          WIDTH="436"
                          VPOS="1606"
                          HPOS="1936"
                          CONTENT="Sjömanen"/>
               </TextLine>
               <TextLine ID="r2l13"
                         BASELINE="582,1836 670,1833 759,1830 847,1826 936,1823 1024,1820 1113,1818 1201,1816 1290,1814 1378,1813 1467,1812 1555,1812 1644,1812 1732,1812 1821,1812 1909,1814 1998,1816 2086,1818 2175,1820 2263,1824 2352,1828"
                         HEIGHT="130"
                         WIDTH="1792"
                         VPOS="1728"
                         HPOS="571">
                  <String HEIGHT="130"
                          WIDTH="427"
                          VPOS="1728"
                          HPOS="528"
                          CONTENT="Patrik"/>
                  <SP HEIGHT="130" WIDTH="43" VPOS="1728" HPOS="955"/>
                  <String HEIGHT="130"
                          WIDTH="597"
                          VPOS="1728"
                          HPOS="827"
                          CONTENT="Andersson,"/>
                  <SP HEIGHT="130" WIDTH="43" VPOS="1728" HPOS="1424"/>
                  <String HEIGHT="130"
                          WIDTH="299"
                          VPOS="1728"
                          HPOS="1296"
                          CONTENT="han"/>
                  <SP HEIGHT="130" WIDTH="43" VPOS="1728" HPOS="1595"/>
                  <String HEIGHT="130"
                          WIDTH="427"
                          VPOS="1728"
                          HPOS="1467"
                          CONTENT="dervid"/>
                  <SP HEIGHT="130" WIDTH="43" VPOS="1728" HPOS="1894"/>
                  <String HEIGHT="130"
                          WIDTH="469"
                          VPOS="1728"
                          HPOS="1766"
                          CONTENT="anmodat"/>
                  <SP HEIGHT="130" WIDTH="43" VPOS="1728" HPOS="2235"/>
                  <String HEIGHT="130"
                          WIDTH="299"
                          VPOS="1728"
                          HPOS="2064"
                          CONTENT="denne"/>
               </TextLine>
               <TextLine ID="r2l14"
                         BASELINE="620,1930 703,1927 786,1924 869,1920 952,1918 1036,1916 1119,1913 1202,1912 1285,1910 1368,1910 1452,1910 1535,1910 1618,1910 1701,1912 1784,1912 1868,1914 1951,1917 2034,1920 2117,1922 2200,1927 2284,1930"
                         HEIGHT="182"
                         WIDTH="1688"
                         VPOS="1820"
                         HPOS="608">
                  <String HEIGHT="182"
                          WIDTH="220"
                          VPOS="1820"
                          HPOS="571"
                          CONTENT="åt"/>
                  <SP HEIGHT="182" WIDTH="37" VPOS="1820" HPOS="791"/>
                  <String HEIGHT="182"
                          WIDTH="477"
                          VPOS="1820"
                          HPOS="681"
                          CONTENT="Fägersten"/>
                  <SP HEIGHT="182" WIDTH="37" VPOS="1820" HPOS="1158"/>
                  <String HEIGHT="182"
                          WIDTH="294"
                          VPOS="1820"
                          HPOS="1048"
                          CONTENT="köpa"/>
                  <SP HEIGHT="182" WIDTH="37" VPOS="1820" HPOS="1342"/>
                  <String HEIGHT="182"
                          WIDTH="220"
                          VPOS="1820"
                          HPOS="1232"
                          CONTENT="en"/>
                  <SP HEIGHT="182" WIDTH="37" VPOS="1820" HPOS="1452"/>
                  <String HEIGHT="182"
                          WIDTH="367"
                          VPOS="1820"
                          HPOS="1342"
                          CONTENT="butelj"/>
                  <SP HEIGHT="182" WIDTH="37" VPOS="1820" HPOS="1709"/>
                  <String HEIGHT="182"
                          WIDTH="367"
                          VPOS="1820"
                          HPOS="1599"
                          CONTENT="porter"/>
                  <SP HEIGHT="182" WIDTH="37" VPOS="1820" HPOS="1966"/>
                  <String HEIGHT="182"
                          WIDTH="257"
                          VPOS="1820"
                          HPOS="1856"
                          CONTENT="för"/>
                  <SP HEIGHT="182" WIDTH="37" VPOS="1820" HPOS="2113"/>
                  <String HEIGHT="182"
                          WIDTH="330"
                          VPOS="1820"
                          HPOS="1966"
                          CONTENT="hvilket"/>
               </TextLine>
               <TextLine ID="r2l15"
                         BASELINE="604,2028 691,2026 779,2026 867,2024 955,2024 1043,2022 1130,2022 1218,2022 1306,2022 1394,2022 1482,2022 1569,2022 1657,2023 1745,2024 1833,2024 1921,2026 2008,2028 2096,2029 2184,2031 2272,2032 2360,2034"
                         HEIGHT="154"
                         WIDTH="1778"
                         VPOS="1937"
                         HPOS="593">
                  <String HEIGHT="154"
                          WIDTH="435"
                          VPOS="1937"
                          HPOS="553"
                          CONTENT="ändamål"/>
                  <SP HEIGHT="154" WIDTH="40" VPOS="1937" HPOS="988"/>
                  <String HEIGHT="154"
                          WIDTH="277"
                          VPOS="1937"
                          HPOS="870"
                          CONTENT="han"/>
                  <SP HEIGHT="154" WIDTH="40" VPOS="1937" HPOS="1146"/>
                  <String HEIGHT="154"
                          WIDTH="316"
                          VPOS="1937"
                          HPOS="1028"
                          CONTENT="till"/>
                  <SP HEIGHT="154" WIDTH="40" VPOS="1937" HPOS="1344"/>
                  <String HEIGHT="154"
                          WIDTH="514"
                          VPOS="1937"
                          HPOS="1225"
                          CONTENT="Andersson"/>
                  <SP HEIGHT="154" WIDTH="40" VPOS="1937" HPOS="1739"/>
                  <String HEIGHT="154"
                          WIDTH="395"
                          VPOS="1937"
                          HPOS="1620"
                          CONTENT="lemnat"/>
                  <SP HEIGHT="154" WIDTH="40" VPOS="1937" HPOS="2015"/>
                  <String HEIGHT="154"
                          WIDTH="237"
                          VPOS="1937"
                          HPOS="1897"
                          CONTENT="en"/>
                  <SP HEIGHT="154" WIDTH="40" VPOS="1937" HPOS="2134"/>
                  <String HEIGHT="154"
                          WIDTH="237"
                          VPOS="1937"
                          HPOS="2015"
                          CONTENT="10"/>
                  <SP HEIGHT="154" WIDTH="40" VPOS="1937" HPOS="2252"/>
                  <String HEIGHT="154"
                          WIDTH="277"
                          VPOS="1937"
                          HPOS="2094"
                          CONTENT="Kron¬"
                          SUBS_TYPE="HypPart1"
                          SUBS_CONTENT="Kronsedel,"/>
                  <HYP CONTENT="-"/>
               </TextLine>
               <TextLine ID="r2l16"
                         BASELINE="612,2134 697,2136 782,2138 867,2138 952,2140 1037,2140 1122,2142 1207,2142 1292,2142 1377,2144 1462,2144 1547,2146 1632,2146 1717,2148 1802,2149 1887,2151 1972,2152 2057,2154 2142,2156 2227,2159 2312,2162"
                         HEIGHT="194"
                         WIDTH="1725"
                         VPOS="2037"
                         HPOS="600">
                  <String HEIGHT="194"
                          WIDTH="375"
                          VPOS="2037"
                          HPOS="563"
                          CONTENT="sedel,"
                          SUBS_TYPE="HypPart2"
                          SUBS_CONTENT="Kronsedel,"/>
                  <SP HEIGHT="194" WIDTH="38" VPOS="2037" HPOS="938"/>
                  <String HEIGHT="194"
                          WIDTH="488"
                          VPOS="2037"
                          HPOS="825"
                          CONTENT="hvarefter"/>
                  <SP HEIGHT="194" WIDTH="38" VPOS="2037" HPOS="1313"/>
                  <String HEIGHT="194"
                          WIDTH="488"
                          VPOS="2037"
                          HPOS="1200"
                          CONTENT="Andersson"/>
                  <SP HEIGHT="194" WIDTH="38" VPOS="2037" HPOS="1688"/>
                  <String HEIGHT="194"
                          WIDTH="563"
                          VPOS="2037"
                          HPOS="1575"
                          CONTENT="medhafvande"/>
                  <SP HEIGHT="194" WIDTH="38" VPOS="2037" HPOS="2138"/>
                  <String HEIGHT="194"
                          WIDTH="338"
                          VPOS="2037"
                          HPOS="1988"
                          CONTENT="sedelen"/>
               </TextLine>
               <TextLine ID="r2l17"
                         BASELINE="588,2248 676,2248 765,2248 853,2248 942,2248 1031,2250 1119,2251 1208,2252 1296,2255 1385,2258 1474,2260 1562,2262 1651,2266 1739,2268 1828,2270 1917,2274 2005,2276 2094,2280 2182,2282 2271,2285 2360,2288"
                         HEIGHT="218"
                         WIDTH="1798"
                         VPOS="2147"
                         HPOS="575">
                  <String HEIGHT="218"
                          WIDTH="508"
                          VPOS="2147"
                          HPOS="536"
                          CONTENT="aflägsnat"/>
                  <SP HEIGHT="218" WIDTH="39" VPOS="2147" HPOS="1044"/>
                  <String HEIGHT="218"
                          WIDTH="274"
                          VPOS="2147"
                          HPOS="927"
                          CONTENT="sig"/>
                  <SP HEIGHT="218" WIDTH="39" VPOS="2147" HPOS="1200"/>
                  <String HEIGHT="218"
                          WIDTH="274"
                          VPOS="2147"
                          HPOS="1083"
                          CONTENT="men"/>
                  <SP HEIGHT="218" WIDTH="39" VPOS="2147" HPOS="1357"/>
                  <String HEIGHT="218"
                          WIDTH="508"
                          VPOS="2147"
                          HPOS="1239"
                          CONTENT="sedermera"/>
                  <SP HEIGHT="218" WIDTH="39" VPOS="2147" HPOS="1748"/>
                  <String HEIGHT="218"
                          WIDTH="313"
                          VPOS="2147"
                          HPOS="1630"
                          CONTENT="icke"/>
                  <SP HEIGHT="218" WIDTH="39" VPOS="2147" HPOS="1943"/>
                  <String HEIGHT="218"
                          WIDTH="352"
                          VPOS="2147"
                          HPOS="1826"
                          CONTENT="låtit"/>
                  <SP HEIGHT="218" WIDTH="39" VPOS="2147" HPOS="2178"/>
                  <String HEIGHT="218"
                          WIDTH="274"
                          VPOS="2147"
                          HPOS="2060"
                          CONTENT="sig"/>
                  <SP HEIGHT="218" WIDTH="39" VPOS="2147" HPOS="2334"/>
                  <String HEIGHT="218"
                          WIDTH="195"
                          VPOS="2147"
                          HPOS="2178"
                          CONTENT="af¬"
                          SUBS_TYPE="HypPart1"
                          SUBS_CONTENT="afhöra"/>
                  <HYP CONTENT="-"/>
               </TextLine>
               <TextLine ID="r2l18"
                         BASELINE="604,2350 630,2352 656,2352 682,2352 708,2352 734,2352 760,2354"
                         HEIGHT="104"
                         WIDTH="179"
                         VPOS="2273"
                         HPOS="593">
                  <String HEIGHT="104"
                          WIDTH="269"
                          VPOS="2273"
                          HPOS="504"
                          CONTENT="höra"
                          SUBS_TYPE="HypPart2"
                          SUBS_CONTENT="afhöra"/>
               </TextLine>
               <TextLine ID="r2l19"
                         BASELINE="578,2450 666,2450 755,2450 843,2452 932,2452 1021,2454 1109,2454 1198,2456 1286,2458 1375,2460 1464,2464 1552,2466 1641,2469 1729,2472 1818,2475 1907,2479 1995,2482 2084,2486 2172,2490 2261,2496 2350,2500"
                         HEIGHT="156"
                         WIDTH="1799"
                         VPOS="2392"
                         HPOS="566">
                  <String HEIGHT="156" WIDTH="196" VPOS="2392" HPOS="527" CONTENT="I"/>
                  <SP HEIGHT="156" WIDTH="39" VPOS="2392" HPOS="722"/>
                  <String HEIGHT="156"
                          WIDTH="508"
                          VPOS="2392"
                          HPOS="605"
                          CONTENT="anledning"/>
                  <SP HEIGHT="156" WIDTH="39" VPOS="2392" HPOS="1114"/>
                  <String HEIGHT="156"
                          WIDTH="235"
                          VPOS="2392"
                          HPOS="996"
                          CONTENT="af"/>
                  <SP HEIGHT="156" WIDTH="39" VPOS="2392" HPOS="1231"/>
                  <String HEIGHT="156"
                          WIDTH="430"
                          VPOS="2392"
                          HPOS="1114"
                          CONTENT="berörda"/>
                  <SP HEIGHT="156" WIDTH="39" VPOS="2392" HPOS="1544"/>
                  <String HEIGHT="156"
                          WIDTH="430"
                          VPOS="2392"
                          HPOS="1426"
                          CONTENT="anmälan"/>
                  <SP HEIGHT="156" WIDTH="39" VPOS="2392" HPOS="1857"/>
                  <String HEIGHT="156"
                          WIDTH="352"
                          VPOS="2392"
                          HPOS="1739"
                          CONTENT="hafva"/>
                  <SP HEIGHT="156" WIDTH="39" VPOS="2392" HPOS="2091"/>
                  <String HEIGHT="156"
                          WIDTH="430"
                          VPOS="2392"
                          HPOS="1935"
                          CONTENT="detektiv¬"
                          SUBS_TYPE="HypPart1"
                          SUBS_CONTENT="detektivPoliskonstaplarne"/>
                  <HYP CONTENT="-"/>
               </TextLine>
               <TextLine ID="r2l20"
                         BASELINE="606,2556 693,2558 780,2560 867,2562 954,2564 1041,2567 1128,2570 1215,2572 1302,2574 1389,2577 1477,2580 1564,2582 1651,2584 1738,2586 1825,2588 1912,2590 1999,2592 2086,2594 2173,2594 2260,2596 2348,2596"
                         HEIGHT="171"
                         WIDTH="1765"
                         VPOS="2482"
                         HPOS="594">
                  <String HEIGHT="171"
                          WIDTH="727"
                          VPOS="2482"
                          HPOS="559"
                          CONTENT="Poliskonstaplarne"
                          SUBS_TYPE="HypPart2"
                          SUBS_CONTENT="detektivPoliskonstaplarne"/>
                  <SP HEIGHT="171" WIDTH="35" VPOS="2482" HPOS="1286"/>
                  <String HEIGHT="171"
                          WIDTH="208"
                          VPOS="2482"
                          HPOS="1182"
                          CONTENT="C."/>
                  <SP HEIGHT="171" WIDTH="35" VPOS="2482" HPOS="1390"/>
                  <String HEIGHT="171"
                          WIDTH="450"
                          VPOS="2482"
                          HPOS="1286"
                          CONTENT="Hellström"/>
                  <SP HEIGHT="171" WIDTH="35" VPOS="2482" HPOS="1736"/>
                  <String HEIGHT="171"
                          WIDTH="242"
                          VPOS="2482"
                          HPOS="1632"
                          CONTENT="och"/>
                  <SP HEIGHT="171" WIDTH="35" VPOS="2482" HPOS="1874"/>
                  <String HEIGHT="171"
                          WIDTH="208"
                          VPOS="2482"
                          HPOS="1771"
                          CONTENT="C."/>
                  <SP HEIGHT="171" WIDTH="35" VPOS="2482" HPOS="1978"/>
                  <String HEIGHT="171"
                          WIDTH="208"
                          VPOS="2482"
                          HPOS="1874"
                          CONTENT="V."/>
                  <SP HEIGHT="171" WIDTH="35" VPOS="2482" HPOS="2082"/>
                  <String HEIGHT="171"
                          WIDTH="415"
                          VPOS="2482"
                          HPOS="1944"
                          CONTENT="Söderqvist"/>
               </TextLine>
               <TextLine ID="r2l21"
                         BASELINE="606,2680 695,2682 784,2682 873,2684 963,2686 1052,2686 1141,2688 1231,2688 1320,2690 1409,2690 1499,2690 1588,2692 1677,2692 1766,2692 1856,2694 1945,2694 2034,2696 2124,2697 2213,2698 2302,2700 2392,2702"
                         HEIGHT="178"
                         WIDTH="1810"
                         VPOS="2591"
                         HPOS="594">
                  <String HEIGHT="178"
                          WIDTH="275"
                          VPOS="2591"
                          HPOS="555"
                          CONTENT="den"/>
                  <SP HEIGHT="178" WIDTH="39" VPOS="2591" HPOS="830"/>
                  <String HEIGHT="178" WIDTH="197" VPOS="2591" HPOS="712" CONTENT="2"/>
                  <SP HEIGHT="178" WIDTH="39" VPOS="2591" HPOS="909"/>
                  <String HEIGHT="178"
                          WIDTH="393"
                          VPOS="2591"
                          HPOS="791"
                          CONTENT="dennes"/>
                  <SP HEIGHT="178" WIDTH="39" VPOS="2591" HPOS="1184"/>
                  <String HEIGHT="178"
                          WIDTH="472"
                          VPOS="2591"
                          HPOS="1066"
                          CONTENT="anhållit"/>
                  <SP HEIGHT="178" WIDTH="39" VPOS="2591" HPOS="1538"/>
                  <String HEIGHT="178"
                          WIDTH="433"
                          VPOS="2591"
                          HPOS="1420"
                          CONTENT="bemälde"/>
                  <SP HEIGHT="178" WIDTH="39" VPOS="2591" HPOS="1853"/>
                  <String HEIGHT="178"
                          WIDTH="393"
                          VPOS="2591"
                          HPOS="1735"
                          CONTENT="Patrik"/>
                  <SP HEIGHT="178" WIDTH="39" VPOS="2591" HPOS="2129"/>
                  <String HEIGHT="178"
                          WIDTH="433"
                          VPOS="2591"
                          HPOS="1971"
                          CONTENT="Andersson"/>
               </TextLine>
               <TextLine ID="r2l22"
                         BASELINE="576,2810 660,2810 744,2810 828,2810 912,2811 997,2812 1081,2814 1165,2814 1249,2816 1333,2818 1418,2820 1502,2821 1586,2822 1670,2824 1754,2824 1839,2826 1923,2826 2007,2826 2091,2826 2175,2826 2260,2824"
                         HEIGHT="207"
                         WIDTH="1706"
                         VPOS="2686"
                         HPOS="565">
                  <String HEIGHT="207"
                          WIDTH="458"
                          VPOS="2686"
                          HPOS="523"
                          CONTENT="hvilken"/>
                  <SP HEIGHT="207" WIDTH="42" VPOS="2686" HPOS="981"/>
                  <String HEIGHT="207"
                          WIDTH="291"
                          VPOS="2686"
                          HPOS="856"
                          CONTENT="vid"/>
                  <SP HEIGHT="207" WIDTH="42" VPOS="2686" HPOS="1148"/>
                  <String HEIGHT="207"
                          WIDTH="291"
                          VPOS="2686"
                          HPOS="1023"
                          CONTENT="det"/>
                  <SP HEIGHT="207" WIDTH="42" VPOS="2686" HPOS="1314"/>
                  <String HEIGHT="207"
                          WIDTH="291"
                          VPOS="2686"
                          HPOS="1189"
                          CONTENT="med"/>
                  <SP HEIGHT="207" WIDTH="42" VPOS="2686" HPOS="1480"/>
                  <String HEIGHT="207"
                          WIDTH="374"
                          VPOS="2686"
                          HPOS="1356"
                          CONTENT="honom"/>
                  <SP HEIGHT="207" WIDTH="42" VPOS="2686" HPOS="1730"/>
                  <String HEIGHT="207"
                          WIDTH="499"
                          VPOS="2686"
                          HPOS="1605"
                          CONTENT="anstälda"/>
                  <SP HEIGHT="207" WIDTH="42" VPOS="2686" HPOS="2105"/>
                  <String HEIGHT="207"
                          WIDTH="333"
                          VPOS="2686"
                          HPOS="1938"
                          CONTENT="förhör"/>
               </TextLine>
               <TextLine ID="line_1584874362814_1600"
                         BASELINE="602,2928 683,2926 764,2926 815,2926"
                         HEIGHT="164"
                         WIDTH="237"
                         VPOS="2827"
                         HPOS="590">
                  <String HEIGHT="164"
                          WIDTH="305"
                          VPOS="2827"
                          HPOS="522"
                          CONTENT="vidgått"/>
               </TextLine>
               <TextLine ID="r2l23"
                         BASELINE="850,2870 877,2868 904,2868 931,2868 958,2868 985,2870 1012,2870 1039,2870 1066,2872"
                         HEIGHT="90"
                         WIDTH="241"
                         VPOS="2816"
                         HPOS="838">
                  <String HEIGHT="90"
                          WIDTH="241"
                          VPOS="2816"
                          HPOS="804"
                          CONTENT="att"/>
                  <SP HEIGHT="90" WIDTH="34" VPOS="2816" HPOS="1045"/>
                  <String HEIGHT="90"
                          WIDTH="172"
                          VPOS="2816"
                          HPOS="907"
                          CONTENT="han"/>
               </TextLine>
               <TextLine ID="line_1584874361999_1594"
                         BASELINE="883,2926 927,2926 1008,2926 1089,2926 1171,2928 1252,2928 1333,2930 1415,2930 1496,2932 1577,2934 1658,2935 1740,2936 1821,2938 1902,2940 1984,2942 2065,2943 2146,2945 2228,2946"
                         HEIGHT="192"
                         WIDTH="1368"
                         VPOS="2825"
                         HPOS="872">
                  <String HEIGHT="192"
                          WIDTH="249"
                          VPOS="2825"
                          HPOS="831"
                          CONTENT="på"/>
                  <SP HEIGHT="192" WIDTH="41" VPOS="2825" HPOS="1079"/>
                  <String HEIGHT="192"
                          WIDTH="332"
                          VPOS="2825"
                          HPOS="955"
                          CONTENT="sätt"/>
                  <SP HEIGHT="192" WIDTH="41" VPOS="2825" HPOS="1287"/>
                  <String HEIGHT="192"
                          WIDTH="539"
                          VPOS="2825"
                          HPOS="1162"
                          CONTENT="Fägersten"/>
                  <SP HEIGHT="192" WIDTH="41" VPOS="2825" HPOS="1701"/>
                  <String HEIGHT="192"
                          WIDTH="415"
                          VPOS="2825"
                          HPOS="1577"
                          CONTENT="anmält"/>
                  <SP HEIGHT="192" WIDTH="41" VPOS="2825" HPOS="1991"/>
                  <String HEIGHT="192"
                          WIDTH="249"
                          VPOS="2825"
                          HPOS="1867"
                          CONTENT="af"/>
                  <SP HEIGHT="192" WIDTH="41" VPOS="2825" HPOS="2116"/>
                  <String HEIGHT="192"
                          WIDTH="290"
                          VPOS="2825"
                          HPOS="1950"
                          CONTENT="denne"/>
               </TextLine>
               <TextLine ID="r2l25"
                         BASELINE="604,3030 686,3030 769,3030 851,3032 934,3032 1016,3034 1099,3034 1181,3036 1264,3038 1346,3039 1429,3040 1511,3042 1594,3042 1676,3044 1759,3044 1841,3046 1924,3046 2006,3046 2089,3046 2171,3044 2254,3042"
                         HEIGHT="162"
                         WIDTH="1674"
                         VPOS="2950"
                         HPOS="592">
                  <String HEIGHT="162"
                          WIDTH="453"
                          VPOS="2950"
                          HPOS="557"
                          CONTENT="emottagit"/>
                  <SP HEIGHT="162" WIDTH="35" VPOS="2950" HPOS="1011"/>
                  <String HEIGHT="162"
                          WIDTH="209"
                          VPOS="2950"
                          HPOS="906"
                          CONTENT="en"/>
                  <SP HEIGHT="162" WIDTH="35" VPOS="2950" HPOS="1115"/>
                  <String HEIGHT="162"
                          WIDTH="209"
                          VPOS="2950"
                          HPOS="1011"
                          CONTENT="10"/>
                  <SP HEIGHT="162" WIDTH="35" VPOS="2950" HPOS="1220"/>
                  <String HEIGHT="162"
                          WIDTH="523"
                          VPOS="2950"
                          HPOS="1115"
                          CONTENT="kronorsedel"/>
                  <SP HEIGHT="162" WIDTH="35" VPOS="2950" HPOS="1638"/>
                  <String HEIGHT="162"
                          WIDTH="244"
                          VPOS="2950"
                          HPOS="1534"
                          CONTENT="för"/>
                  <SP HEIGHT="162" WIDTH="35" VPOS="2950" HPOS="1778"/>
                  <String HEIGHT="162"
                          WIDTH="244"
                          VPOS="2950"
                          HPOS="1673"
                          CONTENT="att"/>
                  <SP HEIGHT="162" WIDTH="35" VPOS="2950" HPOS="1917"/>
                  <String HEIGHT="162"
                          WIDTH="279"
                          VPOS="2950"
                          HPOS="1813"
                          CONTENT="Köpa"/>
                  <SP HEIGHT="162" WIDTH="35" VPOS="2950" HPOS="2092"/>
                  <String HEIGHT="162"
                          WIDTH="314"
                          VPOS="2950"
                          HPOS="1952"
                          CONTENT="porter,"/>
               </TextLine>
               <TextLine ID="r2l26"
                         BASELINE="586,3146 674,3142 762,3140 851,3138 939,3136 1028,3136 1116,3138 1204,3138 1293,3140 1381,3144 1470,3146 1558,3150 1646,3152 1735,3154 1823,3158 1912,3162 2000,3164 2088,3168 2177,3170 2265,3172 2354,3174"
                         HEIGHT="163"
                         WIDTH="1791"
                         VPOS="3044"
                         HPOS="575">
                  <String HEIGHT="163"
                          WIDTH="485"
                          VPOS="3044"
                          HPOS="538"
                          CONTENT="hvarjemte"/>
                  <SP HEIGHT="163" WIDTH="37" VPOS="3044" HPOS="1023"/>
                  <String HEIGHT="163"
                          WIDTH="485"
                          VPOS="3044"
                          HPOS="911"
                          CONTENT="Andersson"/>
                  <SP HEIGHT="163" WIDTH="37" VPOS="3044" HPOS="1396"/>
                  <String HEIGHT="163"
                          WIDTH="485"
                          VPOS="3044"
                          HPOS="1284"
                          CONTENT="förklarat"/>
                  <SP HEIGHT="163" WIDTH="37" VPOS="3044" HPOS="1769"/>
                  <String HEIGHT="163"
                          WIDTH="261"
                          VPOS="3044"
                          HPOS="1657"
                          CONTENT="att"/>
                  <SP HEIGHT="163" WIDTH="37" VPOS="3044" HPOS="1918"/>
                  <String HEIGHT="163"
                          WIDTH="299"
                          VPOS="3044"
                          HPOS="1806"
                          CONTENT="enär"/>
                  <SP HEIGHT="163" WIDTH="37" VPOS="3044" HPOS="2105"/>
                  <String HEIGHT="163"
                          WIDTH="261"
                          VPOS="3044"
                          HPOS="1993"
                          CONTENT="det"/>
                  <SP HEIGHT="163" WIDTH="37" VPOS="3044" HPOS="2254"/>
                  <String HEIGHT="163"
                          WIDTH="261"
                          VPOS="3044"
                          HPOS="2105"
                          CONTENT="varit"/>
               </TextLine>
               <TextLine ID="r2l27"
                         BASELINE="594,3254 678,3250 763,3248 848,3246 932,3246 1017,3244 1102,3244 1186,3246 1271,3246 1356,3248 1441,3250 1525,3252 1610,3254 1695,3257 1779,3260 1864,3263 1949,3266 2033,3270 2118,3273 2203,3277 2288,3280"
                         HEIGHT="193"
                         WIDTH="1714"
                         VPOS="3142"
                         HPOS="584">
                  <String HEIGHT="193"
                          WIDTH="229"
                          VPOS="3142"
                          HPOS="546"
                          CONTENT="så"/>
                  <SP HEIGHT="193" WIDTH="38" VPOS="3142" HPOS="774"/>
                  <String HEIGHT="193"
                          WIDTH="343"
                          VPOS="3142"
                          HPOS="660"
                          CONTENT="långt"/>
                  <SP HEIGHT="193" WIDTH="38" VPOS="3142" HPOS="1003"/>
                  <String HEIGHT="193"
                          WIDTH="343"
                          VPOS="3142"
                          HPOS="889"
                          CONTENT="lidit"/>
                  <SP HEIGHT="193" WIDTH="38" VPOS="3142" HPOS="1232"/>
                  <String HEIGHT="193"
                          WIDTH="229"
                          VPOS="3142"
                          HPOS="1117"
                          CONTENT="på"/>
                  <SP HEIGHT="193" WIDTH="38" VPOS="3142" HPOS="1346"/>
                  <String HEIGHT="193"
                          WIDTH="457"
                          VPOS="3142"
                          HPOS="1232"
                          CONTENT="aftonen,"/>
                  <SP HEIGHT="193" WIDTH="38" VPOS="3142" HPOS="1689"/>
                  <String HEIGHT="193"
                          WIDTH="267"
                          VPOS="3142"
                          HPOS="1574"
                          CONTENT="att"/>
                  <SP HEIGHT="193" WIDTH="38" VPOS="3142" HPOS="1841"/>
                  <String HEIGHT="193"
                          WIDTH="495"
                          VPOS="3142"
                          HPOS="1727"
                          CONTENT="Andersson"/>
                  <SP HEIGHT="193" WIDTH="38" VPOS="3142" HPOS="2222"/>
                  <String HEIGHT="193"
                          WIDTH="229"
                          VPOS="3142"
                          HPOS="2069"
                          CONTENT="icke"/>
               </TextLine>
               <TextLine ID="r2l28"
                         BASELINE="570,3370 660,3370 750,3368 840,3368 930,3368 1021,3367 1111,3366 1201,3366 1291,3366 1381,3366 1472,3366 1562,3366 1652,3366 1742,3366 1832,3368 1923,3368 2013,3370 2103,3372 2193,3376 2283,3378 2374,3382"
                         HEIGHT="166"
                         WIDTH="1826"
                         VPOS="3269"
                         HPOS="559">
                  <String HEIGHT="166"
                          WIDTH="380"
                          VPOS="3269"
                          HPOS="521"
                          CONTENT="Kunnat"/>
                  <SP HEIGHT="166" WIDTH="38" VPOS="3269" HPOS="901"/>
                  <String HEIGHT="166"
                          WIDTH="228"
                          VPOS="3269"
                          HPOS="787"
                          CONTENT="få"/>
                  <SP HEIGHT="166" WIDTH="38" VPOS="3269" HPOS="1016"/>
                  <String HEIGHT="166"
                          WIDTH="304"
                          VPOS="3269"
                          HPOS="901"
                          CONTENT="Köpa"/>
                  <SP HEIGHT="166" WIDTH="38" VPOS="3269" HPOS="1206"/>
                  <String HEIGHT="166"
                          WIDTH="342"
                          VPOS="3269"
                          HPOS="1092"
                          CONTENT="någon"/>
                  <SP HEIGHT="166" WIDTH="38" VPOS="3269" HPOS="1434"/>
                  <String HEIGHT="166"
                          WIDTH="418"
                          VPOS="3269"
                          HPOS="1320"
                          CONTENT="porter,"/>
                  <SP HEIGHT="166" WIDTH="38" VPOS="3269" HPOS="1738"/>
                  <String HEIGHT="166"
                          WIDTH="495"
                          VPOS="3269"
                          HPOS="1624"
                          CONTENT="Andersson"/>
                  <SP HEIGHT="166" WIDTH="38" VPOS="3269" HPOS="2119"/>
                  <String HEIGHT="166"
                          WIDTH="418"
                          VPOS="3269"
                          HPOS="1967"
                          CONTENT="återvändt"/>
               </TextLine>
               <TextLine ID="r2l29"
                         BASELINE="574,3484 663,3482 753,3482 842,3480 932,3480 1022,3482 1111,3482 1201,3484 1290,3485 1380,3487 1470,3490 1559,3492 1649,3494 1738,3496 1828,3498 1918,3502 2007,3504 2097,3508 2186,3509 2276,3512 2366,3514"
                         HEIGHT="192"
                         WIDTH="1818"
                         VPOS="3390"
                         HPOS="562">
                  <String HEIGHT="192"
                          WIDTH="291"
                          VPOS="3390"
                          HPOS="526"
                          CONTENT="till"/>
                  <SP HEIGHT="192" WIDTH="36" VPOS="3390" HPOS="817"/>
                  <String HEIGHT="192"
                          WIDTH="255"
                          VPOS="3390"
                          HPOS="707"
                          CONTENT="det"/>
                  <SP HEIGHT="192" WIDTH="36" VPOS="3390" HPOS="962"/>
                  <String HEIGHT="192"
                          WIDTH="400"
                          VPOS="3390"
                          HPOS="853"
                          CONTENT="ställe,"/>
                  <SP HEIGHT="192" WIDTH="36" VPOS="3390" HPOS="1253"/>
                  <String HEIGHT="192"
                          WIDTH="255"
                          VPOS="3390"
                          HPOS="1144"
                          CONTENT="der"/>
                  <SP HEIGHT="192" WIDTH="36" VPOS="3390" HPOS="1398"/>
                  <String HEIGHT="192"
                          WIDTH="255"
                          VPOS="3390"
                          HPOS="1289"
                          CONTENT="han"/>
                  <SP HEIGHT="192" WIDTH="36" VPOS="3390" HPOS="1544"/>
                  <String HEIGHT="192"
                          WIDTH="364"
                          VPOS="3390"
                          HPOS="1435"
                          CONTENT="lemnat"/>
                  <SP HEIGHT="192" WIDTH="36" VPOS="3390" HPOS="1798"/>
                  <String HEIGHT="192"
                          WIDTH="473"
                          VPOS="3390"
                          HPOS="1689"
                          CONTENT="Fägersten"/>
                  <SP HEIGHT="192" WIDTH="36" VPOS="3390" HPOS="2162"/>
                  <String HEIGHT="192"
                          WIDTH="182"
                          VPOS="3390"
                          HPOS="2053"
                          CONTENT="i"/>
                  <SP HEIGHT="192" WIDTH="36" VPOS="3390" HPOS="2235"/>
                  <String HEIGHT="192"
                          WIDTH="291"
                          VPOS="3390"
                          HPOS="2089"
                          CONTENT="afsigt"/>
               </TextLine>
               <TextLine ID="r2l30"
                         BASELINE="584,3606 672,3604 760,3604 848,3602 936,3602 1024,3602 1112,3604 1200,3604 1288,3606 1376,3606 1464,3608 1552,3610 1640,3612 1728,3614 1816,3616 1904,3619 1992,3622 2080,3624 2168,3628 2256,3630 2344,3634"
                         HEIGHT="176"
                         WIDTH="1786"
                         VPOS="3519"
                         HPOS="571">
                  <String HEIGHT="176"
                          WIDTH="266"
                          VPOS="3519"
                          HPOS="533"
                          CONTENT="att"/>
                  <SP HEIGHT="176" WIDTH="38" VPOS="3519" HPOS="799"/>
                  <String HEIGHT="176"
                          WIDTH="304"
                          VPOS="3519"
                          HPOS="685"
                          CONTENT="till"/>
                  <SP HEIGHT="176" WIDTH="38" VPOS="3519" HPOS="989"/>
                  <String HEIGHT="176"
                          WIDTH="342"
                          VPOS="3519"
                          HPOS="875"
                          CONTENT="honom"/>
                  <SP HEIGHT="176" WIDTH="38" VPOS="3519" HPOS="1217"/>
                  <String HEIGHT="176"
                          WIDTH="494"
                          VPOS="3519"
                          HPOS="1103"
                          CONTENT="återlemna"/>
                  <SP HEIGHT="176" WIDTH="38" VPOS="3519" HPOS="1597"/>
                  <String HEIGHT="176"
                          WIDTH="418"
                          VPOS="3519"
                          HPOS="1483"
                          CONTENT="sedeln;"/>
                  <SP HEIGHT="176" WIDTH="38" VPOS="3519" HPOS="1901"/>
                  <String HEIGHT="176"
                          WIDTH="266"
                          VPOS="3519"
                          HPOS="1787"
                          CONTENT="men"/>
                  <SP HEIGHT="176" WIDTH="38" VPOS="3519" HPOS="2053"/>
                  <String HEIGHT="176"
                          WIDTH="266"
                          VPOS="3519"
                          HPOS="1939"
                          CONTENT="att"/>
                  <SP HEIGHT="176" WIDTH="38" VPOS="3519" HPOS="2205"/>
                  <String HEIGHT="176"
                          WIDTH="304"
                          VPOS="3519"
                          HPOS="2053"
                          CONTENT="Fäger¬"
                          SUBS_TYPE="HypPart1"
                          SUBS_CONTENT="Fägersten"/>
                  <HYP CONTENT="-"/>
               </TextLine>
               <TextLine ID="r2l31"
                         BASELINE="584,3716 665,3716 746,3716 827,3718 908,3720 989,3722 1070,3724 1151,3726 1232,3728 1313,3732 1394,3734 1475,3737 1556,3740 1637,3744 1718,3746 1799,3750 1880,3753 1961,3756 2042,3758 2123,3762 2204,3764"
                         HEIGHT="204"
                         WIDTH="1648"
                         VPOS="3635"
                         HPOS="571">
                  <String HEIGHT="204"
                          WIDTH="356"
                          VPOS="3635"
                          HPOS="526"
                          CONTENT="sten"
                          SUBS_TYPE="HypPart2"
                          SUBS_CONTENT="Fägersten"/>
                  <SP HEIGHT="204" WIDTH="45" VPOS="3635" HPOS="883"/>
                  <String HEIGHT="204"
                          WIDTH="267"
                          VPOS="3635"
                          HPOS="749"
                          CONTENT="då"/>
                  <SP HEIGHT="204" WIDTH="45" VPOS="3635" HPOS="1016"/>
                  <String HEIGHT="204"
                          WIDTH="401"
                          VPOS="3635"
                          HPOS="883"
                          CONTENT="redan"/>
                  <SP HEIGHT="204" WIDTH="45" VPOS="3635" HPOS="1284"/>
                  <String HEIGHT="204"
                          WIDTH="579"
                          VPOS="3635"
                          HPOS="1150"
                          CONTENT="aflägsnat"/>
                  <SP HEIGHT="204" WIDTH="45" VPOS="3635" HPOS="1729"/>
                  <String HEIGHT="204"
                          WIDTH="312"
                          VPOS="3635"
                          HPOS="1595"
                          CONTENT="sig"/>
                  <SP HEIGHT="204" WIDTH="45" VPOS="3635" HPOS="1907"/>
                  <String HEIGHT="204"
                          WIDTH="490"
                          VPOS="3635"
                          HPOS="1729"
                          CONTENT="hvarefter"/>
               </TextLine>
            </TextBlock>
            <TextBlock ID="TextRegion_1584874388594_1620"
                       HEIGHT="707"
                       WIDTH="1808"
                       VPOS="249"
                       HPOS="2684">
               <Shape>
                  <Polygon POINTS="2684,249 4492,249 4492,903 3151,956 2684,946"/>
               </Shape>
               <TextLine ID="r3l1"
                         BASELINE="2710,328 2790,324 2871,320 2951,317 3032,314 3113,312 3193,312 3274,310 3354,310 3435,310 3516,310 3596,310 3677,310 3757,309 3838,308 3919,308 3999,308 4080,306 4160,304 4241,302 4322,298"
                         HEIGHT="161"
                         WIDTH="1636"
                         VPOS="200"
                         HPOS="2698">
                  <String HEIGHT="161"
                          WIDTH="608"
                          VPOS="200"
                          HPOS="2651"
                          CONTENT="Andersson"/>
                  <SP HEIGHT="161" WIDTH="47" VPOS="200" HPOS="3259"/>
                  <String HEIGHT="161"
                          WIDTH="374"
                          VPOS="200"
                          HPOS="3119"
                          CONTENT="icke"/>
                  <SP HEIGHT="161" WIDTH="47" VPOS="200" HPOS="3493"/>
                  <String HEIGHT="161"
                          WIDTH="467"
                          VPOS="200"
                          HPOS="3352"
                          CONTENT="kunnat"/>
                  <SP HEIGHT="161" WIDTH="47" VPOS="200" HPOS="3820"/>
                  <String HEIGHT="161"
                          WIDTH="467"
                          VPOS="200"
                          HPOS="3680"
                          CONTENT="träffa"/>
                  <SP HEIGHT="161" WIDTH="47" VPOS="200" HPOS="4147"/>
                  <String HEIGHT="161"
                          WIDTH="374"
                          VPOS="200"
                          HPOS="3960"
                          CONTENT="honom."/>
               </TextLine>
               <TextLine ID="r3l2"
                         BASELINE="2826,490 2908,489 2990,486 3073,484 3155,480 3238,478 3320,475 3402,472 3485,468 3567,466 3650,462 3732,460 3814,458 3897,456 3979,454 4062,452 4144,452 4226,450 4309,452 4391,452 4474,454"
                         HEIGHT="229"
                         WIDTH="1675"
                         VPOS="325"
                         HPOS="2811">
                  <String HEIGHT="229"
                          WIDTH="251"
                          VPOS="325"
                          HPOS="2769"
                          CONTENT="På"/>
                  <SP HEIGHT="229" WIDTH="42" VPOS="325" HPOS="3020"/>
                  <String HEIGHT="229"
                          WIDTH="377"
                          VPOS="325"
                          HPOS="2895"
                          CONTENT="grund"/>
                  <SP HEIGHT="229" WIDTH="42" VPOS="325" HPOS="3272"/>
                  <String HEIGHT="229"
                          WIDTH="251"
                          VPOS="325"
                          HPOS="3146"
                          CONTENT="af"/>
                  <SP HEIGHT="229" WIDTH="42" VPOS="325" HPOS="3397"/>
                  <String HEIGHT="229"
                          WIDTH="335"
                          VPOS="325"
                          HPOS="3272"
                          CONTENT="hvad"/>
                  <SP HEIGHT="229" WIDTH="42" VPOS="325" HPOS="3607"/>
                  <String HEIGHT="229"
                          WIDTH="461"
                          VPOS="325"
                          HPOS="3481"
                          CONTENT="sålunda"/>
                  <SP HEIGHT="229" WIDTH="42" VPOS="325" HPOS="3942"/>
                  <String HEIGHT="229"
                          WIDTH="586"
                          VPOS="325"
                          HPOS="3816"
                          CONTENT="förekommit"/>
                  <SP HEIGHT="229" WIDTH="42" VPOS="325" HPOS="4402"/>
                  <String HEIGHT="229"
                          WIDTH="251"
                          VPOS="325"
                          HPOS="4235"
                          CONTENT="kom¬"
                          SUBS_TYPE="HypPart1"
                          SUBS_CONTENT="kommer"/>
                  <HYP CONTENT="-"/>
               </TextLine>
               <TextLine ID="r3l3"
                         BASELINE="2720,634 2807,630 2895,625 2982,621 3070,616 3158,610 3245,606 3333,602 3420,596 3508,593 3596,587 3683,584 3771,579 3858,575 3946,572 4034,568 4121,566 4209,563 4296,560 4384,558 4472,558"
                         HEIGHT="194"
                         WIDTH="1780"
                         VPOS="488"
                         HPOS="2706">
                  <String HEIGHT="194"
                          WIDTH="277"
                          VPOS="488"
                          HPOS="2666"
                          CONTENT="mer"
                          SUBS_TYPE="HypPart2"
                          SUBS_CONTENT="kommer"/>
                  <SP HEIGHT="194" WIDTH="40" VPOS="488" HPOS="2943"/>
                  <String HEIGHT="194"
                          WIDTH="396"
                          VPOS="488"
                          HPOS="2825"
                          CONTENT="Patrik"/>
                  <SP HEIGHT="194" WIDTH="40" VPOS="488" HPOS="3220"/>
                  <String HEIGHT="194"
                          WIDTH="514"
                          VPOS="488"
                          HPOS="3102"
                          CONTENT="Andersson"/>
                  <SP HEIGHT="194" WIDTH="40" VPOS="488" HPOS="3616"/>
                  <String HEIGHT="194"
                          WIDTH="277"
                          VPOS="488"
                          HPOS="3497"
                          CONTENT="att"/>
                  <SP HEIGHT="194" WIDTH="40" VPOS="488" HPOS="3774"/>
                  <String HEIGHT="194"
                          WIDTH="356"
                          VPOS="488"
                          HPOS="3655"
                          CONTENT="denna"/>
                  <SP HEIGHT="194" WIDTH="40" VPOS="488" HPOS="4011"/>
                  <String HEIGHT="194"
                          WIDTH="277"
                          VPOS="488"
                          HPOS="3893"
                          CONTENT="dag"/>
                  <SP HEIGHT="194" WIDTH="40" VPOS="488" HPOS="4170"/>
                  <String HEIGHT="194"
                          WIDTH="277"
                          VPOS="488"
                          HPOS="4051"
                          CONTENT="för"/>
                  <SP HEIGHT="194" WIDTH="40" VPOS="488" HPOS="4328"/>
                  <String HEIGHT="194"
                          WIDTH="316"
                          VPOS="488"
                          HPOS="4170"
                          CONTENT="Polis¬"
                          SUBS_TYPE="HypPart1"
                          SUBS_CONTENT="PolisKammaren"/>
                  <HYP CONTENT="-"/>
               </TextLine>
               <TextLine ID="r3l4"
                         BASELINE="2732,778 2781,776 2830,773 2879,772 2929,768 2978,766 3027,763 3077,760 3126,758 3175,755 3225,753 3274,750 3323,748 3372,745 3422,743 3471,741 3520,738 3570,736 3619,734 3668,732 3718,730"
                         HEIGHT="219"
                         WIDTH="1015"
                         VPOS="618"
                         HPOS="2716">
                  <String HEIGHT="219"
                          WIDTH="641"
                          VPOS="618"
                          HPOS="2663"
                          CONTENT="Kammaren"
                          SUBS_TYPE="HypPart2"
                          SUBS_CONTENT="PolisKammaren"/>
                  <SP HEIGHT="219" WIDTH="53" VPOS="618" HPOS="3304"/>
                  <String HEIGHT="219"
                          WIDTH="641"
                          VPOS="618"
                          HPOS="3090"
                          CONTENT="inställas."/>
               </TextLine>
               <TextLine ID="r3l5"
                         BASELINE="3282,910 3334,907 3386,904 3438,902 3490,899 3542,896 3594,894 3646,891 3698,888 3750,886 3802,884 3854,882 3906,880 3958,878 4010,878 4062,876 4114,875 4166,874 4218,874 4270,874 4322,874"
                         HEIGHT="224"
                         WIDTH="1065"
                         VPOS="745"
                         HPOS="3269">
                  <String HEIGHT="224"
                          WIDTH="441"
                          VPOS="745"
                          HPOS="3232"
                          CONTENT="Göteborg"/>
                  <SP HEIGHT="224" WIDTH="37" VPOS="745" HPOS="3673"/>
                  <String HEIGHT="224"
                          WIDTH="257"
                          VPOS="745"
                          HPOS="3563"
                          CONTENT="den"/>
                  <SP HEIGHT="224" WIDTH="37" VPOS="745" HPOS="3820"/>
                  <String HEIGHT="224" WIDTH="184" VPOS="745" HPOS="3710" CONTENT="3"/>
                  <SP HEIGHT="224" WIDTH="37" VPOS="745" HPOS="3893"/>
                  <String HEIGHT="224"
                          WIDTH="441"
                          VPOS="745"
                          HPOS="3783"
                          CONTENT="November"/>
                  <SP HEIGHT="224" WIDTH="37" VPOS="745" HPOS="4224"/>
                  <String HEIGHT="224"
                          WIDTH="257"
                          VPOS="745"
                          HPOS="4077"
                          CONTENT="1880."/>
               </TextLine>
            </TextBlock>
            <TextBlock ID="TextRegion_1584874395153_1625"
                       HEIGHT="262"
                       WIDTH="440"
                       VPOS="924"
                       HPOS="4490">
               <Shape>
                  <Polygon POINTS="4490,924 4930,924 4930,1186 4490,1186"/>
               </Shape>
               <TextLine ID="r4l1"
                         BASELINE="4490,994 4515,990 4541,987 4566,983 4592,981 4617,979 4643,978 4668,976 4694,976 4719,974 4745,974 4770,972 4796,972 4822,970"
                         HEIGHT="125"
                         WIDTH="358"
                         VPOS="875"
                         HPOS="4476">
                  <String HEIGHT="125"
                          WIDTH="358"
                          VPOS="875"
                          HPOS="4416"
                          CONTENT="No"/>
                  <SP HEIGHT="125" WIDTH="60" VPOS="875" HPOS="4774"/>
                  <String HEIGHT="125"
                          WIDTH="298"
                          VPOS="875"
                          HPOS="4536"
                          CONTENT="231"/>
               </TextLine>
               <TextLine ID="r4l2"
                         BASELINE="4518,1082 4543,1080 4569,1080 4595,1078 4621,1076 4646,1076 4672,1073 4698,1072 4724,1071 4749,1069 4775,1068 4801,1066 4827,1064 4852,1064 4878,1061 4904,1059 4930,1058"
                         HEIGHT="167"
                         WIDTH="440"
                         VPOS="950"
                         HPOS="4502">
                  <String HEIGHT="167"
                          WIDTH="320"
                          VPOS="950"
                          HPOS="4462"
                          CONTENT="Carl"/>
                  <SP HEIGHT="167" WIDTH="40" VPOS="950" HPOS="4782"/>
                  <String HEIGHT="167"
                          WIDTH="320"
                          VPOS="950"
                          HPOS="4622"
                          CONTENT="Alfred"/>
               </TextLine>
               <TextLine ID="r4l3"
                         BASELINE="4544,1152 4570,1152 4596,1152 4622,1151 4649,1149 4675,1148 4701,1146 4728,1143 4754,1141 4780,1140 4806,1137 4833,1136 4859,1134 4885,1134 4912,1136"
                         HEIGHT="136"
                         WIDTH="396"
                         VPOS="1072"
                         HPOS="4530">
                  <String HEIGHT="136"
                          WIDTH="484"
                          VPOS="1072"
                          HPOS="4442"
                          CONTENT="Sjöstrand"/>
               </TextLine>
            </TextBlock>
            <TextBlock ID="TextRegion_1584874388594_1619"
                       HEIGHT="2981"
                       WIDTH="1808"
                       VPOS="903"
                       HPOS="2684">
               <Shape>
                  <Polygon POINTS="2684,946 3151,956 4492,903 4492,3884 2684,3884"/>
               </Shape>
               <TextLine ID="r3l6"
                         BASELINE="2718,1022 2745,1020 2772,1022 2799,1026 2826,1028 2853,1028 2880,1021 2908,1008"
                         HEIGHT="129"
                         WIDTH="213"
                         VPOS="921"
                         HPOS="2706">
                  <String HEIGHT="129"
                          WIDTH="426"
                          VPOS="921"
                          HPOS="2493"
                          CONTENT="1o"/>
               </TextLine>
               <TextLine ID="r3l7"
                         BASELINE="2732,1096 2815,1084 2899,1073 2983,1064 3067,1054 3151,1047 3235,1042 3319,1036 3403,1032 3487,1028 3571,1023 3654,1020 3738,1017 3822,1014 3906,1011 3990,1007 4074,1004 4158,1000 4242,998 4326,992 4410,988"
                         HEIGHT="255"
                         WIDTH="1696"
                         VPOS="856"
                         HPOS="2718">
                  <String HEIGHT="255"
                          WIDTH="492"
                          VPOS="856"
                          HPOS="2663"
                          CONTENT="Förre"/>
                  <SP HEIGHT="255" WIDTH="55" VPOS="856" HPOS="3156"/>
                  <String HEIGHT="255"
                          WIDTH="602"
                          VPOS="856"
                          HPOS="2992"
                          CONTENT="Husaren"/>
                  <SP HEIGHT="255" WIDTH="55" VPOS="856" HPOS="3593"/>
                  <String HEIGHT="255"
                          WIDTH="547"
                          VPOS="856"
                          HPOS="3429"
                          CONTENT="August"/>
                  <SP HEIGHT="255" WIDTH="55" VPOS="856" HPOS="3976"/>
                  <String HEIGHT="255"
                          WIDTH="547"
                          VPOS="856"
                          HPOS="3812"
                          CONTENT="Henrik"/>
                  <SP HEIGHT="255" WIDTH="55" VPOS="856" HPOS="4359"/>
                  <String HEIGHT="255"
                          WIDTH="274"
                          VPOS="856"
                          HPOS="4140"
                          CONTENT="Ek¬"
                          SUBS_TYPE="HypPart1"
                          SUBS_CONTENT="Ekström,"/>
                  <HYP CONTENT="-"/>
               </TextLine>
               <TextLine ID="r3l8"
                         BASELINE="2722,1182 2808,1173 2894,1164 2980,1154 3067,1146 3153,1138 3239,1130 3326,1124 3412,1118 3498,1112 3585,1108 3671,1102 3757,1098 3843,1094 3930,1090 4016,1088 4102,1086 4189,1082 4275,1080 4361,1078 4448,1076"
                         HEIGHT="223"
                         WIDTH="1751"
                         VPOS="991"
                         HPOS="2709">
                  <String HEIGHT="223"
                          WIDTH="461"
                          VPOS="991"
                          HPOS="2663"
                          CONTENT="ström,"
                          SUBS_TYPE="HypPart2"
                          SUBS_CONTENT="Ekström,"/>
                  <SP HEIGHT="223" WIDTH="46" VPOS="991" HPOS="3124"/>
                  <String HEIGHT="223"
                          WIDTH="461"
                          VPOS="991"
                          HPOS="2985"
                          CONTENT="boende"/>
                  <SP HEIGHT="223" WIDTH="46" VPOS="991" HPOS="3446"/>
                  <String HEIGHT="223" WIDTH="230" VPOS="991" HPOS="3308" CONTENT="i"/>
                  <SP HEIGHT="223" WIDTH="46" VPOS="991" HPOS="3538"/>
                  <String HEIGHT="223"
                          WIDTH="415"
                          VPOS="991"
                          HPOS="3400"
                          CONTENT="huset"/>
                  <SP HEIGHT="223" WIDTH="46" VPOS="991" HPOS="3815"/>
                  <String HEIGHT="223"
                          WIDTH="276"
                          VPOS="991"
                          HPOS="3677"
                          CONTENT="No"/>
                  <SP HEIGHT="223" WIDTH="46" VPOS="991" HPOS="3953"/>
                  <String HEIGHT="223"
                          WIDTH="276"
                          VPOS="991"
                          HPOS="3815"
                          CONTENT="20"/>
                  <SP HEIGHT="223" WIDTH="46" VPOS="991" HPOS="4091"/>
                  <String HEIGHT="223"
                          WIDTH="323"
                          VPOS="991"
                          HPOS="3953"
                          CONTENT="vid"/>
                  <SP HEIGHT="223" WIDTH="46" VPOS="991" HPOS="4276"/>
                  <String HEIGHT="223"
                          WIDTH="369"
                          VPOS="991"
                          HPOS="4091"
                          CONTENT="Bergs¬"
                          SUBS_TYPE="HypPart1"
                          SUBS_CONTENT="Bergsgatan,"/>
                  <HYP CONTENT="-"/>
               </TextLine>
               <TextLine ID="r3l9"
                         BASELINE="2724,1284 2807,1273 2891,1263 2974,1253 3058,1244 3141,1238 3225,1231 3308,1224 3392,1218 3475,1213 3559,1209 3642,1205 3726,1201 3809,1197 3893,1194 3976,1192 4060,1189 4143,1187 4227,1185 4310,1183 4394,1182"
                         HEIGHT="207"
                         WIDTH="1699"
                         VPOS="1103"
                         HPOS="2707">
                  <String HEIGHT="207"
                          WIDTH="472"
                          VPOS="1103"
                          HPOS="2660"
                          CONTENT="gatan,"
                          SUBS_TYPE="HypPart2"
                          SUBS_CONTENT="Bergsgatan,"/>
                  <SP HEIGHT="207" WIDTH="47" VPOS="1103" HPOS="3132"/>
                  <String HEIGHT="207"
                          WIDTH="330"
                          VPOS="1103"
                          HPOS="2990"
                          CONTENT="har"/>
                  <SP HEIGHT="207" WIDTH="47" VPOS="1103" HPOS="3321"/>
                  <String HEIGHT="207"
                          WIDTH="330"
                          VPOS="1103"
                          HPOS="3179"
                          CONTENT="den"/>
                  <SP HEIGHT="207" WIDTH="47" VPOS="1103" HPOS="3509"/>
                  <String HEIGHT="207"
                          WIDTH="283"
                          VPOS="1103"
                          HPOS="3368"
                          CONTENT="29"/>
                  <SP HEIGHT="207" WIDTH="47" VPOS="1103" HPOS="3651"/>
                  <String HEIGHT="207"
                          WIDTH="472"
                          VPOS="1103"
                          HPOS="3509"
                          CONTENT="sistl."/>
                  <SP HEIGHT="207" WIDTH="47" VPOS="1103" HPOS="3981"/>
                  <String HEIGHT="207"
                          WIDTH="614"
                          VPOS="1103"
                          HPOS="3840"
                          CONTENT="September"/>
                  <SP HEIGHT="207" WIDTH="47" VPOS="1103" HPOS="4453"/>
                  <String HEIGHT="207"
                          WIDTH="142"
                          VPOS="1103"
                          HPOS="4264"
                          CONTENT="å"/>
               </TextLine>
               <TextLine ID="r3l10"
                         BASELINE="2712,1402 2797,1390 2883,1380 2969,1370 3055,1361 3141,1352 3227,1343 3313,1336 3399,1328 3485,1322 3571,1316 3656,1309 3742,1303 3828,1298 3914,1293 4000,1289 4086,1285 4172,1280 4258,1277 4344,1274 4430,1270"
                         HEIGHT="276"
                         WIDTH="1751"
                         VPOS="1185"
                         HPOS="2695">
                  <String HEIGHT="276"
                          WIDTH="600"
                          VPOS="1185"
                          HPOS="2645"
                          CONTENT="Polisens"/>
                  <SP HEIGHT="276" WIDTH="50" VPOS="1185" HPOS="3245"/>
                  <String HEIGHT="276"
                          WIDTH="650"
                          VPOS="1185"
                          HPOS="3095"
                          CONTENT="detektiva"/>
                  <SP HEIGHT="276" WIDTH="50" VPOS="1185" HPOS="3746"/>
                  <String HEIGHT="276"
                          WIDTH="901"
                          VPOS="1185"
                          HPOS="3545"
                          CONTENT="afdelningskontor"/>
               </TextLine>
               <TextLine ID="r3l11"
                         BASELINE="2716,1500 2804,1491 2893,1483 2982,1474 3071,1466 3160,1458 3248,1451 3337,1444 3426,1437 3515,1431 3604,1425 3692,1419 3781,1415 3870,1409 3959,1405 4048,1402 4136,1399 4225,1396 4314,1394 4403,1392 4492,1392"
                         HEIGHT="193"
                         WIDTH="1803"
                         VPOS="1322"
                         HPOS="2702">
                  <String HEIGHT="193"
                          WIDTH="569"
                          VPOS="1322"
                          HPOS="2655"
                          CONTENT="inlemnat"/>
                  <SP HEIGHT="193" WIDTH="47" VPOS="1322" HPOS="3224"/>
                  <String HEIGHT="193"
                          WIDTH="285"
                          VPOS="1322"
                          HPOS="3082"
                          CONTENT="en"/>
                  <SP HEIGHT="193" WIDTH="47" VPOS="1322" HPOS="3366"/>
                  <String HEIGHT="193"
                          WIDTH="902"
                          VPOS="1322"
                          HPOS="3224"
                          CONTENT="vinteröfverrock"/>
                  <SP HEIGHT="193" WIDTH="47" VPOS="1322" HPOS="4125"/>
                  <String HEIGHT="193"
                          WIDTH="427"
                          VPOS="1322"
                          HPOS="3983"
                          CONTENT="under"/>
                  <SP HEIGHT="193" WIDTH="47" VPOS="1322" HPOS="4410"/>
                  <String HEIGHT="193"
                          WIDTH="285"
                          VPOS="1322"
                          HPOS="4220"
                          CONTENT="upp¬"
                          SUBS_TYPE="HypPart1"
                          SUBS_CONTENT="uppgift,"/>
                  <HYP CONTENT="-"/>
               </TextLine>
               <TextLine ID="r3l12"
                         BASELINE="2720,1606 2805,1599 2890,1590 2975,1583 3060,1577 3145,1568 3230,1563 3315,1556 3400,1549 3485,1543 3571,1536 3656,1530 3741,1525 3826,1518 3911,1513 3996,1508 4081,1503 4166,1496 4251,1493 4336,1487 4422,1482"
                         HEIGHT="245"
                         WIDTH="1728"
                         VPOS="1409"
                         HPOS="2708">
                  <String HEIGHT="245"
                          WIDTH="420"
                          VPOS="1409"
                          HPOS="2661"
                          CONTENT="gift,"
                          SUBS_TYPE="HypPart2"
                          SUBS_CONTENT="uppgift,"/>
                  <SP HEIGHT="245" WIDTH="47" VPOS="1409" HPOS="3082"/>
                  <String HEIGHT="245"
                          WIDTH="327"
                          VPOS="1409"
                          HPOS="2942"
                          CONTENT="att"/>
                  <SP HEIGHT="245" WIDTH="47" VPOS="1409" HPOS="3268"/>
                  <String HEIGHT="245"
                          WIDTH="327"
                          VPOS="1409"
                          HPOS="3128"
                          CONTENT="han"/>
                  <SP HEIGHT="245" WIDTH="47" VPOS="1409" HPOS="3455"/>
                  <String HEIGHT="245"
                          WIDTH="654"
                          VPOS="1409"
                          HPOS="3315"
                          CONTENT="föregående"/>
                  <SP HEIGHT="245" WIDTH="47" VPOS="1409" HPOS="3969"/>
                  <String HEIGHT="245"
                          WIDTH="327"
                          VPOS="1409"
                          HPOS="3829"
                          CONTENT="dag"/>
                  <SP HEIGHT="245" WIDTH="47" VPOS="1409" HPOS="4156"/>
                  <String HEIGHT="245"
                          WIDTH="467"
                          VPOS="1409"
                          HPOS="3969"
                          CONTENT="mottagit"/>
               </TextLine>
               <TextLine ID="r3l13"
                         BASELINE="2724,1716 2807,1709 2891,1702 2975,1694 3059,1686 3143,1678 3226,1671 3310,1663 3394,1656 3478,1650 3562,1642 3645,1637 3729,1630 3813,1625 3897,1620 3981,1613 4064,1610 4148,1605 4232,1602 4316,1598 4400,1596"
                         HEIGHT="248"
                         WIDTH="1700"
                         VPOS="1504"
                         HPOS="2707">
                  <String HEIGHT="248"
                          WIDTH="600"
                          VPOS="1504"
                          HPOS="2657"
                          CONTENT="densamma"/>
                  <SP HEIGHT="248" WIDTH="50" VPOS="1504" HPOS="3257"/>
                  <String HEIGHT="248"
                          WIDTH="300"
                          VPOS="1504"
                          HPOS="3107"
                          CONTENT="af"/>
                  <SP HEIGHT="248" WIDTH="50" VPOS="1504" HPOS="3407"/>
                  <String HEIGHT="248"
                          WIDTH="350"
                          VPOS="1504"
                          HPOS="3257"
                          CONTENT="fre"/>
                  <SP HEIGHT="248" WIDTH="50" VPOS="1504" HPOS="3607"/>
                  <String HEIGHT="248"
                          WIDTH="850"
                          VPOS="1504"
                          HPOS="3457"
                          CONTENT="Artilleristen"/>
                  <SP HEIGHT="248" WIDTH="50" VPOS="1504" HPOS="4307"/>
                  <String HEIGHT="248"
                          WIDTH="300"
                          VPOS="1504"
                          HPOS="4107"
                          CONTENT="Carl"/>
               </TextLine>
               <TextLine ID="r3l14"
                         BASELINE="2714,1826 2800,1817 2886,1808 2972,1799 3058,1791 3144,1782 3230,1774 3316,1767 3402,1760 3488,1754 3574,1747 3660,1742 3746,1736 3832,1731 3918,1726 4004,1721 4090,1718 4176,1714 4262,1710 4348,1705 4434,1702"
                         HEIGHT="214"
                         WIDTH="1749"
                         VPOS="1631"
                         HPOS="2698">
                  <String HEIGHT="214"
                          WIDTH="486"
                          VPOS="1631"
                          HPOS="2649"
                          CONTENT="Alfred"/>
                  <SP HEIGHT="214" WIDTH="49" VPOS="1631" HPOS="3135"/>
                  <String HEIGHT="214"
                          WIDTH="680"
                          VPOS="1631"
                          HPOS="2990"
                          CONTENT="Sjöstrand,"/>
                  <SP HEIGHT="214" WIDTH="49" VPOS="1631" HPOS="3670"/>
                  <String HEIGHT="214"
                          WIDTH="389"
                          VPOS="1631"
                          HPOS="3524"
                          CONTENT="samt"/>
                  <SP HEIGHT="214" WIDTH="49" VPOS="1631" HPOS="3913"/>
                  <String HEIGHT="214"
                          WIDTH="340"
                          VPOS="1631"
                          HPOS="3767"
                          CONTENT="att"/>
                  <SP HEIGHT="214" WIDTH="49" VPOS="1631" HPOS="4107"/>
                  <String HEIGHT="214"
                          WIDTH="340"
                          VPOS="1631"
                          HPOS="3961"
                          CONTENT="han"/>
                  <SP HEIGHT="214" WIDTH="49" VPOS="1631" HPOS="4301"/>
                  <String HEIGHT="214"
                          WIDTH="340"
                          VPOS="1631"
                          HPOS="4107"
                          CONTENT="miss¬"
                          SUBS_TYPE="HypPart1"
                          SUBS_CONTENT="misstänkte"/>
                  <HYP CONTENT="-"/>
               </TextLine>
               <TextLine ID="r3l15"
                         BASELINE="2724,1936 2808,1927 2893,1918 2978,1910 3063,1902 3148,1894 3232,1887 3317,1881 3402,1873 3487,1867 3572,1862 3656,1855 3741,1850 3826,1845 3911,1840 3996,1835 4080,1829 4165,1824 4250,1820 4335,1816 4420,1812"
                         HEIGHT="233"
                         WIDTH="1723"
                         VPOS="1719"
                         HPOS="2710">
                  <String HEIGHT="233"
                          WIDTH="479"
                          VPOS="1719"
                          HPOS="2662"
                          CONTENT="tänkte"
                          SUBS_TYPE="HypPart2"
                          SUBS_CONTENT="misstänkte"/>
                  <SP HEIGHT="233" WIDTH="48" VPOS="1719" HPOS="3141"/>
                  <String HEIGHT="233"
                          WIDTH="335"
                          VPOS="1719"
                          HPOS="2997"
                          CONTENT="att"/>
                  <SP HEIGHT="233" WIDTH="48" VPOS="1719" HPOS="3332"/>
                  <String HEIGHT="233"
                          WIDTH="622"
                          VPOS="1719"
                          HPOS="3189"
                          CONTENT="Sjöstrand"/>
                  <SP HEIGHT="233" WIDTH="48" VPOS="1719" HPOS="3811"/>
                  <String HEIGHT="233"
                          WIDTH="287"
                          VPOS="1719"
                          HPOS="3667"
                          CONTENT="på"/>
                  <SP HEIGHT="233" WIDTH="48" VPOS="1719" HPOS="3954"/>
                  <String HEIGHT="233"
                          WIDTH="526"
                          VPOS="1719"
                          HPOS="3811"
                          CONTENT="oärligt"/>
                  <SP HEIGHT="233" WIDTH="48" VPOS="1719" HPOS="4337"/>
                  <String HEIGHT="233"
                          WIDTH="287"
                          VPOS="1719"
                          HPOS="4146"
                          CONTENT="sätt"/>
               </TextLine>
               <TextLine ID="r3l16"
                         BASELINE="2720,2032 2766,2026 2812,2021 2858,2017 2904,2012 2951,2007 2997,2003 3043,1999 3089,1994 3135,1990 3182,1986 3228,1983 3274,1978 3320,1974 3366,1970 3413,1967 3459,1965 3505,1962 3551,1960 3597,1958 3644,1956"
                         HEIGHT="141"
                         WIDTH="952"
                         VPOS="1903"
                         HPOS="2704">
                  <String HEIGHT="141"
                          WIDTH="714"
                          VPOS="1903"
                          HPOS="2645"
                          CONTENT="åtkommit"/>
                  <SP HEIGHT="141" WIDTH="60" VPOS="1903" HPOS="3359"/>
                  <String HEIGHT="141"
                          WIDTH="536"
                          VPOS="1903"
                          HPOS="3121"
                          CONTENT="rocken."/>
               </TextLine>
               <TextLine ID="r3l17"
                         BASELINE="2704,2110 2791,2106 2879,2102 2967,2097 3055,2092 3143,2087 3231,2082 3319,2076 3407,2070 3495,2064 3583,2058 3670,2053 3758,2048 3846,2043 3934,2038 4022,2034 4110,2030 4198,2026 4286,2022 4374,2020 4462,2018"
                         HEIGHT="243"
                         WIDTH="1785"
                         VPOS="1914"
                         HPOS="2690">
                  <String HEIGHT="243"
                          WIDTH="282"
                          VPOS="1914"
                          HPOS="2643"
                          CONTENT="2o"/>
                  <SP HEIGHT="243" WIDTH="47" VPOS="1914" HPOS="2925"/>
                  <String HEIGHT="243"
                          WIDTH="986"
                          VPOS="1914"
                          HPOS="2784"
                          CONTENT="Snickeriarbetaren"/>
                  <SP HEIGHT="243" WIDTH="47" VPOS="1914" HPOS="3770"/>
                  <String HEIGHT="243"
                          WIDTH="376"
                          VPOS="1914"
                          HPOS="3629"
                          CONTENT="Carl"/>
                  <SP HEIGHT="243" WIDTH="47" VPOS="1914" HPOS="4005"/>
                  <String HEIGHT="243"
                          WIDTH="423"
                          VPOS="1914"
                          HPOS="3864"
                          CONTENT="Johan"/>
                  <SP HEIGHT="243" WIDTH="47" VPOS="1914" HPOS="4287"/>
                  <String HEIGHT="243"
                          WIDTH="376"
                          VPOS="1914"
                          HPOS="4099"
                          CONTENT="Eriks¬"
                          SUBS_TYPE="HypPart1"
                          SUBS_CONTENT="Eriksson"/>
                  <HYP CONTENT="-"/>
               </TextLine>
               <TextLine ID="r3l18"
                         BASELINE="2716,2212 2801,2206 2886,2200 2971,2194 3057,2190 3142,2184 3227,2179 3313,2175 3398,2170 3483,2166 3569,2161 3654,2156 3739,2153 3824,2148 3910,2144 3995,2140 4080,2136 4166,2132 4251,2128 4336,2124 4422,2120"
                         HEIGHT="192"
                         WIDTH="1733"
                         VPOS="2035"
                         HPOS="2702">
                  <String HEIGHT="192"
                          WIDTH="347"
                          VPOS="2035"
                          HPOS="2652"
                          CONTENT="son"
                          SUBS_TYPE="HypPart2"
                          SUBS_CONTENT="Eriksson"/>
                  <SP HEIGHT="192" WIDTH="50" VPOS="2035" HPOS="2999"/>
                  <String HEIGHT="192"
                          WIDTH="495"
                          VPOS="2035"
                          HPOS="2851"
                          CONTENT="boende"/>
                  <SP HEIGHT="192" WIDTH="50" VPOS="2035" HPOS="3346"/>
                  <String HEIGHT="192"
                          WIDTH="248"
                          VPOS="2035"
                          HPOS="3197"
                          CONTENT="i"/>
                  <SP HEIGHT="192" WIDTH="50" VPOS="2035" HPOS="3445"/>
                  <String HEIGHT="192"
                          WIDTH="446"
                          VPOS="2035"
                          HPOS="3296"
                          CONTENT="huset"/>
                  <SP HEIGHT="192" WIDTH="50" VPOS="2035" HPOS="3742"/>
                  <String HEIGHT="192"
                          WIDTH="297"
                          VPOS="2035"
                          HPOS="3593"
                          CONTENT="No"/>
                  <SP HEIGHT="192" WIDTH="50" VPOS="2035" HPOS="3890"/>
                  <String HEIGHT="192"
                          WIDTH="248"
                          VPOS="2035"
                          HPOS="3742"
                          CONTENT="8"/>
                  <SP HEIGHT="192" WIDTH="50" VPOS="2035" HPOS="3989"/>
                  <String HEIGHT="192"
                          WIDTH="347"
                          VPOS="2035"
                          HPOS="3841"
                          CONTENT="vid"/>
                  <SP HEIGHT="192" WIDTH="50" VPOS="2035" HPOS="4187"/>
                  <String HEIGHT="192"
                          WIDTH="446"
                          VPOS="2035"
                          HPOS="3989"
                          CONTENT="Nygatan"/>
               </TextLine>
               <TextLine ID="r3l19"
                         BASELINE="2726,2314 2806,2308 2886,2303 2966,2296 3046,2291 3126,2285 3206,2280 3286,2273 3366,2268 3446,2263 3527,2259 3607,2254 3687,2250 3767,2245 3847,2241 3927,2238 4007,2235 4087,2232 4167,2230 4247,2228 4328,2228"
                         HEIGHT="209"
                         WIDTH="1624"
                         VPOS="2150"
                         HPOS="2710">
                  <String HEIGHT="209"
                          WIDTH="316"
                          VPOS="2150"
                          HPOS="2665"
                          CONTENT="har"/>
                  <SP HEIGHT="209" WIDTH="45" VPOS="2150" HPOS="2981"/>
                  <String HEIGHT="209"
                          WIDTH="541"
                          VPOS="2150"
                          HPOS="2845"
                          CONTENT="derefter"/>
                  <SP HEIGHT="209" WIDTH="45" VPOS="2150" HPOS="3387"/>
                  <String HEIGHT="209"
                          WIDTH="586"
                          VPOS="2150"
                          HPOS="3251"
                          CONTENT="Torsdagen"/>
                  <SP HEIGHT="209" WIDTH="45" VPOS="2150" HPOS="3838"/>
                  <String HEIGHT="209"
                          WIDTH="316"
                          VPOS="2150"
                          HPOS="3702"
                          CONTENT="den"/>
                  <SP HEIGHT="209" WIDTH="45" VPOS="2150" HPOS="4018"/>
                  <String HEIGHT="209"
                          WIDTH="271"
                          VPOS="2150"
                          HPOS="3883"
                          CONTENT="15"/>
                  <SP HEIGHT="209" WIDTH="45" VPOS="2150" HPOS="4154"/>
                  <String HEIGHT="209"
                          WIDTH="361"
                          VPOS="2150"
                          HPOS="3973"
                          CONTENT="sistl."/>
               </TextLine>
               <TextLine ID="r3l20"
                         BASELINE="2722,2418 2809,2410 2897,2403 2984,2395 3072,2386 3159,2378 3247,2371 3334,2364 3422,2357 3509,2349 3597,2343 3684,2338 3772,2332 3859,2327 3947,2324 4034,2320 4122,2318 4209,2316 4297,2314 4384,2314 4472,2316"
                         HEIGHT="225"
                         WIDTH="1778"
                         VPOS="2211"
                         HPOS="2708">
                  <String HEIGHT="225"
                          WIDTH="543"
                          VPOS="2211"
                          HPOS="2659"
                          CONTENT="Oktober"/>
                  <SP HEIGHT="225" WIDTH="49" VPOS="2211" HPOS="3202"/>
                  <String HEIGHT="225"
                          WIDTH="494"
                          VPOS="2211"
                          HPOS="3054"
                          CONTENT="anmält"/>
                  <SP HEIGHT="225" WIDTH="49" VPOS="2211" HPOS="3548"/>
                  <String HEIGHT="225"
                          WIDTH="346"
                          VPOS="2211"
                          HPOS="3399"
                          CONTENT="att"/>
                  <SP HEIGHT="225" WIDTH="49" VPOS="2211" HPOS="3745"/>
                  <String HEIGHT="225"
                          WIDTH="445"
                          VPOS="2211"
                          HPOS="3597"
                          CONTENT="någon"/>
                  <SP HEIGHT="225" WIDTH="49" VPOS="2211" HPOS="4042"/>
                  <String HEIGHT="225"
                          WIDTH="296"
                          VPOS="2211"
                          HPOS="3893"
                          CONTENT="af"/>
                  <SP HEIGHT="225" WIDTH="49" VPOS="2211" HPOS="4190"/>
                  <String HEIGHT="225"
                          WIDTH="296"
                          VPOS="2211"
                          HPOS="4041"
                          CONTENT="de"/>
                  <SP HEIGHT="225" WIDTH="49" VPOS="2211" HPOS="4338"/>
                  <String HEIGHT="225"
                          WIDTH="346"
                          VPOS="2211"
                          HPOS="4140"
                          CONTENT="sist."/>
               </TextLine>
               <TextLine ID="r3l21"
                         BASELINE="2704,2524 2787,2516 2871,2510 2954,2502 3038,2496 3122,2488 3205,2481 3289,2474 3372,2466 3456,2459 3540,2453 3623,2448 3707,2443 3790,2439 3874,2434 3958,2430 4041,2426 4125,2424 4208,2422 4292,2420 4376,2420"
                         HEIGHT="284"
                         WIDTH="1692"
                         VPOS="2322"
                         HPOS="2690">
                  <String HEIGHT="284"
                          WIDTH="547"
                          VPOS="2322"
                          HPOS="2640"
                          CONTENT="dagarne"/>
                  <SP HEIGHT="284" WIDTH="50" VPOS="2322" HPOS="3188"/>
                  <String HEIGHT="284"
                          WIDTH="249"
                          VPOS="2322"
                          HPOS="3038"
                          CONTENT="i"/>
                  <SP HEIGHT="284" WIDTH="50" VPOS="2322" HPOS="3287"/>
                  <String HEIGHT="284"
                          WIDTH="498"
                          VPOS="2322"
                          HPOS="3138"
                          CONTENT="sistl."/>
                  <SP HEIGHT="284" WIDTH="50" VPOS="2322" HPOS="3636"/>
                  <String HEIGHT="284"
                          WIDTH="647"
                          VPOS="2322"
                          HPOS="3486"
                          CONTENT="September"/>
                  <SP HEIGHT="284" WIDTH="50" VPOS="2322" HPOS="4133"/>
                  <String HEIGHT="284"
                          WIDTH="448"
                          VPOS="2322"
                          HPOS="3984"
                          CONTENT="månad"/>
                  <SP HEIGHT="284" WIDTH="50" VPOS="2322" HPOS="4432"/>
                  <String HEIGHT="284"
                          WIDTH="149"
                          VPOS="2322"
                          HPOS="4233"
                          CONTENT="i"/>
               </TextLine>
               <TextLine ID="r3l22"
                         BASELINE="2702,2630 2788,2624 2874,2616 2960,2609 3047,2601 3133,2594 3219,2587 3306,2579 3392,2572 3478,2565 3565,2560 3651,2554 3737,2548 3823,2544 3910,2540 3996,2536 4082,2534 4169,2534 4255,2534 4341,2535 4428,2538"
                         HEIGHT="224"
                         WIDTH="1748"
                         VPOS="2446"
                         HPOS="2689">
                  <String HEIGHT="224"
                          WIDTH="636"
                          VPOS="2446"
                          HPOS="2636"
                          CONTENT="tamburen"/>
                  <SP HEIGHT="224" WIDTH="53" VPOS="2446" HPOS="3272"/>
                  <String HEIGHT="224"
                          WIDTH="424"
                          VPOS="2446"
                          HPOS="3113"
                          CONTENT="till"/>
                  <SP HEIGHT="224" WIDTH="53" VPOS="2446" HPOS="3537"/>
                  <String HEIGHT="224"
                          WIDTH="636"
                          VPOS="2446"
                          HPOS="3378"
                          CONTENT="bostaden"/>
                  <SP HEIGHT="224" WIDTH="53" VPOS="2446" HPOS="4013"/>
                  <String HEIGHT="224"
                          WIDTH="424"
                          VPOS="2446"
                          HPOS="3854"
                          CONTENT="från"/>
                  <SP HEIGHT="224" WIDTH="53" VPOS="2446" HPOS="4278"/>
                  <String HEIGHT="224"
                          WIDTH="371"
                          VPOS="2446"
                          HPOS="4066"
                          CONTENT="honom"/>
               </TextLine>
               <TextLine ID="r3l23"
                         BASELINE="2684,2732 2771,2727 2858,2721 2945,2718 3032,2711 3119,2706 3206,2699 3293,2693 3380,2688 3467,2682 3554,2676 3641,2671 3728,2666 3815,2662 3902,2658 3989,2656 4076,2653 4163,2652 4250,2651 4337,2652 4424,2652"
                         HEIGHT="263"
                         WIDTH="1765"
                         VPOS="2541"
                         HPOS="2671">
                  <String HEIGHT="263"
                          WIDTH="716"
                          VPOS="2541"
                          HPOS="2623"
                          CONTENT="tillgripits"/>
                  <SP HEIGHT="263" WIDTH="48" VPOS="2541" HPOS="3339"/>
                  <String HEIGHT="263"
                          WIDTH="286"
                          VPOS="2541"
                          HPOS="3196"
                          CONTENT="en"/>
                  <SP HEIGHT="263" WIDTH="48" VPOS="2541" HPOS="3482"/>
                  <String HEIGHT="263"
                          WIDTH="906"
                          VPOS="2541"
                          HPOS="3339"
                          CONTENT="vinteröfverrock"/>
                  <SP HEIGHT="263" WIDTH="48" VPOS="2541" HPOS="4245"/>
                  <String HEIGHT="263"
                          WIDTH="286"
                          VPOS="2541"
                          HPOS="4102"
                          CONTENT="af"/>
                  <SP HEIGHT="263" WIDTH="48" VPOS="2541" HPOS="4388"/>
                  <String HEIGHT="263"
                          WIDTH="239"
                          VPOS="2541"
                          HPOS="4197"
                          CONTENT="blå"/>
               </TextLine>
               <TextLine ID="r3l24"
                         BASELINE="2706,2850 2793,2845 2881,2838 2969,2832 3057,2824 3145,2818 3233,2812 3321,2806 3409,2800 3497,2794 3585,2788 3672,2782 3760,2778 3848,2773 3936,2769 4024,2766 4112,2762 4200,2760 4288,2758 4376,2758 4464,2758"
                         HEIGHT="264"
                         WIDTH="1786"
                         VPOS="2652"
                         HPOS="2691">
                  <String HEIGHT="264"
                          WIDTH="458"
                          VPOS="2652"
                          HPOS="2645"
                          CONTENT="doffel"/>
                  <SP HEIGHT="264" WIDTH="46" VPOS="2652" HPOS="3103"/>
                  <String HEIGHT="264"
                          WIDTH="321"
                          VPOS="2652"
                          HPOS="2966"
                          CONTENT="med"/>
                  <SP HEIGHT="264" WIDTH="46" VPOS="2652" HPOS="3286"/>
                  <String HEIGHT="264"
                          WIDTH="412"
                          VPOS="2652"
                          HPOS="3149"
                          CONTENT="svart"/>
                  <SP HEIGHT="264" WIDTH="46" VPOS="2652" HPOS="3561"/>
                  <String HEIGHT="264"
                          WIDTH="641"
                          VPOS="2652"
                          HPOS="3424"
                          CONTENT="yllefoder,"/>
                  <SP HEIGHT="264" WIDTH="46" VPOS="2652" HPOS="4065"/>
                  <String HEIGHT="264"
                          WIDTH="366"
                          VPOS="2652"
                          HPOS="3927"
                          CONTENT="värd"/>
                  <SP HEIGHT="264" WIDTH="46" VPOS="2652" HPOS="4294"/>
                  <String HEIGHT="264"
                          WIDTH="275"
                          VPOS="2652"
                          HPOS="4156"
                          CONTENT="25"/>
                  <SP HEIGHT="264" WIDTH="46" VPOS="2652" HPOS="4431"/>
                  <String HEIGHT="264"
                          WIDTH="229"
                          VPOS="2652"
                          HPOS="4248"
                          CONTENT="kr."/>
               </TextLine>
               <TextLine ID="r3l25"
                         BASELINE="2826,2926 2907,2922 2988,2918 3069,2914 3151,2910 3232,2904 3313,2899 3395,2894 3476,2889 3557,2884 3639,2878 3720,2873 3801,2870 3882,2865 3964,2860 4045,2858 4126,2854 4208,2853 4289,2852 4370,2852 4452,2852"
                         HEIGHT="192"
                         WIDTH="1649"
                         VPOS="2773"
                         HPOS="2814">
                  <String HEIGHT="192"
                          WIDTH="495"
                          VPOS="2773"
                          HPOS="2759"
                          CONTENT="Sedan"/>
                  <SP HEIGHT="192" WIDTH="55" VPOS="2773" HPOS="3254"/>
                  <String HEIGHT="192"
                          WIDTH="385"
                          VPOS="2773"
                          HPOS="3089"
                          CONTENT="den"/>
                  <SP HEIGHT="192" WIDTH="55" VPOS="2773" HPOS="3474"/>
                  <String HEIGHT="192"
                          WIDTH="330"
                          VPOS="2773"
                          HPOS="3309"
                          CONTENT="af"/>
                  <SP HEIGHT="192" WIDTH="55" VPOS="2773" HPOS="3639"/>
                  <String HEIGHT="192"
                          WIDTH="605"
                          VPOS="2773"
                          HPOS="3474"
                          CONTENT="Ekström"/>
                  <SP HEIGHT="192" WIDTH="55" VPOS="2773" HPOS="4078"/>
                  <String HEIGHT="192"
                          WIDTH="605"
                          VPOS="2773"
                          HPOS="3858"
                          CONTENT="inlemnade"/>
               </TextLine>
               <TextLine ID="r3l26"
                         BASELINE="2700,3030 2788,3024 2876,3018 2964,3013 3053,3008 3141,3001 3229,2996 3318,2990 3406,2986 3494,2980 3583,2977 3671,2972 3759,2968 3847,2966 3936,2962 4024,2960 4112,2958 4201,2956 4289,2954 4377,2954 4466,2954"
                         HEIGHT="172"
                         WIDTH="1791"
                         VPOS="2859"
                         HPOS="2687">
                  <String HEIGHT="172"
                          WIDTH="498"
                          VPOS="2859"
                          HPOS="2637"
                          CONTENT="rocken"/>
                  <SP HEIGHT="172" WIDTH="50" VPOS="2859" HPOS="3135"/>
                  <String HEIGHT="172"
                          WIDTH="647"
                          VPOS="2859"
                          HPOS="2986"
                          CONTENT="befunnits"/>
                  <SP HEIGHT="172" WIDTH="50" VPOS="2859" HPOS="3632"/>
                  <String HEIGHT="172"
                          WIDTH="398"
                          VPOS="2859"
                          HPOS="3483"
                          CONTENT="vara"/>
                  <SP HEIGHT="172" WIDTH="50" VPOS="2859" HPOS="3881"/>
                  <String HEIGHT="172"
                          WIDTH="348"
                          VPOS="2859"
                          HPOS="3732"
                          CONTENT="den"/>
                  <SP HEIGHT="172" WIDTH="50" VPOS="2859" HPOS="4080"/>
                  <String HEIGHT="172"
                          WIDTH="398"
                          VPOS="2859"
                          HPOS="3931"
                          CONTENT="från"/>
                  <SP HEIGHT="172" WIDTH="50" VPOS="2859" HPOS="4329"/>
                  <String HEIGHT="172"
                          WIDTH="348"
                          VPOS="2859"
                          HPOS="4130"
                          CONTENT="Måls¬"
                          SUBS_TYPE="HypPart1"
                          SUBS_CONTENT="Målsegaren"/>
                  <HYP CONTENT="-"/>
               </TextLine>
               <TextLine ID="r3l27"
                         BASELINE="2692,3142 2778,3136 2865,3131 2952,3126 3039,3120 3126,3115 3213,3109 3300,3104 3387,3098 3474,3093 3561,3089 3647,3084 3734,3079 3821,3075 3908,3072 3995,3068 4082,3065 4169,3062 4256,3060 4343,3058 4430,3056"
                         HEIGHT="248"
                         WIDTH="1763"
                         VPOS="2962"
                         HPOS="2679">
                  <String HEIGHT="248"
                          WIDTH="476"
                          VPOS="2962"
                          HPOS="2631"
                          CONTENT="egaren"
                          SUBS_TYPE="HypPart2"
                          SUBS_CONTENT="Målsegaren"/>
                  <SP HEIGHT="248" WIDTH="48" VPOS="2962" HPOS="3108"/>
                  <String HEIGHT="248"
                          WIDTH="572"
                          VPOS="2962"
                          HPOS="2965"
                          CONTENT="Eriksson"/>
                  <SP HEIGHT="248" WIDTH="48" VPOS="2962" HPOS="3537"/>
                  <String HEIGHT="248"
                          WIDTH="667"
                          VPOS="2962"
                          HPOS="3394"
                          CONTENT="tillgripne"/>
                  <SP HEIGHT="248" WIDTH="48" VPOS="2962" HPOS="4061"/>
                  <String HEIGHT="248"
                          WIDTH="334"
                          VPOS="2962"
                          HPOS="3918"
                          CONTENT="har"/>
                  <SP HEIGHT="248" WIDTH="48" VPOS="2962" HPOS="4251"/>
                  <String HEIGHT="248"
                          WIDTH="381"
                          VPOS="2962"
                          HPOS="4061"
                          CONTENT="Detek¬"
                          SUBS_TYPE="HypPart1"
                          SUBS_CONTENT="Detektivpoliskonstapeln"/>
                  <HYP CONTENT="-"/>
               </TextLine>
               <TextLine ID="r3l28"
                         BASELINE="2702,3258 2786,3252 2871,3244 2955,3239 3040,3233 3125,3228 3209,3222 3294,3216 3378,3212 3463,3206 3548,3201 3632,3196 3717,3192 3801,3188 3886,3184 3971,3180 4055,3176 4140,3172 4224,3168 4309,3164 4394,3160"
                         HEIGHT="199"
                         WIDTH="1718"
                         VPOS="3083"
                         HPOS="2689">
                  <String HEIGHT="199"
                          WIDTH="1080"
                          VPOS="3083"
                          HPOS="2640"
                          CONTENT="tivpoliskonstapeln"
                          SUBS_TYPE="HypPart2"
                          SUBS_CONTENT="Detektivpoliskonstapeln"/>
                  <SP HEIGHT="199" WIDTH="49" VPOS="3083" HPOS="3720"/>
                  <String HEIGHT="199"
                          WIDTH="295"
                          VPOS="3083"
                          HPOS="3573"
                          CONTENT="J."/>
                  <SP HEIGHT="199" WIDTH="49" VPOS="3083" HPOS="3867"/>
                  <String HEIGHT="199"
                          WIDTH="491"
                          VPOS="3083"
                          HPOS="3720"
                          CONTENT="Bohlin"/>
                  <SP HEIGHT="199" WIDTH="49" VPOS="3083" HPOS="4211"/>
                  <String HEIGHT="199"
                          WIDTH="344"
                          VPOS="3083"
                          HPOS="4063"
                          CONTENT="den"/>
                  <SP HEIGHT="199" WIDTH="49" VPOS="3083" HPOS="4407"/>
                  <String HEIGHT="199"
                          WIDTH="196"
                          VPOS="3083"
                          HPOS="4211"
                          CONTENT="2a"/>
               </TextLine>
               <TextLine ID="r3l29"
                         BASELINE="2710,3374 2793,3365 2877,3356 2961,3348 3045,3340 3129,3333 3212,3328 3296,3320 3380,3314 3464,3310 3548,3304 3631,3300 3715,3295 3799,3291 3883,3288 3967,3284 4050,3280 4134,3278 4218,3276 4302,3272 4386,3270"
                         HEIGHT="184"
                         WIDTH="1697"
                         VPOS="3202"
                         HPOS="2696">
                  <String HEIGHT="184"
                          WIDTH="291"
                          VPOS="3202"
                          HPOS="2648"
                          CONTENT="ds"/>
                  <SP HEIGHT="184" WIDTH="48" VPOS="3202" HPOS="2938"/>
                  <String HEIGHT="184"
                          WIDTH="339"
                          VPOS="3202"
                          HPOS="2793"
                          CONTENT="för"/>
                  <SP HEIGHT="184" WIDTH="48" VPOS="3202" HPOS="3132"/>
                  <String HEIGHT="184"
                          WIDTH="436"
                          VPOS="3202"
                          HPOS="2987"
                          CONTENT="detta"/>
                  <SP HEIGHT="184" WIDTH="48" VPOS="3202" HPOS="3423"/>
                  <String HEIGHT="184"
                          WIDTH="630"
                          VPOS="3202"
                          HPOS="3278"
                          CONTENT="tillgrepp"/>
                  <SP HEIGHT="184" WIDTH="48" VPOS="3202" HPOS="3908"/>
                  <String HEIGHT="184"
                          WIDTH="582"
                          VPOS="3202"
                          HPOS="3763"
                          CONTENT="anhållit"/>
                  <SP HEIGHT="184" WIDTH="48" VPOS="3202" HPOS="4345"/>
                  <String HEIGHT="184"
                          WIDTH="242"
                          VPOS="3202"
                          HPOS="4151"
                          CONTENT="be¬"
                          SUBS_TYPE="HypPart1"
                          SUBS_CONTENT="bemälde"/>
                  <HYP CONTENT="-"/>
               </TextLine>
               <TextLine ID="r3l30"
                         BASELINE="2696,3474 2782,3468 2868,3461 2954,3454 3041,3449 3127,3442 3213,3437 3300,3430 3386,3425 3472,3420 3559,3416 3645,3410 3731,3406 3817,3402 3904,3397 3990,3393 4076,3390 4163,3386 4249,3382 4335,3379 4422,3376"
                         HEIGHT="242"
                         WIDTH="1753"
                         VPOS="3294"
                         HPOS="2684">
                  <String HEIGHT="242"
                          WIDTH="451"
                          VPOS="3294"
                          HPOS="2634"
                          CONTENT="mälde"
                          SUBS_TYPE="HypPart2"
                          SUBS_CONTENT="bemälde"/>
                  <SP HEIGHT="242" WIDTH="50" VPOS="3294" HPOS="3085"/>
                  <String HEIGHT="242"
                          WIDTH="701"
                          VPOS="3294"
                          HPOS="2934"
                          CONTENT="Sjöstrand,"/>
                  <SP HEIGHT="242" WIDTH="50" VPOS="3294" HPOS="3636"/>
                  <String HEIGHT="242"
                          WIDTH="401"
                          VPOS="3294"
                          HPOS="3485"
                          CONTENT="utan"/>
                  <SP HEIGHT="242" WIDTH="50" VPOS="3294" HPOS="3886"/>
                  <String HEIGHT="242"
                          WIDTH="551"
                          VPOS="3294"
                          HPOS="3736"
                          CONTENT="bostad,"/>
                  <SP HEIGHT="242" WIDTH="50" VPOS="3294" HPOS="4287"/>
                  <String HEIGHT="242"
                          WIDTH="351"
                          VPOS="3294"
                          HPOS="4086"
                          CONTENT="hvil¬"
                          SUBS_TYPE="HypPart1"
                          SUBS_CONTENT="hvilken"/>
                  <HYP CONTENT="-"/>
               </TextLine>
               <TextLine ID="r3l31"
                         BASELINE="2716,3578 2799,3570 2882,3562 2965,3555 3049,3549 3132,3543 3215,3537 3299,3531 3382,3526 3465,3522 3549,3518 3632,3514 3715,3510 3798,3508 3882,3504 3965,3502 4048,3498 4132,3496 4215,3494 4298,3492 4382,3490"
                         HEIGHT="175"
                         WIDTH="1691"
                         VPOS="3426"
                         HPOS="2700">
                  <String HEIGHT="175"
                          WIDTH="395"
                          VPOS="3426"
                          HPOS="2644"
                          CONTENT="ken"
                          SUBS_TYPE="HypPart2"
                          SUBS_CONTENT="hvilken"/>
                  <SP HEIGHT="175" WIDTH="56" VPOS="3426" HPOS="3038"/>
                  <String HEIGHT="175"
                          WIDTH="395"
                          VPOS="3426"
                          HPOS="2869"
                          CONTENT="vid"/>
                  <SP HEIGHT="175" WIDTH="56" VPOS="3426" HPOS="3264"/>
                  <String HEIGHT="175"
                          WIDTH="395"
                          VPOS="3426"
                          HPOS="3095"
                          CONTENT="det"/>
                  <SP HEIGHT="175" WIDTH="56" VPOS="3426" HPOS="3489"/>
                  <String HEIGHT="175"
                          WIDTH="395"
                          VPOS="3426"
                          HPOS="3320"
                          CONTENT="med"/>
                  <SP HEIGHT="175" WIDTH="56" VPOS="3426" HPOS="3715"/>
                  <String HEIGHT="175"
                          WIDTH="507"
                          VPOS="3426"
                          HPOS="3546"
                          CONTENT="honom"/>
                  <SP HEIGHT="175" WIDTH="56" VPOS="3426" HPOS="4053"/>
                  <String HEIGHT="175"
                          WIDTH="564"
                          VPOS="3426"
                          HPOS="3827"
                          CONTENT="anstälda"/>
               </TextLine>
               <TextLine ID="r3l32"
                         BASELINE="2708,3664 2792,3655 2876,3647 2960,3639 3044,3632 3129,3625 3213,3620 3297,3616 3381,3610 3465,3606 3550,3603 3634,3600 3718,3596 3802,3593 3886,3590 3971,3586 4055,3584 4139,3580 4223,3576 4307,3572 4392,3568"
                         HEIGHT="203"
                         WIDTH="1708"
                         VPOS="3510"
                         HPOS="2695">
                  <String HEIGHT="203"
                          WIDTH="551"
                          VPOS="3510"
                          HPOS="2640"
                          CONTENT="förhör"/>
                  <SP HEIGHT="203" WIDTH="55" VPOS="3510" HPOS="3191"/>
                  <String HEIGHT="203"
                          WIDTH="606"
                          VPOS="3510"
                          HPOS="3026"
                          CONTENT="vidgått"/>
                  <SP HEIGHT="203" WIDTH="55" VPOS="3510" HPOS="3632"/>
                  <String HEIGHT="203"
                          WIDTH="386"
                          VPOS="3510"
                          HPOS="3466"
                          CONTENT="att"/>
                  <SP HEIGHT="203" WIDTH="55" VPOS="3510" HPOS="3852"/>
                  <String HEIGHT="203"
                          WIDTH="386"
                          VPOS="3510"
                          HPOS="3687"
                          CONTENT="han"/>
                  <SP HEIGHT="203" WIDTH="55" VPOS="3510" HPOS="4072"/>
                  <String HEIGHT="203"
                          WIDTH="551"
                          VPOS="3510"
                          HPOS="3852"
                          CONTENT="innehaft"/>
               </TextLine>
               <TextLine ID="r3l33"
                         BASELINE="2716,3760 2800,3752 2884,3746 2969,3741 3053,3736 3138,3730 3222,3724 3306,3720 3391,3715 3475,3711 3560,3707 3644,3702 3728,3700 3813,3696 3897,3692 3982,3690 4066,3688 4150,3685 4235,3684 4319,3681 4404,3680"
                         HEIGHT="215"
                         WIDTH="1714"
                         VPOS="3588"
                         HPOS="2702">
                  <String HEIGHT="215"
                          WIDTH="779"
                          VPOS="3588"
                          HPOS="2650"
                          CONTENT="ifrågakomne"/>
                  <SP HEIGHT="215" WIDTH="52" VPOS="3588" HPOS="3429"/>
                  <String HEIGHT="215"
                          WIDTH="467"
                          VPOS="3588"
                          HPOS="3273"
                          CONTENT="rock,"/>
                  <SP HEIGHT="215" WIDTH="52" VPOS="3588" HPOS="3741"/>
                  <String HEIGHT="215"
                          WIDTH="364"
                          VPOS="3588"
                          HPOS="3585"
                          CONTENT="och"/>
                  <SP HEIGHT="215" WIDTH="52" VPOS="3588" HPOS="3949"/>
                  <String HEIGHT="215"
                          WIDTH="312"
                          VPOS="3588"
                          HPOS="3793"
                          CONTENT="på"/>
                  <SP HEIGHT="215" WIDTH="52" VPOS="3588" HPOS="4104"/>
                  <String HEIGHT="215"
                          WIDTH="416"
                          VPOS="3588"
                          HPOS="3949"
                          CONTENT="sätt"/>
                  <SP HEIGHT="215" WIDTH="52" VPOS="3588" HPOS="4364"/>
                  <String HEIGHT="215"
                          WIDTH="260"
                          VPOS="3588"
                          HPOS="4156"
                          CONTENT="Ek¬"
                          SUBS_TYPE="HypPart1"
                          SUBS_CONTENT="Ekström"/>
                  <HYP CONTENT="-"/>
               </TextLine>
               <TextLine ID="r3l34"
                         BASELINE="2708,3860 2795,3851 2883,3845 2970,3838 3058,3834 3145,3829 3233,3824 3320,3821 3408,3818 3495,3814 3583,3812 3670,3808 3758,3806 3845,3804 3933,3803 4020,3800 4108,3798 4195,3796 4283,3794 4370,3790 4458,3788"
                         HEIGHT="190"
                         WIDTH="1773"
                         VPOS="3730"
                         HPOS="2694">
                  <String HEIGHT="190"
                          WIDTH="484"
                          VPOS="3730"
                          HPOS="2640"
                          CONTENT="ström"
                          SUBS_TYPE="HypPart2"
                          SUBS_CONTENT="Ekström"/>
                  <SP HEIGHT="190" WIDTH="54" VPOS="3730" HPOS="3124"/>
                  <String HEIGHT="190"
                          WIDTH="698"
                          VPOS="3730"
                          HPOS="2963"
                          CONTENT="uppgifvit"/>
                  <SP HEIGHT="190" WIDTH="54" VPOS="3730" HPOS="3661"/>
                  <String HEIGHT="190"
                          WIDTH="537"
                          VPOS="3730"
                          HPOS="3500"
                          CONTENT="lemnat"/>
                  <SP HEIGHT="190" WIDTH="54" VPOS="3730" HPOS="4037"/>
                  <String HEIGHT="190"
                          WIDTH="484"
                          VPOS="3730"
                          HPOS="3876"
                          CONTENT="honom"/>
                  <SP HEIGHT="190" WIDTH="54" VPOS="3730" HPOS="4360"/>
                  <String HEIGHT="190"
                          WIDTH="322"
                          VPOS="3730"
                          HPOS="4145"
                          CONTENT="roc¬"/>
               </TextLine>
            </TextBlock>
         </PrintSpace>
      </Page>
   </Layout>
</alto>
