4962 4084
517 167 482 225 Handlanden
895 167 447 225 Tingström
1239 167 241 225 har
1377 167 413 225 igenkänt
1686 167 241 225 den
1824 167 482 225 fyrkantiga
2168 167 241 225 jern¬-

490 316 377 177 stången,
773 316 220 177 som
898 316 220 177 den
1024 316 189 177 10
1118 316 314 177 dennes
1338 316 189 177 af
1433 316 409 177 Magnusson
1747 316 377 177 försålts
2030 316 252 177 till
2156 316 220 177 Nils¬-

490 444 265 171 son,
656 444 332 171 jemväl
888 444 265 171 vara
1054 444 265 171 från
1219 444 298 171 honom
1418 444 464 171 tillgripen
1783 444 232 171 och
1916 444 398 171 värderat
2181 444 199 171 den¬-

490 542 334 167 samma
712 542 297 167 till
898 542 297 167 Fyra
1046 542 334 167 Kronor.

600 649 341 171 Smeden
838 649 204 171 H.
941 649 204 171 P.
1043 649 375 171 Nilsson
1316 649 239 171 har
1452 649 409 171 upplyst,
1759 649 239 171 att
1895 649 307 171 såväl
2065 649 307 171 Magnus¬-

500 763 248 189 son
641 763 248 189 som
783 763 319 189 Olaus
995 763 460 189 Andersson
1349 763 248 189 hos
1491 763 319 189 honom
1703 763 389 189 fordrat
1951 763 389 189 betalning

484 883 234 188 för
584 883 300 188 jernet.

678 985 230 155 På
793 985 346 155 grund
1023 985 230 155 af
1138 985 307 155 hvad
1330 985 422 155 sålunda
1638 985 576 155 förekommit,
2060 985 269 155 komma

486 1117 281 103 Carl
662 1117 352 103 Magnus
908 1117 457 103 Magnusson
1259 1117 246 103 och
1400 1117 316 103 Olaus
1611 1117 457 103 Andersson
1962 1117 246 103 att
2068 1117 246 103 denna

483 1202 251 187 dag
626 1202 251 187 för
770 1202 251 187 PKn
913 1202 501 187 inställas.
1307 1202 430 187 Göteborg
1629 1202 251 187 den
1772 1202 215 187 16
1879 1202 286 187 Now.
2022 1202 251 187 1880.

82 1327 297 150 No
180 1327 297 150 240.

70 1449 285 184 Charles
277 1449 207 184 Paul
381 1449 155 184 Ahl¬-

30 1575 216 151 blad.

561 1344 543 118 Arbetskarlen
1002 1344 339 118 August
1240 1344 475 118 Andersson,
1613 1344 339 118 boende
1851 1344 170 118 i
1919 1344 305 118 huset
2122 1344 204 118 No
2190 1344 136 118 22

513 1459 169 141 i
581 1459 338 141 Vestra
817 1459 473 141 Brandtdala
1189 1459 237 141 har
1325 1459 406 141 Lördagen
1629 1459 237 141 den
1764 1459 169 141 6
1832 1459 169 141 i
1899 1459 304 141 denna
2068 1459 237 141 månad

488 1558 369 203 anmält,
757 1558 235 203 att
891 1558 302 203 någon
1093 1558 235 203 dag
1227 1558 302 203 sedan
1429 1558 235 203 den
1563 1558 202 203 30
1664 1558 302 203 sist.
1865 1558 369 203 Oktober
2134 1558 168 203 å
2168 1558 134 203 en

475 1682 286 175 låst
654 1682 286 175 vind
832 1682 179 175 i
904 1682 536 175 ofvannämnde
1332 1682 250 175 hus
1475 1682 286 175 från
1653 1682 321 175 honom
1832 1682 464 175 tillgripits

483 1803 204 184 en
585 1803 646 184 sommaröfverrock
1129 1803 204 184 af
1231 1803 238 184 grå
1367 1803 340 184 ninton
1605 1803 238 184 med
1741 1803 306 184 svart
1911 1803 408 184 klotfoder,

497 1896 259 180 värd
658 1896 194 180 15
755 1896 355 180 Kronor,
1014 1896 259 180 samt
1175 1896 226 180 att
1305 1896 355 180 tjufven
1563 1896 452 180 antagligen
1919 1896 323 180 beredt
2112 1896 162 180 sig

474 2020 380 197 inträde
751 2020 276 197 till
924 2020 346 197 vinden
1166 2020 242 197 med
1304 2020 311 197 falsk
1511 2020 346 197 nyckel
1753 2020 276 197 samt
1926 2020 276 197 åter
2064 2020 311 197 tillåst

450 2178 513 115 vindsdörren.

657 2184 294 208 Sedan
853 2184 326 208 rocken
1082 2184 490 208 återfunnits
1473 2184 392 208 pantsatt
1767 2184 228 208 den
1898 2184 196 208 30
1996 2184 294 208 sist.
2159 2184 163 208 Ok¬-

486 2331 298 176 tober
685 2331 232 176 för
817 2331 166 176 3
883 2331 331 176 Kronor
1115 2331 232 176 hos
1247 2331 563 176 Pantlånerskan
1711 2331 397 176 Josefina
1976 2331 298 176 Jonsson

479 2465 166 130 i
545 2465 300 130 huset
745 2465 200 130 No
845 2465 166 130 6
911 2465 233 130 vid
1044 2465 566 130 Eklundsgatan,
1510 2465 300 130 hafva
1677 2465 632 130 detektivpoliskon¬-

459 2543 430 178 staplarne
790 2543 199 178 C.
889 2543 199 178 V.
989 2543 464 178 Söderqvist
1353 2543 232 178 och
1485 2543 199 178 V.
1585 2543 298 178 Bruun
1783 2543 232 178 den
1916 2543 199 178 22
2015 2543 199 178 ds
2081 2543 166 178 för

463 2644 300 229 detta
663 2644 433 229 tillgrepp
996 2644 400 229 anhållit
1296 2644 433 229 ynglingen
1629 2644 367 229 Charles
1896 2644 267 229 Paul
2029 2644 300 229 Ahlblad

468 2733 266 224 född
634 2733 233 224 den
767 2733 200 224 11
867 2733 366 224 Januari
1134 2733 266 224 1866
1300 2733 233 224 och
1433 2733 233 224 son
1567 2733 266 224 till
1700 2733 566 224 Skräddaremästa¬-

476 2901 236 160 ren
611 2901 270 160 Paul
780 2901 405 160 Ahlblad,
1084 2901 337 160 boende
1320 2901 169 160 i
1387 2901 304 160 samma
1590 2901 270 160 hus,
1758 2901 236 160 som
1859 2901 439 160 Målsegaren;

471 2981 248 200 och
612 2981 248 200 har
754 2981 390 200 Charles
1038 2981 284 200 Paul
1215 2981 390 200 Ahlblad
1499 2981 248 200 vid
1641 2981 248 200 det
1783 2981 248 200 med
1924 2981 319 200 honom
2102 2981 177 200 an¬-

487 3104 357 196 ställda
746 3104 325 196 förhör
974 3104 390 196 vidgått,
1266 3104 227 196 att
1396 3104 195 196 då
1493 3104 227 196 han
1623 3104 227 196 den
1753 3104 195 196 30
1851 3104 292 196 sist.
2046 3104 260 196 Oktr
2176 3104 97 196 i

468 3192 320 195 något
682 3192 355 195 ärende
930 3192 498 195 uppehållit
1321 3192 249 195 sig
1464 3192 178 195 å
1535 3192 498 195 förenämnde
1926 3192 320 195 vind,
2103 3192 178 195 som

480 3310 304 186 dervid
692 3310 273 186 varit
874 3310 304 186 olåst,
1087 3310 213 186 han
1208 3310 213 186 der
1330 3310 425 186 tillgripit
1664 3310 456 186 ifrågakomne
1998 3310 334 186 öfverrock

467 3411 415 202 hvarefter
786 3411 255 202 han,
946 3411 287 202 sedan
1137 3411 223 202 han
1265 3411 447 202 tillslutit
1616 3411 447 202 dörrlåset,
1935 3411 319 202 begifvit

472 3536 238 169 sig
608 3536 272 169 till
778 3536 579 169 Pantlånerskan
1255 3536 409 169 Jonsson,
1562 3536 238 169 hos
1698 3536 375 169 hvilken
1971 3536 238 169 han
2073 3536 170 169 för

469 3637 250 172 Tre
612 3637 357 172 Kronor
862 3637 429 172 pantsatt
1148 3637 500 172 öfverrocken.

2781 209 365 171 Rocken
3036 209 255 171 har
3182 209 401 171 blifvit
3474 209 219 171 af
3583 209 365 171 egaren
3802 209 328 171 utlöst.

2711 317 239 219 På
2831 317 358 219 grund
3070 317 239 219 af
3189 317 319 219 hvad
3388 317 438 219 sålunda
3707 317 597 219 förekommit,
4144 317 319 219 kommer

2606 415 386 177 Charles
2887 415 281 177 Paul
3062 415 386 177 Ahlblad
3343 415 246 177 att
3483 415 316 177 denna
3694 415 246 177 dag
3834 415 246 177 för
3975 415 246 177 PKn
4080 415 421 177 inställas.

3088 551 490 194 Göteborg
3456 551 286 194 den
3619 551 245 194 15
3741 551 204 194 D
3823 551 245 194 22
3945 551 367 194 Nowbr
4149 551 286 194 1880.

4468 635 246 138 No
4550 635 246 138 241.

4451 750 232 169 Olaus
4580 750 284 169 Andersson

2658 704 479 174 Hustru
2994 704 479 174 Lovisa
3329 704 575 174 Svensson
3760 704 383 174 från
3952 704 527 174 Kallebäck

2637 807 519 224 Sörgård
3014 807 236 224 i
3109 807 519 224 Örgryte
3486 807 472 224 Socken
3817 807 330 224 har
3958 807 472 224 Lördagen

2633 935 350 198 den
2833 935 300 198 20
2983 935 500 198 dennes
3333 935 550 198 anmält,
3733 935 350 198 att
3933 935 450 198 sagde
4183 935 250 198 dag

2627 1067 515 215 omkring
3002 1067 328 215 kl.
3189 1067 234 215 3
3283 1067 375 215 e.m.
3517 1067 375 215 från
3751 1067 468 215 hennes
4079 1067 234 215 å
4125 1067 375 215 Kongs¬-

2643 1195 611 198 portsplats
3123 1195 480 198 stående
3473 1195 393 198 åkdon
3734 1195 655 198 tillgripits
4214 1195 175 198 en

2636 1304 655 222 brunmålad
3140 1304 605 222 torgkorg
3593 1304 806 222 innehållande
4198 1304 302 222 mat¬-

2636 1435 423 198 varor
2918 1435 376 198 till
3152 1435 329 198 ett
3340 1435 423 198 värde
3622 1435 282 198 af
3763 1435 235 198 3
3857 1435 282 198 kr
3997 1435 282 198 50
4091 1435 282 198 öre.

2821 1563 454 191 Sedan
3123 1563 554 191 hustrun
3526 1563 655 191 Svenssons
4030 1563 403 191 korg
4232 1563 252 191 med

2653 1668 562 195 innehåll
3075 1668 702 195 återfunnits
3636 1668 234 195 i
3730 1668 655 195 portgången
4198 1668 281 195 till

2654 1788 423 179 huset
2936 1788 282 179 No
3077 1788 235 179 1
3171 1788 329 179 vid
3359 1788 1034 179 Kungsportsplatsen,
4205 1788 235 179 har

2609 1893 923 201 Poliskonstapeln
3387 1893 292 201 No
3533 1893 292 201 53
3678 1893 534 201 Jönsson
4067 1893 340 201 den
4213 1893 194 201 20

2631 1984 489 191 dennes
2973 1984 342 191 kl.
3169 1984 391 191 3.55
3413 1984 293 191 e.
3560 1984 293 191 m.
3707 1984 440 191 såsom
3951 1984 538 191 misstänkt

2667 2157 289 191 för
2832 2157 372 191 detta
3080 2157 537 191 tillgrepp
3493 2157 496 191 anhållit
3824 2157 579 191 Arbetskarlen

2648 2257 511 199 Olaus
2989 2257 738 199 Andersson
3557 2257 454 199 från
3784 2257 624 199 Starrkärr

2628 2362 518 183 Socken
2991 2362 363 183 Ale
3198 2362 518 183 härad,
3560 2362 570 183 hwilken
3975 2362 363 183 vid
4130 2362 259 183 det

2650 2506 349 182 med
2849 2506 448 182 honom
3148 2506 598 182 anstälde
3597 2506 548 182 förhör,
3946 2506 448 182 uppgif¬-

2653 2615 415 188 vit,
2913 2615 363 188 att
3120 2615 415 188 han,
3380 2615 363 188 som
3587 2615 363 188 den
3795 2615 311 188 20
3899 2615 415 188 dennes

2641 2747 320 187 på
2801 2747 320 187 e.
2960 2747 320 187 m.
3120 2747 266 187 i
3227 2747 480 187 något
3547 2747 533 187 ärende
3919 2747 533 187 ingått
4239 2747 160 187 i

2634 2842 462 240 gården
2957 2842 369 240 till
3188 2842 415 240 huset
3465 2842 277 240 No
3603 2842 277 240 1.
3742 2842 323 240 vid
3880 2842 600 240 Kungsports¬-

2622 2974 496 218 plats,
2970 2974 744 218 visserligen
3565 2974 397 218 sett
3763 2974 694 218 målsegandens

2654 3118 467 193 korg
2945 3118 642 193 stående
3412 3118 292 193 i
3529 3118 817 193 förenämnde
4112 3118 350 193 för¬-

2664 3221 450 235 stuga
2964 3221 650 235 portgång,
3464 3221 350 235 men
3663 3221 350 235 att
3863 3221 350 235 han
4063 3221 300 235 ej
4163 3221 300 235 egde

2635 3386 525 178 någon
2985 3386 700 178 kännedom
3509 3386 350 178 om
3626 3386 758 178 tillgreppet

2641 3526 370 194 af
2765 3526 678 194 densamma.

2919 3610 801 203 Måleriabetaren
3587 3610 401 203 Johan
3810 3610 534 203 Brattberg,

2652 3749 492 201 boende
2996 3749 246 201 i
3094 3749 344 201 sin
3291 3749 443 201 fader
3586 3749 639 201 Garfvaren
4029 3749 393 201 Bratt¬
