5021 4070
542 208 276 169 met,
714 208 241 169 der
852 208 241 169 han
990 208 414 169 sorterat
1300 208 414 169 desamme;
1610 208 241 169 att
1748 208 207 169 då
1852 208 241 169 han
1990 208 414 169 derefter
2266 208 241 169 åter¬-

524 375 290 137 vändt
717 375 193 137 ut
813 375 161 137 i
878 375 708 137 expeditionsrummet,
1489 375 483 137 ytterligare
1875 375 225 137 tre
2004 375 451 137 assurerade
2326 375 193 137 för¬-

558 464 411 168 sändelser
874 464 411 168 ankommit;
1191 464 221 168 att
1317 464 190 168 då
1412 464 221 168 han
1538 464 316 168 skolat
1759 464 379 168 qvittera
2044 464 316 168 jemväl
2265 464 284 168 desse
2423 464 95 168 i

537 566 352 157 berörda
793 566 224 157 bok
921 566 224 157 och
1049 566 320 157 dervid
1272 566 256 157 icke
1432 566 320 157 genast
1656 566 320 157 funnit
1880 566 256 157 hvar
2039 566 224 157 det
2167 566 224 157 ena
2295 566 192 157 af
2359 566 160 157 dem

561 725 275 108 varit
745 725 458 108 inskrifvet,
1111 725 214 108 han
1233 725 519 108 varseblifvit,
1661 725 214 108 att
1783 725 275 108 högre
1966 725 214 108 upp
2088 725 183 108 på
2180 725 275 108 samma
2333 725 183 108 vida

545 821 148 159 i
605 821 266 159 boken
782 821 325 159 funnits
1018 821 384 159 antecknad
1313 821 177 159 en
1401 821 472 159 försändelse,
1785 821 325 159 hvilken
2021 821 236 159 icke
2139 821 384 159 qvitterats;

536 947 225 176 att
664 947 225 176 han
793 947 160 176 i
857 947 417 176 anledning
1178 947 289 176 deraf
1370 947 321 176 börjat
1595 947 257 176 söka
1755 947 289 176 efter
1948 947 385 176 densamma
2236 947 289 176 såväl
2397 947 96 176 i

542 1024 445 195 förenämnda
892 1024 286 195 fack,
1082 1024 222 195 som
1209 1024 159 195 i
1273 1024 318 195 öfrige
1495 1024 254 195 fack
1654 1024 159 195 i
1717 1024 413 195 pulpeten,
2035 1024 254 195 utan
2193 1024 222 195 att
2289 1024 222 195 kunna

541 1135 282 211 finna
729 1135 532 211 försändelsen,
1167 1135 157 211 i
1230 1135 407 211 anledning
1543 1135 313 211 hvaraf
1762 1135 219 211 han
1888 1135 313 211 anmält
2075 1135 439 211 förhållandet

545 1262 213 212 för
666 1262 487 212 jourhafvande
1062 1262 699 212 assuransexpedienten
1670 1262 395 212 Wallqvist
1974 1262 213 212 och
2065 1262 456 212 Kontorsskrif¬-

545 1388 263 182 varen
720 1388 351 182 Widholm,
983 1388 292 182 hvilka
1188 1388 292 182 dervid
1392 1388 438 182 äfvenledes,
1743 1388 263 182 ehuru
1918 1388 409 182 förgäfves,
2240 1388 234 182 sökt
2357 1388 146 182 er¬-

527 1513 223 215 ter
654 1513 541 215 försändelsen;
1100 1513 223 215 att
1227 1513 604 215 breflådetömmare
1736 1513 350 215 brukade
1990 1513 286 215 hafva
2181 1513 223 215 sin
2276 1513 191 215 gång

536 1651 282 198 förbi
724 1651 377 198 pulpeten
1006 1651 220 198 och
1132 1651 314 198 säkert
1351 1651 377 198 passerat
1634 1651 377 198 densamma
1916 1651 282 198 efter
2104 1651 220 198 det
2199 1651 282 198 brefvet

526 1758 344 213 sednast
776 1758 281 213 varit
963 1758 375 213 synligt;
1244 1758 250 213 samt
1401 1758 219 213 att
1526 1758 406 213 Björkman,
1838 1758 250 213 icke
1994 1758 281 213 kunde
2182 1758 250 213 ungå
2307 1758 156 213 att

525 1881 409 201 misstänka
839 1881 409 201 Frodlund,
1154 1881 315 201 emedan
1374 1881 315 201 denne,
1594 1881 283 201 ehuru
1783 1881 346 201 befriad
2035 1881 252 201 från
2161 1881 346 201 tjenstgö¬-

542 2018 267 183 ring,
720 2018 356 183 inställt
987 2018 208 183 sig
1106 2018 237 183 till
1254 2018 296 183 dylik,
1461 2018 208 183 men
1580 2018 356 183 derefter
1847 2018 237 183 utan
1995 2018 208 183 att
2114 2018 356 183 förrätta
2351 2018 148 183 nå¬-

528 2134 200 211 got
643 2134 314 211 arbete,
871 2134 371 211 aflägsnat
1156 2134 200 211 sig
1270 2134 228 211 före
1413 2134 200 211 den
1527 2134 228 211 tid,
1670 2134 200 211 som
1784 2134 399 211 vederbort;
2098 2134 342 211 hvartill
2326 2134 171 211 kon¬-

519 2261 221 212 me,
646 2261 221 212 att
772 2261 347 212 brefvet
1024 2261 284 212 varit
1213 2261 347 212 synligt
1466 2261 252 212 kort
1623 2261 252 212 före
1781 2261 221 212 det
1907 2261 378 212 Frodlund
2160 2261 315 212 anländt,

532 2385 226 148 men
661 2385 290 148 någon
854 2385 290 148 stund
1048 2385 290 148 efter
1242 2385 258 148 hans
1403 2385 387 148 bortgång
1661 2385 323 148 saknats:

528 2502 183 196 2o
619 2502 274 196 Extra
802 2502 487 196 Postbiträdet
1198 2502 183 196 J.
1289 2502 183 196 E.
1380 2502 426 196 Wallqvist,
1715 2502 305 196 boende
1929 2502 152 196 i
1990 2502 274 196 huset
2172 2502 183 196 No
2264 2502 183 196 18
2325 2502 152 196 vid

558 2611 422 199 Torggatan,
889 2611 211 199 att
1010 2611 211 199 han
1130 2611 211 199 kl.
1250 2611 181 199 11
1341 2611 241 199 f.m.
1491 2611 211 199 för
1612 2611 482 199 tjenstgöring
2003 2611 391 199 uppkommit
2304 2611 151 199 i
2334 2611 151 199 ex¬-

527 2724 634 168 peditionrummet
1055 2724 247 168 för
1196 2724 423 168 afgående
1514 2724 317 168 bref;
1725 2724 247 168 att
1866 2724 282 168 han,
2042 2724 282 168 som,
2183 2724 247 168 jemte

545 2848 674 182 kontorsskrifvaren
1122 2848 385 182 Vidholm,
1411 2848 513 182 tjenstgjorde
1828 2848 225 182 vid
1957 2848 225 182 den
2085 2848 353 182 pulpet,
2310 2848 160 182 der

531 2957 468 217 assurerade
899 2957 268 217 bref
1066 2957 502 217 aflemnades,
1467 2957 301 217 någon
1668 2957 301 217 stund
1869 2957 301 217 efter
2070 2957 234 217 sin
2170 2957 301 217 ankomst

527 3078 397 198 iakttagit
833 3078 214 198 att
955 3078 153 198 i
1016 3078 214 198 det
1138 3078 275 198 fack,
1321 3078 214 198 der
1443 3078 519 198 försändelser,
1870 3078 214 198 som
1992 3078 305 198 skulle
2175 3078 305 198 medfölja

517 3217 494 184 aftonposten,
918 3217 370 184 inlades,
1196 3217 401 184 befunnits
1505 3217 278 184 jemte
1690 3217 185 184 en
1782 3217 555 184 postanvisning,
2245 3217 216 184 ett
2338 3217 154 184 för

515 3309 207 163 880
634 3309 296 163 Kronor
841 3309 148 163 5
901 3309 207 163 öre
1019 3309 415 163 assureradt
1345 3309 267 163 bref,
1523 3309 445 163 adresseradt
1879 3309 237 163 till
2027 3309 326 163 Seffle,
2234 3309 267 163 hvilket

520 3422 243 153 bref
671 3422 243 153 ännu
823 3422 152 153 i
884 3422 303 153 facket
1096 3422 425 153 qvarlegat,
1430 3422 182 153 då
1521 3422 394 153 Vallqvist
1824 3422 212 153 kl.
1946 3422 152 153 2
2007 3422 182 153 e.
2098 3422 182 153 m.
2158 3422 334 153 aflägsnat

512 3535 235 186 sig;
659 3535 206 186 att
776 3535 176 186 då
865 3535 382 186 Wallqvist
1159 3535 206 186 kl.
1276 3535 294 186 straxt
1482 3535 265 186 efter
1659 3535 206 186 1/2
1776 3535 147 186 6
1835 3535 176 186 e.
1924 3535 176 186 m.
2012 3535 382 186 återvändt
2277 3535 176 186 till

507 3652 373 199 lokalen,
787 3652 653 199 Kontorsskrifvaren
1346 3652 373 199 Björkman
1626 3652 218 199 för
1750 3652 435 199 Wallqvist,
2092 3652 155 199 i
2154 3652 342 199 närvaro
2372 3652 124 199 af

2537 219 358 192 Vidholm,
2806 219 328 192 anmält,
3045 219 209 192 att
3164 219 418 192 förenämnda
3493 219 269 192 bref,
3672 219 358 192 hvilket,
3941 219 418 192 inskrifvet
4269 219 149 192 i
4299 219 209 192 assu¬-

2537 328 437 220 ransboken,
2880 328 250 220 just
3036 328 187 220 då
3130 328 312 220 skolat
3348 328 187 220 af
3442 328 374 220 Björkman
3723 328 250 220 deri
3879 328 437 220 qvitteras,
4191 328 343 220 saknades;

2530 481 245 184 samt
2683 481 214 184 att
2806 481 398 184 Wallqvist
3112 481 245 184 icke
3265 481 245 184 vare
3418 481 214 184 sig
3540 481 398 184 emottagit
3846 481 337 184 brefvet
4091 481 275 184 eller
4244 481 245 184 dermed

2520 606 275 162 haft
2691 606 309 162 någon
2898 606 309 162 annan
3069 606 447 162 befattning;

2551 688 184 171 3o
2643 688 184 171 E.
2735 688 184 171 o.
2827 688 643 171 kontorsskrifvaren
3378 688 276 171 Adolf
3562 688 214 171 von
3684 688 459 171 Proschwitz,
4052 688 306 171 boende
4266 688 153 171 i
4297 688 214 171 huset

2538 805 182 219 No
2629 805 152 219 6
2690 805 213 219 vid
2811 805 456 219 Bazargatan;
3176 805 213 219 att
3297 805 213 219 hon
3419 805 213 219 den
3540 805 182 219 16
3631 805 304 219 dennes
3844 805 243 219 haft
3996 805 486 219 tjenstgöring
4360 805 152 219 kl.

2520 901 349 193 emellan
2774 901 285 193 11-2,
2964 901 222 193 men
3091 901 444 193 föregående
3440 901 285 193 dagen
3630 901 349 193 blifvit
3884 901 190 193 af
3947 901 571 193 tjenstförrättan¬-

2539 1020 192 211 de
2635 1020 576 211 Postdirektören
3115 1020 384 211 Carlberg
3403 1020 352 211 anmodad
3658 1020 224 211 att
3786 1020 448 211 tjenstgöra
4138 1020 320 211 jemväl
4330 1020 160 211 kl.

2536 1121 322 228 emellan
2770 1121 147 228 2
2829 1121 234 228 till
2975 1121 205 228 1/2
3092 1121 176 228 6,
3180 1121 205 228 för
3298 1121 615 228 Kontorsskrifvaren
3825 1121 381 228 Frodlund,
4118 1121 205 228 som
4235 1121 147 228 i
4265 1121 234 228 ansen¬-

2552 1268 186 209 de
2645 1268 248 209 till
2800 1268 341 209 sjukdom
3048 1268 372 209 befriats
3327 1268 248 209 från
3482 1268 527 209 tjenstgöring;
3917 1268 217 209 att
4041 1268 217 209 von
4134 1268 372 209 Proschwitz

2540 1391 259 179 under
2713 1391 432 179 förmiddagen
3059 1391 202 179 väl
3174 1391 403 179 iakttagit,
3491 1391 202 179 att
3606 1391 202 179 det
3721 1391 259 179 legat
3894 1391 202 179 vid
4009 1391 230 179 pass
4153 1391 202 179 ett
4240 1391 259 179 assure¬-

2541 1517 245 200 radt
2694 1517 245 200 bref
2847 1517 153 200 i
2909 1517 306 200 hvarje
3123 1517 184 200 af
3215 1517 184 200 de
3306 1517 275 200 fack,
3490 1517 245 200 deri
3643 1517 337 200 dylike,
3888 1517 214 200 som
4010 1517 306 200 skulle
4225 1517 245 200 afgå
4347 1517 153 200 med

2556 1626 466 226 aftontåget,
2929 1626 342 226 brukade
3178 1626 218 226 vid
3302 1626 466 226 mottagandet
3675 1626 404 226 inläggas,
3986 1626 218 226 men
4111 1626 249 226 icke
4235 1626 249 226 nogare

2543 1758 402 190 aktgifvit
2852 1758 186 190 på
2945 1758 371 190 brefven;
3223 1758 216 190 att
3347 1758 216 190 von
3471 1758 433 190 Proschwitz
3811 1758 186 190 på
3904 1758 247 190 f.m.
4058 1758 433 190 expedierat
4367 1758 124 190 de

2542 1855 260 216 bref,
2716 1855 203 216 som
2831 1855 289 216 skolat
3034 1855 232 216 afgå
3179 1855 203 216 med
3295 1855 492 216 middagståget,
3700 1855 203 216 men
3815 1855 174 216 då
3902 1855 232 216 icke
4047 1855 260 216 tagit
4192 1855 347 216 befattning

2547 1993 211 166 med
2667 1993 241 166 dem,
2818 1993 211 166 som
2938 1993 271 166 först
3119 1993 181 166 på
3209 1993 331 166 aftonen
3450 1993 301 166 skolat
3660 1993 391 166 afsändas;
3961 1993 211 166 att
4082 1993 181 166 då
4172 1993 211 166 von
4262 1993 271 166 Prosch¬-

2562 2080 225 199 vitz
2703 2080 197 199 kl.
2815 2080 197 199 1/2
2928 2080 169 199 3,
3012 2080 253 199 sedan
3181 2080 169 199 de
3266 2080 479 199 nödvändigaste
3660 2080 366 199 göromålen
3942 2080 394 199 afslutats,
4252 2080 253 199 stått
4393 2080 84 199 i

2559 2196 331 249 begrepp
2800 2196 211 249 att
2920 2196 331 249 begifva
3161 2196 211 249 sig
3281 2196 181 249 ut
3371 2196 211 249 för
3492 2196 211 249 att
3612 2196 211 249 äta
3733 2196 331 249 middag,
3973 2196 361 249 Frodlund
4214 2196 301 249 oväntadt

2559 2350 385 232 infunnit
2847 2350 224 232 sig
2976 2350 256 232 och,
3136 2350 160 232 i
3200 2350 417 232 anledning
3520 2350 192 232 af
3617 2350 224 232 von
3745 2350 449 232 Proschwitz
4097 2350 288 232 fråga
4290 2350 192 232 om
4354 2350 160 232 han

2546 2460 335 170 ämnade
2780 2460 368 170 stanna,
3048 2460 167 170 i
3115 2460 402 170 missnöjd
3416 2460 234 170 ton
3550 2460 368 170 svarat:
3818 2460 402 170 "stanna,
4120 2460 234 170 det
4254 2460 234 170 var
4354 2460 134 170 en

2545 2584 457 224 besynnerlig
2910 2584 335 224 fråga";
3154 2584 213 224 att
3276 2584 274 224 sedan
3459 2584 213 224 von
3581 2584 335 224 Prossch
3825 2584 427 224 Proschwitz
4160 2584 152 224 i
4191 2584 335 224 anledning

2549 2706 293 235 deraf
2745 2706 390 235 upplyst,
3037 2706 228 235 att
3168 2706 228 235 han
3298 2706 195 235 af
3395 2706 390 235 Carlberg
3688 2706 390 235 anmodats
3981 2706 260 235 göra
4111 2706 358 235 Frodlunds

2547 2837 322 233 tjenst,
2781 2837 205 233 von
2898 2837 410 233 Proschwitz
3220 2837 380 233 aflägsnat
3512 2837 234 233 sig,
3659 2837 293 233 dervid
3863 2837 351 233 Frodlund
4127 2837 351 233 tillsagt
4361 2837 146 233 ho¬-

2565 2985 228 157 nom
2696 2985 228 157 att
2826 2985 424 157 återkomma
3152 2985 228 157 kl.
3283 2985 228 157 1/2
3381 2985 130 157 6;

2564 3063 179 168 4o
2654 3063 179 168 T.
2743 3063 179 168 f.
2832 3063 626 168 Kontorsskrifvaren
3369 3063 268 168 Oskar
3548 3063 298 168 Albert
3756 3063 447 168 Erlandsson,
4114 3063 298 168 boende
4322 3063 149 168 i
4352 3063 149 168 hu¬-

2559 3190 222 169 set
2686 3190 190 169 No
2781 3190 158 169 5
2844 3190 222 169 vid
2971 3190 285 169 Södra
3161 3190 443 169 Allégatan;
3509 3190 222 169 att
3636 3190 253 169 han,
3794 3190 222 169 som
3921 3190 507 169 tjenstgjorde
4301 3190 158 169 vid

2562 3272 224 188 den
2690 3272 351 188 pulpet,
2945 3272 224 188 der
3073 3272 255 188 s.k.
3233 3272 351 188 vanliga
3488 3272 255 188 bref
3648 3272 255 188 samt
3807 3272 575 188 rekommenderade
4254 3272 192 188 för¬-

2561 3424 352 153 sändelser
2832 3424 379 153 emottoges,
3129 3424 379 153 Thorsdagen
3427 3424 190 153 den
3536 3424 162 153 16
3617 3424 162 153 ds
3698 3424 190 153 kl.
3806 3424 298 153 emellan
4023 3424 135 153 2
4077 3424 190 153 och
4185 3424 135 153 8
4239 3424 217 153 e.m.
4348 3424 135 153 va¬-

2569 3507 205 221 rit
2686 3507 263 221 stadd
2861 3507 146 221 i
2920 3507 497 221 tjenstgöring,
3329 3507 293 221 dervid
3534 3507 205 221 han
3651 3507 263 221 icke,
3827 3507 176 221 så
3914 3507 234 221 vidt
4061 3507 205 221 han
4178 3507 263 221 kunde
4324 3507 146 221 er¬-

2568 3621 272 194 inra
2738 3621 272 194 sig,
2908 3621 306 194 varit
3113 3621 341 194 framme
3351 3621 238 194 vid
3487 3621 238 194 den
3624 3621 170 194 i
3692 3621 375 194 rummets
3964 3621 306 194 andra
4169 3621 272 194 ända
4305 3621 170 194 be¬
