5017 4050
451 168 313 161 utan
647 168 274 161 att
803 168 431 161 Nilsson
1116 168 391 161 kunnat
1390 168 313 161 höra
1586 168 391 161 hvarom
1860 168 470 161 samtalet
2173 168 235 161 rört

451 296 249 175 sig;
606 296 218 175 att
731 296 342 175 Nilsson
980 296 311 175 straxt
1197 296 373 175 derefter
1477 296 435 175 iakttagit,
1819 296 218 175 att
1943 296 404 175 Alexander
2223 296 218 175 Lars¬-

439 412 252 173 son
583 412 180 173 i
655 412 396 173 bemälde
943 412 288 173 fyra
1123 412 468 173 personers
1483 412 432 173 sällskap
1807 412 288 173 gått
1987 412 324 173 nedåt
2167 412 252 173 häst¬-

431 545 375 158 backen;
704 545 239 158 att
840 545 375 158 Nilsson
1113 545 478 158 emellertid
1489 545 444 158 aflägsnat
1830 545 239 158 sig
1966 545 273 158 från
2137 545 239 158 dem
2239 545 171 158 och

426 624 418 169 begifvit
740 624 244 169 sig
879 624 279 169 till
1054 624 523 169 Skeppsbron,
1472 624 244 169 der
1612 624 244 169 han
1751 624 314 169 efter
1961 624 314 169 någon
2135 624 244 169 stund

435 742 287 188 fått
615 742 215 188 se
722 742 323 188 Anton
938 742 359 188 Robert
1189 742 395 188 Larsson
1476 742 287 188 till
1655 742 215 188 en
1763 742 359 188 qvinna
2014 742 287 188 till
2158 742 215 188 salu

450 865 383 181 utbjuda
729 865 314 181 något
938 865 418 181 föremål,
1252 865 349 181 dervid
1496 865 453 181 Alexander
1844 865 383 181 Larsson
2123 865 244 181 och
2228 865 139 181 de

433 968 353 204 öfriga
680 968 388 204 stannat
962 968 212 204 på
1067 968 317 204 något
1279 968 388 204 afstånd
1561 968 282 204 från
1737 968 317 204 Anton
1949 968 282 204 Robt
2090 968 353 204 Larsson;

437 1110 269 165 samt
606 1110 236 165 att
740 1110 371 165 Nilsson
1010 1110 438 165 sedermera
1347 1110 269 165 gått
1515 1110 269 165 till
1684 1110 303 165 Lilla
1886 1110 337 165 Bomen,
2122 1110 236 165 der
2223 1110 168 165 han

450 1238 436 107 återigen
777 1238 291 107 fått
958 1238 218 107 se
1067 1238 291 107 alla
1249 1238 508 107 förenämnde
1648 1238 400 107 karlar,
1939 1238 254 107 med
2048 1238 363 107 undantag

451 1319 218 189 af
560 1319 363 189 Robert
813 1319 435 189 Larsson,
1140 1319 399 189 hvilken
1430 1319 254 189 han
1575 1319 290 189 dock
1756 1319 218 189 en
1865 1319 326 189 stund
2046 1319 363 189 derefter

445 1442 292 155 sett
628 1442 292 155 vara
811 1442 219 155 af
921 1442 219 155 en
1030 1442 658 155 Poliskonstapel
1542 1442 402 155 anhållen.

594 1524 538 193 Målseganden
1025 1524 503 193 Berndtsson
1420 1524 251 193 har
1563 1524 467 193 sedermera
1922 1524 395 193 anmält,
2174 1524 179 193 att

446 1634 251 190 vid
590 1634 323 190 samma
805 1634 502 190 tillfälle,
1199 1634 251 190 som
1342 1634 574 190 kaffekitteln
1809 1634 538 190 bortkommit,
2203 1634 215 190 från

434 1749 353 144 honom
669 1749 393 144 jemväl
944 1749 589 144 tillgripits
1415 1749 236 144 en
1533 1749 393 144 gammal
1768 1749 550 144 bleckflaska.

572 1847 229 180 På
686 1847 343 180 grund
915 1847 229 180 af
1029 1847 305 180 hvad
1220 1847 419 180 sålunda
1525 1847 572 180 förekommit,
1982 1847 381 180 kommer
2210 1847 191 180 Jo¬-

421 1969 247 183 han
562 1969 458 183 Alexander
914 1969 423 183 Larsson,
1231 1969 388 183 hvilken
1513 1969 388 183 blifvit
1795 1969 282 183 till
1936 1969 458 183 cellfängel¬-

443 2072 262 170 set
592 2072 598 170 införpassad,
1078 2072 262 170 att
1228 2072 336 170 denna
1452 2072 262 170 dag
1601 2072 336 170 inför
1788 2072 561 170 Poliskammaren

435 2185 559 181 inställas.
875 2185 479 181 Göteborg
1234 2185 280 181 den
1394 2185 240 181 17
1514 2185 519 181 September
1873 2185 280 181 1880.

58 2309 279 130 No
152 2309 279 130 199.

60 2418 206 131 John
189 2418 232 131 Albin
318 2418 154 131 Ols¬-

50 2536 135 141 son.

531 2334 354 147 Sedan
766 2334 629 147 Hemmadottern
1277 2334 393 147 Amanda
1552 2334 511 147 Johansson
1945 2334 314 147 från
2103 2334 314 147 Askims

456 2469 211 172 by
561 2469 176 172 i
632 2469 352 172 Askims
878 2469 352 172 socken
1124 2469 422 172 Onsdagen
1441 2469 246 172 den
1582 2469 211 172 15
1687 2469 211 172 ds
1793 2469 387 172 anmält,
2074 2469 246 172 att
2180 2469 246 172 sagde

438 2559 242 190 dag
577 2559 242 190 kl.
715 2559 173 190 1
784 2559 277 190 e.m.
957 2559 173 190 å
1026 2559 518 190 Kungstorget
1441 2559 311 190 genom
1648 2559 449 190 fickstöld
1994 2559 277 190 från
2132 2559 242 190 henne

438 2675 523 190 tillgripits
857 2675 209 190 en
961 2675 523 190 portmonnaie
1380 2675 209 190 af
1484 2675 314 190 brunt
1694 2675 314 190 skinn
1903 2675 244 190 med
2007 2675 384 190 messings¬-

437 2785 262 168 lås,
601 2785 523 168 innehållande
1026 2785 360 168 emellan
1288 2785 164 168 7
1353 2785 229 168 och
1484 2785 164 168 8
1549 2785 360 168 Kronor,
1811 2785 294 168 deraf
2007 2785 196 168 en
2105 2785 294 168 sedel
2269 2785 98 168 å

461 2886 166 191 5
527 2886 366 191 Kronor,
794 2886 233 191 två
927 2886 399 191 enkronor
1226 2886 200 191 af
1326 2886 366 191 silfver
1592 2886 266 191 samt
1759 2886 300 191 några
1958 2886 333 191 mindre
2158 2886 233 191 silf¬-

448 3004 252 184 ver
592 3004 252 184 och
736 3004 540 184 kopparmynt,
1168 3004 324 184 jemte
1384 3004 216 184 en
1491 3004 360 184 mindre
1743 3004 576 184 blyertspenna
2175 3004 180 184 och

444 3098 255 160 två
589 3098 656 160 papperslappar,
1136 3098 328 160 hvarå
1354 3098 364 160 funnos
1609 3098 583 160 anteckningar
2083 3098 219 160 om
2155 3098 219 160 för¬-

422 3222 270 162 såld
591 3222 304 162 mjölk
793 3222 236 162 och
928 3222 405 162 potatis,
1232 3222 236 162 har
1367 3222 742 162 detektivkonstapeln
2007 3222 304 162 Peter
2176 3222 236 162 Lind¬-

450 3322 253 159 gren
609 3322 380 159 påföljde
894 3322 222 159 dag
1021 3322 222 159 för
1147 3322 285 159 detta
1337 3322 412 159 tillgrepp
1654 3322 380 159 anhållit
1939 3322 412 159 ynglingen
2225 3322 158 159 Jo¬-

430 3440 234 154 han
563 3440 301 154 Albin
764 3440 367 154 Olsson,
1031 3440 267 154 född
1198 3440 234 154 den
1331 3440 167 154 7
1398 3440 301 154 Sept.
1598 3440 267 154 1864
1765 3440 234 154 och
1899 3440 234 154 son
2033 3440 267 154 till
2166 3440 234 154 Enkan

450 3548 275 169 Anna
622 3548 344 169 Lovisa
862 3548 378 169 Olsson,
1137 3548 344 169 boende
1378 3548 172 169 i
1447 3548 309 169 huset
1653 3548 206 169 No
1756 3548 172 169 4
1825 3548 206 169 af
1928 3548 413 169 Majornas
2203 3548 206 169 3dje

440 3654 298 143 rote,
638 3654 364 143 hvilken
903 3654 231 143 vid
1035 3654 231 143 det
1167 3654 231 143 med
1300 3654 298 143 honom
1498 3654 165 143 i
1564 3654 430 143 anledning
1895 3654 298 143 häraf
2060 3654 331 143 anställ¬

2522 157 200 215 da
2622 157 333 215 förhör
2854 157 466 215 uppgifvit,
3220 157 233 215 att
3354 157 200 215 då
3453 157 233 215 han
3586 157 233 215 vid
3719 157 499 215 förstnämnde
4119 157 233 215 tid
4252 157 166 215 i
4285 157 233 215 säll¬-

2532 312 297 191 skap
2717 312 260 191 med
2866 312 482 191 ynglingen
3236 312 408 191 Charles
3533 312 408 191 Wilhelm
3830 312 482 191 Bengtsson
4163 312 371 191 uppehål¬-

2550 404 228 194 lit
2681 404 228 194 sig
2811 404 163 194 å
2876 404 488 194 Kungstorget
3267 404 228 194 och
3397 404 326 194 dervid
3625 404 260 194 sett
3787 404 456 194 Målsegaren
4145 404 163 194 i
4211 404 228 194 sin
4308 404 228 194 ficka

2549 509 422 231 nedlägga
2865 509 211 231 en
2970 509 562 231 portmonnaie,
3427 509 211 231 de
3532 509 246 231 med
3673 509 457 231 hvarandra
3989 509 562 231 öfverenskommit

2570 632 245 222 att
2710 632 455 222 tillgripa
3060 632 455 222 densamma;
3411 632 245 222 att
3551 632 210 222 de
3656 632 175 222 i
3726 632 455 222 anledning
4077 632 315 222 deraf
4252 632 280 222 närmat

2554 731 237 241 sig
2690 731 474 241 målsegaren
3062 731 237 241 och
3198 731 305 241 under
3401 731 237 241 det
3537 731 440 241 Bengtsson
3875 731 339 241 ställt
4112 731 237 241 sig
4214 731 305 241 bredvid

2568 850 532 202 målsegaren,
2993 850 213 202 så
3100 850 248 202 att
3242 850 248 202 hon
3384 850 284 202 icke
3561 850 355 202 kunnat
3809 850 213 202 se
3916 850 390 202 Olsson,
4200 850 319 202 denne
4377 850 142 202 ur

2565 942 354 210 hennes
2813 942 567 210 kjortelficka
3273 942 496 210 tillgripit
3663 942 532 210 ifrågakomne
4053 942 461 210 portmonnaie

2582 1044 234 231 med
2715 1044 400 231 uppgifna
3015 1044 501 231 innehållet;
3416 1044 234 231 att
3549 1044 334 231 Olsson
3783 1044 234 231 och
3917 1044 434 231 Bengtsson
4250 1044 234 231 sig
4350 1044 234 231 emel¬-

2565 1156 233 227 lan
2698 1156 266 227 lika
2864 1156 399 227 fördelat
3163 1156 199 227 de
3263 1156 465 227 tillgripne
3628 1156 532 227 penningarne,
4061 1156 332 227 hvilka
4260 1156 266 227 Olsson

2561 1272 229 224 för
2692 1272 229 224 sin
2823 1272 229 224 del
2954 1272 360 224 användt
3215 1272 262 224 till
3379 1272 425 224 förtäring
3706 1272 196 224 af
3804 1272 229 224 mat
3935 1272 229 224 och
4066 1272 229 224 öl;
4197 1272 262 224 samt
4327 1272 164 224 att

2564 1374 248 225 han
2705 1374 318 225 under
2917 1374 318 225 vägen
3130 1374 283 225 till
3307 1374 248 225 sin
3448 1374 354 225 bostad
3696 1374 248 225 vid
3837 1374 354 225 bläsan
4085 1374 354 225 kastat
4297 1374 248 225 port¬-

2560 1559 479 129 monnaien
2920 1559 200 129 i
2959 1559 280 129 sjön.

2674 1581 407 160 Charles
2970 1581 407 160 Wilhelm
3266 1581 481 160 Bengtsson
3635 1581 222 160 är
3746 1581 518 160 eftersökt,
4153 1581 259 160 men
4264 1581 222 160 ännu

2582 1718 285 182 icke
2725 1718 427 182 anträffad.

2702 1751 225 268 På
2814 1751 337 268 grund
3039 1751 225 268 af
3151 1751 300 268 hvad
3338 1751 412 268 sålunda
3638 1751 562 268 förekommit,
4087 1751 374 268 kommer
4311 1751 225 268 John

2559 1862 328 243 Albin
2777 1862 364 243 Olsson
3032 1862 255 243 att
3178 1862 328 243 denna
3396 1862 255 243 dag
3542 1862 255 243 för
3688 1862 255 243 PKn
3797 1862 437 243 inställas.

2987 1997 438 234 Göteborg
3315 1997 255 234 den
3461 1997 219 234 17
3570 1997 474 234 September
3899 1997 255 234 1880.

4512 2054 260 114 No
4598 2054 260 114 200.

4477 2196 268 105 Hedvig
4638 2196 294 105 Elisabeth

4459 2261 328 151 Gråberg.

2701 2105 238 191 Fru
2837 2105 272 191 Edla
3007 2105 340 191 Elion,
3245 2105 340 191 boende
3483 2105 170 191 i
3551 2105 306 191 huset
3755 2105 204 191 No
3857 2105 306 191 1/292
4061 2105 238 191 vid
4163 2105 374 191 Qvarnber¬-

2572 2234 254 232 get
2717 2234 254 232 har
2862 2234 435 232 Fredagen
3189 2234 254 232 den
3334 2234 218 232 17
3443 2234 363 232 dennes
3697 2234 399 232 anmält,
3987 2234 254 232 att
4132 2234 327 232 sagde
4314 2234 181 232 dag

2583 2318 199 235 kl
2682 2318 232 235 1/4
2815 2318 199 235 11
2915 2318 299 235 f.m.,
3114 2318 299 235 under
3313 2318 232 235 det
3445 2318 232 235 hon
3578 2318 166 235 å
3644 2318 498 235 Kungstorget
4043 2318 299 235 varit
4208 2318 299 235 syssel¬-

2591 2451 270 235 satt
2760 2451 237 235 med
2895 2451 338 235 inköpt
3132 2451 203 235 af
3233 2451 338 235 frukt,
3470 2451 270 235 från
3639 2451 304 235 henne
3841 2451 507 235 tillgripits
4247 2451 203 235 en
4314 2451 237 235 svart

2585 2552 525 256 ylleparaply
3005 2552 245 256 med
3145 2552 525 256 metallhylsa
3565 2552 245 256 och
3705 2552 525 256 vidhängande
4090 2552 420 256 stålkedja,

2586 2663 268 198 värd
2753 2663 234 198 Tre
2887 2663 368 198 Kronor,
3155 2663 368 198 hvilken
3423 2663 368 198 paraply
3690 2663 234 198 hon
3824 2663 234 198 vid
3958 2663 469 198 tillfället
4293 2663 201 198 lagt

2583 2773 286 251 ifrån
2774 2773 255 251 sig,
2933 2773 255 251 samt
3092 2773 223 251 att
3219 2773 223 251 hon
3347 2773 223 251 för
3474 2773 477 251 tillgreppet
3856 2773 445 251 misstänkte
4206 2773 191 251 en
4269 2773 223 251 äldre

2608 2858 380 249 qvinna,
2885 2858 242 249 som
3023 2858 276 249 till
3195 2858 276 249 salu
3368 2858 414 249 utbjudit
3644 2858 691 249 fårskinnshandskar.

2785 2932 176 263 I
2855 2932 458 263 anledning
3208 2932 317 263 häraf
3419 2932 247 263 har
3560 2932 670 263 Poliskonstapeln
4124 2932 211 263 No
4230 2932 211 263 41
4300 2932 282 263 Svens¬-

2598 3072 246 247 son
2739 3072 528 247 förstnämnde
3161 3072 246 247 dag
3301 3072 211 247 på
3407 3072 387 247 aftonen
3688 3072 246 247 för
3829 3072 317 247 detta
4040 3072 457 247 tillgrepp
4356 3072 176 247 an¬-

2593 3197 362 216 hållit
2846 3197 399 216 hustrun
3136 3197 362 216 Hedvig
3390 3197 471 216 Elisabeth
3753 3197 399 216 Gråberg
4043 3197 290 216 från
4188 3197 362 216 Kongelf,

2599 3253 234 271 som
2732 3253 334 271 dervid
2966 3253 301 271 varit
3167 3253 201 271 af
3267 3253 334 271 starka
3502 3253 368 271 drycker
3769 3253 502 271 öfverlastad
4171 3253 234 271 och
4271 3253 234 271 inne¬-

2590 3400 282 251 haft
2766 3400 247 251 den
2907 3400 493 251 tillgripne
3295 3400 493 251 paraplyen;
3682 3400 247 251 och
3823 3400 247 251 har
3964 3400 388 251 Gråberg
4246 3400 247 251 vid
4352 3400 176 251 det

2611 3548 241 168 med
2748 3548 309 168 henne
2954 3548 447 168 härstädes
3298 3548 447 168 anställda
3642 3548 344 168 förhör
3882 3548 481 168 uppgifvit,
4260 3548 241 168 att
4363 3548 172 168 hon

2613 3642 233 195 vid
2746 3642 500 195 ifrågakomne
3146 3642 433 195 tillfälle
3479 3642 167 195 å
3546 3642 500 195 Kungstorget
3946 3642 567 195 tillvaratagit
4379 3642 167 195 pa¬
