5041 4052
563 155 652 77 Omförmälde
1076 155 466 77 Anders
1402 155 605 77 Johansson
1867 155 326 77 har
2007 155 419 77 blifvit

547 259 625 101 eftersökt,
1038 259 312 101 men
1217 259 268 101 ej
1350 259 446 101 kunnat
1618 259 580 101 anträffats.

561 373 561 115 Hafren,
969 373 357 115 som
1173 373 306 115 är
1326 373 408 115 värd
1582 373 255 115 2
1684 373 306 115 Kr
1837 373 306 115 70
1990 373 357 115 öre
2143 373 255 115 har

545 483 495 129 tillhör
905 483 855 129 Grosshandlanden
1624 483 270 129 J.
1759 483 270 129 W.
1894 483 495 129 Wilson,
2209 483 225 129 som

540 581 319 137 har
723 581 365 137 sitt
951 581 456 137 kontor
1270 581 228 137 i
1361 581 410 137 huset
1635 581 274 137 No
1772 581 228 137 1
1863 581 319 137 vid
2000 581 410 137 Skepps¬-

517 749 297 81 bron.

525 801 309 131 På
679 801 463 131 grund
987 801 309 131 af
1142 801 411 131 hvad
1399 801 566 131 sålunda
1759 801 617 131 förekommit

630 931 216 42 är

1001 907 507 87 Anders
1356 907 507 87 Gustaf
1661 907 456 87 Kramer,

2073 844 333 43 kallad

533 1007 229 77 till
648 1007 372 77 inställelse

748 1051 407 81 inför
974 1051 271 81 Pken

1321 958 351 65 denna
1516 958 234 65 dag.

1703 1003 627 66 Göteborg
2121 1003 261 66 den

532 1157 297 113 12
681 1157 446 113 April
929 1157 347 113 1880.

151 1261 232 90 No
229 1261 193 90 81.

98 1407 166 76 J.
181 1407 166 76 S.
264 1407 222 76 Odin
375 1407 111 76 m.

64 1506 140 81 fl.

550 1337 719 111 Jernhandlaren
1142 1337 254 111 C.
1268 1337 254 111 F.
1395 1337 507 111 Larsson,
1776 1337 423 111 boende
2072 1337 211 111 i
2114 1337 296 111 huset

525 1451 257 109 No
654 1451 257 109 22
782 1451 214 109 i
868 1451 514 109 Majornas
1253 1451 343 109 2dre
1468 1451 343 109 Rote
1682 1451 300 109 har
1853 1451 514 109 Lördagen
2196 1451 214 109 den

536 1547 231 109 10
651 1547 231 109 ds
767 1547 193 109 i
844 1547 270 109 4de
998 1547 770 109 Polisdistriktets
1652 1547 539 109 vaktkontor
2037 1547 385 109 anmälts,

523 1647 286 125 att
687 1647 858 125 Snickareförmannen
1422 1647 245 125 J.
1544 1647 245 125 S.
1667 1647 327 125 Odin
1871 1647 286 125 och
1994 1647 408 125 Snickeri

522 1773 553 115 arbetaren
947 1773 383 115 Johan
1202 1773 425 115 August
1499 1773 553 115 Grönvall,
1924 1773 340 115 båda
2094 1773 340 115 boende

522 1883 219 117 i
610 1883 394 117 huset
872 1883 263 117 No
1004 1883 263 117 41
1135 1883 306 117 1/2
1310 1883 263 117 13
1441 1883 306 117 vid
1616 1883 394 117 Södra
1835 1883 525 117 Alleegatan

516 1989 335 113 samt
725 1989 879 113 Stufveriarbetaren
1479 1989 419 113 Swante
1772 1989 419 113 Gustaf
2023 1989 377 113 Wallén,

525 2107 413 97 boende
814 2107 207 97 i
897 2107 372 97 huset
1145 2107 248 97 No
1269 2107 289 97 106
1434 2107 207 97 i
1517 2107 248 97 Ms
1641 2107 331 97 3dje
1847 2107 331 97 rote
2013 2107 413 97 Lördagen

519 2217 303 93 den
692 2217 216 93 3
778 2217 216 93 i
865 2217 433 93 dennes
1168 2217 389 93 månad
1427 2217 519 93 infunnit
1816 2217 303 93 sig
1989 2217 303 93 hos
2119 2217 303 93 honom

505 2319 304 97 och
678 2319 435 97 dervid
983 2319 348 97 vela
1200 2319 348 97 till
1418 2319 348 97 salu
1635 2319 522 97 utbjudit
2027 2319 261 97 en
2114 2319 304 97 smidd

508 2417 658 97 jernketting
1034 2417 263 97 af
1166 2417 263 97 28
1297 2417 351 97 fots
1517 2417 395 97 längd
1780 2417 307 97 och
1911 2417 395 97 vägande

504 2541 263 85 77
636 2541 263 85 ℔,
767 2541 307 85 att
943 2541 482 85 Larsson
1294 2541 439 85 lofvat
1601 2541 307 85 dem
1776 2541 351 85 köpa
1952 2541 482 85 kettingen

499 2651 511 89 derest
856 2651 306 89 de
1009 2651 357 89 med
1214 2651 460 89 bevis
1520 2651 460 89 kunde
1826 2651 511 89 styrka
2133 2651 255 89 åt¬-

515 2755 540 81 komsten
907 2755 392 81 till
1153 2755 638 81 densamma;
1643 2755 392 81 samt
1888 2755 343 81 att
2036 2755 294 81 Odin

498 2847 598 91 Grönvall
947 2847 349 91 och
1146 2847 548 91 Wallén,
1545 2847 498 91 hvilka
1894 2847 349 91 hos
2043 2847 349 91 honom

514 2947 639 89 qvarlemnat
1016 2947 593 89 kettingen
1473 2947 548 89 derefter
1883 2947 274 89 ej
1975 2947 319 89 låtit

521 3067 298 69 sig
649 3067 383 69 afhöra.

508 3135 220 105 I
596 3135 571 105 anledning
1035 3135 396 105 häraf
1299 3135 396 105 hafva
1563 3135 396 105 Odin,
1827 3135 527 105 Grönvall
2178 3135 220 105 och

484 3235 438 107 Wallén
791 3235 481 107 blifvit
1141 3235 438 107 hörda,
1447 3235 481 107 hvarvid
1797 3235 263 107 de
1885 3235 481 107 uppgifvit

497 3396 236 46 1o
615 3396 353 46 Odin,
811 3396 196 46 att

933 3336 187 48 han

1039 3370 214 68 i
1125 3370 514 68 December
1510 3370 428 68 sistl.
1810 3370 257 68 år
1938 3370 257 68 ur
2024 3370 342 68 elfven

496 3453 577 103 upptagit
929 3453 722 103 ifrågakomne
1506 3453 577 103 ketting,
1939 3453 337 103 som
2083 3453 241 103 han

499 3574 541 96 derefter
905 3574 541 96 förvarat
1311 3574 406 96 hemma
1582 3574 226 96 i
1672 3574 316 96 sin
1853 3574 496 96 bostad,
2168 3574 226 96 att

441 3706 237 38 han

646 3644 236 58 efter
803 3644 184 58 att
882 3644 184 58 hafva

713 3669 522 65 afskrapat
1114 3669 401 65 rosten
1395 3669 281 65 och
1555 3669 401 65 tjärat
1836 3669 522 65 densamma,
2197 3669 201 65 den

2688 239 218 104 3
2776 239 261 104 ds
2906 239 348 104 sökt
3124 239 522 104 försälja
3515 239 566 104 kettingen
3950 239 348 104 till
4124 239 392 104 Larsson

2678 377 364 82 samt
2906 377 319 82 att
3088 377 455 82 Wallén
3407 377 455 82 endast
3726 377 501 82 biträdt
4090 377 319 82 vid
4227 377 273 82 för¬-

2663 487 632 78 säljningen
3159 487 541 78 hvaremot
3565 487 541 78 Grönvall
3971 487 451 78 hjelpt
4242 487 316 78 honom

2676 597 805 82 transportera
3329 597 654 82 densamma;
3832 597 402 82 samt
4084 597 352 82 att
4235 597 251 82 han

2832 704 291 71 som
2956 704 415 71 derefter

3584 703 366 74 varit
3828 703 650 74 sängliggande
4316 703 244 74 sjuk

2684 817 265 74 ej
2816 817 442 74 kunnat
3126 817 487 74 infinna
3480 817 310 74 sig
3657 817 310 74 hos
3834 817 487 74 Larsson
4188 817 310 74 för
4321 817 221 74 att

2671 915 537 86 erhålla
3062 915 537 86 besked.
3404 915 244 86 och

2668 1035 261 78 2o
2799 1035 436 78 Wallén
3104 1035 305 78 och
3278 1035 523 78 Grönvall
3671 1035 218 78 i
3714 1035 828 78 öfverensstämmelse

2673 1149 383 74 med
2892 1149 437 74 Odin
3165 1149 273 74 i
3274 1149 437 74 hvad
3548 1149 383 74 dem
3712 1149 546 74 anginge.

2668 1273 212 68 I
2752 1273 467 68 bilagde
3092 1273 595 68 skrifvelse
3560 1273 255 68 af
3687 1273 297 68 den
3857 1273 255 68 10
3984 1273 255 68 ds
4112 1273 297 68 har
4239 1273 255 68 Odin

2682 1383 510 70 anmält,
3053 1383 325 70 att
3238 1383 510 70 Larsson
3609 1383 325 70 den
3795 1383 232 70 3
3887 1383 325 70 ds,
4073 1383 278 70 då
4166 1383 278 70 Odin

2686 1487 316 84 till
2884 1487 356 84 honom
3122 1487 356 84 velat
3359 1487 475 84 försälja
3715 1487 593 84 oftaberörda
4150 1487 356 84 ketting

2661 1589 682 94 qvarhållit
3197 1589 584 94 densamma
3635 1589 438 94 under
3928 1589 536 94 uppgift
4268 1589 244 94 att

2656 1687 367 111 Odin
2886 1687 275 111 på
3023 1687 505 111 oärligt
3391 1687 367 111 sätt
3620 1687 459 111 kommit
3941 1687 230 111 i
3987 1687 551 111 besittning

2678 1776 240 124 af
2798 1776 519 124 kettingen
3197 1776 280 124 och
3357 1776 360 124 yrkat
3597 1776 280 124 att
3757 1776 360 124 genom
3997 1776 320 124 PKns
4156 1776 360 124 försorg

2664 1878 383 74 återfå
2893 1878 421 74 densamma.

2677 1902 864 116 Jernhandlaren
3388 1902 559 116 Larsson
3795 1902 356 116 har
3947 1902 559 116 förklarat

2699 2013 590 118 kettingen
3152 2013 363 118 vara
3379 2013 363 118 icke
3606 2013 363 118 bära
3833 2013 408 118 några
4106 2013 363 118 spår
4287 2013 227 118 an¬-

2706 2113 511 114 tydande
3077 2113 325 114 att
3263 2113 325 114 den
3449 2113 418 114 legat
3727 2113 232 114 i
3774 2113 418 114 vatten.

2711 2239 256 120 Om
2839 2239 342 120 hvad
3053 2239 470 120 sålunda
3395 2239 641 120 förekommit,
3907 2239 427 120 skulle
4164 2239 384 120 rapport

2688 2331 324 136 till
2890 2331 283 136 Pkn
3052 2331 526 136 afgifvas.
3457 2331 445 136 Görborg
3781 2331 283 136 den
3943 2331 243 136 12
4064 2331 364 136 April
4267 2331 283 136 1880.

4539 2427 268 104 No
4629 2427 223 104 82.

4522 2549 358 118 August
4737 2549 179 118 An¬-

4503 2657 380 90 dersson
4745 2657 173 90 och

4502 2751 263 82 Anders
4659 2751 289 82 Andersson

2686 2527 360 70 Efter
2926 2527 440 70 anmälan
3245 2527 240 70 af
3365 2527 759 70 Arbetsförmannen
4005 2527 360 70 Johan
4204 2527 280 70 Peter

2665 2635 571 78 Andreasson
3114 2635 449 78 anstäld
3440 2635 286 78 hos
3603 2635 653 78 Byggmästaren
4134 2635 245 78 J.
4215 2635 245 78 Dähn

2662 2745 292 57 och
2829 2745 417 57 boende
3121 2745 208 57 i
3204 2745 375 57 huset
3454 2745 250 57 No
3579 2745 250 57 23
3704 2745 292 57 vid
3871 2745 542 57 Sillgatan
4246 2745 208 57 har

2648 2845 729 69 Poliskonstapeln
3261 2845 230 69 No
3376 2845 192 69 4
3415 2845 383 69 Sandholm

3754 2765 303 56 tisdagen
3981 2765 177 56 den
4082 2765 151 56 13
4132 2765 101 56 ds

4030 2846 232 58 kl
4146 2846 232 58 5.
4263 2846 194 58 e
4301 2846 155 58 m.

2656 2941 477 70 anhållit
3014 2941 636 70 arbetskarlen
3531 2941 397 70 August
3809 2941 556 70 Andersson,
4206 2941 318 70 boende

2643 3041 204 72 i
2725 3041 367 72 huset
2970 3041 245 72 No
3092 3041 245 72 13
3214 3041 326 72 Litt
3418 3041 204 72 M
3500 3041 204 72 i
3582 3041 571 72 Redberglid
4030 3041 286 72 för
4194 3041 286 72 det
4316 3041 204 72 han

2661 3147 345 78 kort
2876 3147 388 78 förut
3135 3147 345 78 från
3350 3147 258 78 en
3479 3147 215 78 å
3565 3147 517 78 Hultmans
3953 3147 388 78 holme
4168 3147 388 78 upplagd

2652 3280 292 48 hög
2819 3280 292 48 med
2986 3280 750 48 byggnadstimmer
3611 3280 583 48 tillgripit
4028 3280 458 48 tillhörig

2569 3309 373 64 Byggmästaren

2621 3384 330 63 Dähn
2827 3384 619 63 tillgripit,
3364 3384 289 63 och
3529 3384 619 63 söndersågat
4025 3384 330 63 samt
4190 3384 330 63 sönder

2648 3457 457 102 kluvit
2968 3457 320 102 ett
3151 3457 457 102 stycke
3472 3457 595 102 påltimmer
3929 3457 274 102 af
4066 3457 274 102 30
4158 3457 274 102 fots

2636 3565 418 82 längd
2914 3565 325 82 och
3100 3565 371 82 värd
3332 3565 232 82 3
3378 3565 232 82 Kr.

2648 3663 325 98 Vid
2833 3663 325 98 det
3019 3663 325 98 med
3204 3663 603 98 Andersson
3668 3663 232 98 i
3760 3663 603 98 anledning
4177 3663 325 98 häraf

2628 3757 505 96 anstälde
3007 3757 421 96 förhör
3301 3757 295 96 har
3470 3757 295 96 han
3638 3757 505 96 vidgått,
4017 3757 295 96 att
4185 3757 295 96 han
4312 3757 210 96 och
