5072 4036
507 292 316 104 två
687 292 451 104 dörrar
1003 292 316 104 för
1184 292 316 104 att
1364 292 496 104 inkomma
1725 292 226 104 i
1815 292 541 104 butiken,
2176 292 226 104 att

501 398 314 100 han
681 398 628 100 tillgripit
1174 398 359 100 dels
1398 398 269 100 de
1533 398 493 100 mörkblå
1892 398 493 100 byxorna
2206 398 224 100 och

508 486 880 108 vinteröfverrocken,
1268 486 520 108 pantsatte
1668 486 280 108 den
1828 486 240 108 28
1948 486 400 108 sistl.
2188 486 280 108 Febr.

503 586 237 100 å
597 586 569 100 majornas
1024 586 1376 100 pantlåneinrättningskontor
2258 586 237 100 i

497 690 419 94 huset
777 690 280 94 No
917 690 280 94 44
1057 690 326 94 vid
1243 690 652 94 Husargatan
1756 690 513 94 byxorna
2128 690 326 94 för
2268 690 140 94 6

517 790 268 114 Kr
651 790 312 114 och
830 790 714 114 öfverrrocken
1409 790 268 114 10
1543 790 268 114 kr
1677 790 312 114 och
1856 790 357 114 dels
2079 790 268 114 de
2168 790 312 114 mörk¬-

521 878 427 112 gråa
787 878 587 112 byxorna
1214 878 373 112 som
1428 878 373 112 han
1641 878 373 112 den
1854 878 320 112 16
2015 878 267 112 i
2068 878 320 112 sam¬-

510 974 312 127 ma
666 974 468 127 månad
978 974 624 127 pantsatt
1446 974 312 127 åt
1602 974 572 127 berörde
1966 974 416 127 kontor

540 1079 320 122 för
723 1079 229 122 6
815 1079 503 122 kronor;
1180 1079 320 122 att
1363 1079 320 122 han
1546 1079 594 122 dessutom,
2003 1079 320 122 vid
2140 1079 274 122 fle¬-

559 1181 293 115 ra
706 1181 439 115 olika
998 1181 683 115 tillfällen
1535 1181 439 115 under
1828 1181 439 115 detta
2121 1181 293 115 år
2219 1181 195 115 på

530 1285 644 101 enahanda
1014 1285 430 101 sätt
1282 1285 537 101 beredt
1658 1285 376 101 sig
1873 1285 591 101 inträde
2249 1285 161 101 i

523 1386 559 116 Ahlblads
943 1386 233 116 &
1036 1386 559 116 Groegers
1455 1386 466 116 butik,
1782 1386 326 116 der
1968 1386 326 116 han
2108 1386 326 116 till¬-

548 1492 500 122 gripit
898 1492 400 122 alla
1148 1492 300 122 de
1298 1492 850 122 klädesstycken
1998 1492 350 122 som
2148 1492 300 122 fin¬-

517 1596 402 114 nas
746 1596 689 114 upptagne
1263 1596 287 114 å
1378 1596 345 114 de
1550 1596 345 114 af
1723 1596 517 114 honom
2010 1596 402 114 inne¬-

522 1709 484 106 hafde
845 1709 753 106 pantsedlar
1436 1709 376 106 och
1651 1709 538 106 hvilka
1974 1709 376 106 tyger

544 1819 353 96 han
745 1819 605 96 afrifvit
1199 1819 302 96 af
1350 1819 504 96 större
1702 1819 252 96 i
1803 1819 554 96 butiken
2156 1819 302 96 för¬-

526 1922 559 118 varade
917 1922 1006 118 Klädesstycken;
1755 1922 391 118 att
1979 1922 391 118 han
2147 1922 279 118 med

541 2026 439 103 falsk
834 2026 487 103 nyckel
1175 2026 487 103 ingått
1516 2026 244 103 i
1613 2026 585 103 Hagström
2052 2026 244 103 &
2101 2026 341 103 Hall¬-

538 2122 472 123 grens
852 2122 1102 123 skräddareverkstad
1797 2122 367 123 och
2006 2122 367 123 der
2164 2122 262 123 ta¬-

537 2225 402 110 git
766 2225 689 110 Sortuten
1283 2225 402 110 och
1513 2225 632 110 byxorna
1973 2225 402 110 som
2145 2225 287 110 han

534 2320 502 102 dagen
869 2320 502 102 efter
1203 2320 836 102 tillgreppet
1817 2320 558 102 pantsatt

519 2424 315 96 å
645 2424 756 96 Majornas
1212 2424 756 96 allmänna
1717 2424 693 96 pantlåne¬-

536 2536 746 88 inrättnings
1133 2536 497 88 kontor
1481 2536 249 88 i
1580 2536 448 88 huset
1879 2536 298 88 No
2028 2536 298 88 44
2127 2536 249 88 vid

527 2644 831 116 Husargatan,
1191 2644 665 116 Sortuten
1690 2644 388 116 för
1911 2644 277 116 5
2022 2644 332 116 kr
2133 2644 277 116 och

527 2752 538 118 byxorna
919 2752 343 118 för
1114 2752 245 118 6
1212 2752 538 118 kronor,
1604 2752 343 118 att
1800 2752 343 118 han
1995 2752 294 118 på
2142 2752 392 118 sätt

517 2856 590 112 handl.
930 2856 826 112 Jerichover
1580 2856 590 112 anmält
1993 2856 413 112 med
2170 2856 236 112 en

551 2962 409 104 knif
807 2962 409 104 dels
1063 2962 614 104 utskurit
1523 2962 461 104 låset
1830 2962 409 104 till
2035 2962 409 104 dörren

521 3068 284 86 å
635 3068 625 86 butiken
1089 3068 455 86 inne
1373 3068 284 86 å
1487 3068 568 86 gården
1885 3068 398 86 och
2055 3068 341 86 dels

549 3166 687 88 uppbrutit
1077 3166 475 88 lådan
1394 3166 370 88 som
1606 3166 475 88 stått
1923 3166 264 88 å
1975 3166 423 88 disken

566 3280 278 87 ur
705 3280 510 87 hvilken
1076 3280 371 87 låda
1307 3280 325 87 han
1493 3280 649 87 tillgripit
2003 3280 278 87 11
2095 3280 325 87 styc¬-

549 3383 354 92 ken
752 3383 657 92 silfverur
1257 3383 303 92 af
1409 3383 506 92 hvilka
1763 3383 354 92 han
1914 3383 506 92 pantsatt

536 3490 279 96 8
648 3490 447 96 st.;
983 3490 726 96 hvarjemte
1542 3490 391 96 han
1765 3490 391 96 vid
1933 3490 391 96 samma

510 3604 597 116 tillfälle
969 3604 275 116 ur
1107 3604 275 116 en
1245 3604 459 116 skrubb
1566 3604 230 116 i
1658 3604 643 116 förstugan,
2117 3604 321 116 hvars

2697 291 374 99 dörr
2931 291 327 99 han
3118 291 795 99 sönderbrutit,
3773 291 655 99 tillgripit
4287 291 234 99 5
4334 291 234 99 par

2676 411 947 111 gummigaloscher;
3474 411 349 111 att
3673 411 598 111 samtlige
4072 411 548 111 tillgrep¬-

2662 525 423 111 pen
2903 525 363 111 af
3085 525 544 111 honom
3447 525 786 111 föröfvats
3991 525 605 111 antingen

2645 641 476 105 sent
2942 641 357 105 om
3120 641 713 105 aftnarne
3655 641 535 105 eller
4012 641 594 105 tidigt
4368 641 238 105 om

2667 749 796 119 morgnarne;
3292 749 455 119 samt
3577 749 398 119 att
3804 749 398 119 han
4032 749 284 119 i
4145 749 341 119 de
4259 749 341 119 fle¬-

2651 855 397 117 sta
2878 855 454 117 fall
3162 855 511 117 sändt
3502 855 681 117 obekanta
3956 855 624 117 personer,

2632 959 434 97 som
2880 959 434 97 han
3128 959 497 97 mött
3439 959 310 97 å
3563 959 683 97 gatorna
4059 959 434 97 för
4246 959 310 97 att

2678 1055 680 97 pantsätta
3201 1055 314 97 de
3357 1055 732 97 tillgripne
3880 1055 732 97 persedlarne.

2763 1173 1157 93 Skrädderiarbetaren
3762 1173 683 93 Carlsson,
4235 1173 421 93 firman

2697 1290 732 86 Hagström
3246 1290 305 86 &
3368 1290 732 86 Hallgren
3916 1290 488 86 samt
4160 1290 488 86 skräd¬-

2697 1390 952 106 daremästaren
3470 1390 595 106 Lundin
3887 1390 536 106 hafva
4184 1390 476 106 utlöst

2710 1487 297 125 de
2859 1487 347 125 dem
3057 1487 694 125 tillhörige
3602 1487 644 125 pantsatte
4048 1487 644 125 persedlarne

2710 1611 540 97 Rundin
3088 1611 378 97 med
3304 1611 648 97 undantag
3790 1611 324 97 af
3952 1611 324 97 de
4114 1611 486 97 under
4384 1611 216 97 No

2723 1710 513 95 38217
3065 1710 285 95 å
3179 1710 684 95 Majornas
3693 1710 684 95 allmänna
4149 1710 399 95 pant¬-

2718 1816 1398 85 låneinrättningskontor
3949 1816 280 85 i
4061 1816 503 85 huset
4340 1816 224 85 No

2710 1914 334 103 44
2877 1914 389 103 vid
3100 1914 778 103 Husargatan
3711 1914 723 103 pantsatte
4211 1914 445 103 byxor,

2727 2019 316 96 ov
2885 2019 527 96 hvilka
3255 2019 369 96 han
3465 2019 685 96 förklarat
3993 2019 369 96 sig
4204 2019 422 96 icke

2737 2123 425 80 vilja
2973 2123 425 80 utlösa.

2832 2245 651 85 Samtlige
3320 2245 326 85 de
3483 2245 326 85 af
3646 2245 543 85 Werner
3971 2245 597 85 innehafde

2720 2350 750 81 pantsedlar
3256 2350 536 81 bifogas.

2822 2475 326 91 På
2985 2475 489 91 grund
3311 2475 326 91 af
3474 2475 435 91 hvad
3746 2475 598 91 sålunda
4127 2475 489 91 förkom¬-

2716 2597 436 87 mit
2965 2597 623 87 kommer
3401 2597 498 87 John
3712 2597 685 87 Werner,
4148 2597 436 87 hvil¬-

2746 2707 339 78 ken
2939 2707 533 78 blifvit
3327 2707 388 78 till
3570 2707 824 78 Cellfängelset
4200 2707 388 78 inför¬-

2741 2785 629 110 passad
3181 2785 440 110 att
3433 2785 566 110 denna
3810 2785 440 110 dag
4061 2785 440 110 för
4250 2785 314 110 PKn

2732 2905 698 93 inställas.
3280 2905 598 93 Göteborg
3729 2905 349 93 den
3928 2905 249 93 9
4028 2905 399 93 Mars
4227 2905 349 93 1880.

4610 3025 262 93 No
4698 3025 218 93 57.

4575 3166 347 80 Anders
4784 3166 208 80 Lars

4519 3263 233 68 son

2829 3073 402 107 Efter
3097 3073 491 107 anmälan
3455 3073 268 107 af
3589 3073 625 107 Styrmannen
4080 3073 268 107 E.
4214 3073 313 107 Th.
4348 3073 268 107 Wik¬-

2738 3197 420 107 ström,
3032 3197 461 107 anstäld
3367 3197 210 107 å
3451 3197 629 107 ångfartyget
3955 3197 420 107 "Lilla
4206 3197 336 107 Edet",

2726 3337 305 87 som
2901 3337 436 87 ligger
3206 3337 523 87 förtöjdt
3599 3337 305 87 vid
3773 3337 392 87 Lilla
4035 3337 480 87 Bommen,
4340 3337 218 87 har

2729 3457 864 93 Poliskonstapeln
3456 3457 273 93 No
3593 3457 273 93 27
3729 3457 546 93 Melander
4093 3457 455 93 Onsdagen

2729 3579 276 107 den
2886 3579 236 107 10
3004 3579 394 107 dennes
3280 3579 276 107 kl.
3437 3579 276 107 1/2
3595 3579 236 107 12
3713 3579 236 107 på
3831 3579 433 107 aftonen
4106 3579 394 107 anhållit

2742 3726 319 79 fre
2925 3726 958 79 Kronoarbetskarlen
3746 3726 456 79 Anders
4020 3726 411 79 Larsson
