5030 4083
445 162 353 211 att
646 162 353 211 hon
848 162 555 211 berörde
1251 162 353 211 dag
1453 162 353 211 dag
1655 162 303 211 på
1806 162 605 211 middagen
2210 162 151 211 i

461 308 404 210 afsigt
744 308 283 210 att
905 308 404 210 bettla
1188 308 445 210 uppgått
1512 308 202 210 i
1592 308 364 210 huset
1835 308 243 210 No
1956 308 243 210 41
2078 308 202 210 &
2158 308 243 210 42
2239 308 162 210 af

497 396 426 234 stadens
807 396 310 234 11te
1001 396 310 234 rote
1194 396 271 234 att
1349 396 232 234 då
1466 396 271 234 hon
1621 396 271 234 der
1776 396 194 234 i
1853 396 349 234 andra
2047 396 387 234 våningen

484 562 406 211 funnit
769 562 244 211 en
891 562 487 211 skafferi
1256 562 325 211 dörr
1459 562 366 211 öppen
1703 562 284 211 hon
1865 562 284 211 dit
1987 562 325 211 ingatt

487 683 289 162 och
652 683 578 162 tillgripit
1106 683 578 162 ofvannämde
1518 683 248 162 gods

515 789 905 193 Skeppsfourneraren
1291 789 215 193 A
1377 789 431 193 Bagger
1679 789 431 193 boende
1980 789 215 193 i
2023 789 302 193 nämde

480 929 292 201 hus
647 929 292 201 har
814 929 418 201 anmält
1107 929 292 201 sig
1274 929 376 201 såsom
1525 929 376 201 egare
1775 929 334 201 till
1942 929 418 201 detsamma

488 1036 343 185 under
717 1036 420 185 uppgift
1022 1036 267 185 att
1175 1036 267 185 det
1327 1036 572 185 tillgripits
1785 1036 229 185 ur
1861 1036 458 185 skafferiet

487 1186 384 178 hvars
743 1186 342 178 dörr
957 1186 299 178 vid
1128 1186 598 178 tillfället
1597 1186 384 178 varit
1853 1186 384 178 olåst
2067 1186 256 178 samt

485 1301 291 181 att
652 1301 291 181 det
818 1301 582 181 tillgripna
1276 1301 333 181 vore
1484 1301 333 181 värd
1692 1301 250 181 50
1775 1301 208 181 öre

494 1411 280 215 På
634 1411 420 215 grund
914 1411 280 215 af
1054 1411 373 215 hvad
1287 1411 513 215 sålunda
1660 1411 653 215 förekommit
2126 1411 280 215 kom¬-

481 1575 312 172 mer
660 1575 401 172 Maria
927 1575 579 172 Magdalena
1372 1575 624 172 Berndtsson
1863 1575 312 172 att
1996 1575 312 172 denna

480 1709 308 181 dag
656 1709 308 181 för
832 1709 749 181 Poliskammaren
1405 1709 528 181 inställas.

1338 1824 452 169 Göteborg
1678 1824 264 169 den
1828 1824 226 169 28
1941 1824 302 169 Sept
2092 1824 264 169 1880.

49 1932 308 121 No
151 1932 257 121 110

45 2078 336 100 Anton
231 2078 224 100 Wil¬-

29 2159 302 116 helm
180 2159 302 116 Johan¬-

0 2282 262 104 son

546 1997 534 126 Tisdagen
946 1997 311 126 den
1124 1997 267 126 28
1257 1997 445 126 dennes
1568 1997 311 126 kl.
1746 1997 267 126 12
1879 1997 222 126 p
1968 1997 267 126 d.
2057 1997 356 126 infann

475 2059 306 213 sig
650 2059 219 213 å
738 2059 1049 213 Detektivafdelningens
1656 2059 437 213 kontor
1962 2059 306 213 fre
2093 2059 306 213 Jern¬-

473 2202 874 179 vägsbokhållaren
1209 2202 414 179 Anton
1485 2202 506 179 Wilhelm
1807 2202 506 179 Johansson

442 2326 387 195 från
683 2326 677 195 Wenersborg
1215 2326 435 195 under
1505 2326 580 195 förmälan
1940 2326 338 195 att
2085 2326 242 195 han

440 2469 441 189 sagde
734 2469 343 189 dag
930 2469 294 189 på
1076 2469 294 189 fm
1223 2469 392 189 till
1468 2469 832 189 Skandinaviska
2104 2469 294 189 Kre¬-

436 2596 288 195 dit
601 2596 700 195 aktiebolagets
1177 2596 412 195 kontor
1466 2596 535 195 härstädes
1878 2596 288 195 för
2001 2596 412 195 belåning

463 2728 595 190 inlemnat
910 2728 298 190 en
1059 2728 298 190 af
1207 2728 446 190 honom
1505 2728 595 190 utgifven
1951 2728 446 190 vexel
2199 2728 149 190 å

435 2835 375 208 500
650 2835 590 208 kronor,
1079 2835 590 208 försedd
1508 2835 375 208 med
1723 2835 536 208 namnet
2044 2835 215 208 Hj

457 2966 465 206 Wirgin
782 2966 418 206 sasom
1060 2966 650 206 acceptunt;
1571 2966 325 206 att
1757 2966 325 206 han
1943 2966 325 206 som
2082 2966 279 206 fal¬-

460 3111 540 180 skligen
852 3111 589 180 skrifvit
1294 3111 785 180 acceptantens
1932 3111 392 180 namn
2128 3111 245 180 och

457 3243 225 175 å
547 3243 630 175 ofvannamde
1042 3243 450 175 kontor
1357 3243 540 175 erhållit
1718 3243 585 175 tillsägelse

436 3359 611 197 återkomma
906 3359 658 197 påföljande
1423 3359 329 197 dag
1611 3359 329 197 för
1799 3359 329 197 att
1940 3359 423 197 erhåll¬-

433 3482 315 176 la
590 3482 524 176 besked
957 3482 629 176 huruvida
1429 3482 524 176 vexeln
1796 3482 472 176 komme
2058 3482 262 176 att

449 3640 669 189 diskonteras
985 3640 446 189 numera
1297 3640 446 189 angrat
1609 3640 357 189 sitt
1832 3640 446 189 brott,
2099 3640 268 189 för¬

2627 177 458 191 hvilket
2960 177 291 191 han
3127 177 458 191 begärde
3460 177 291 191 att
3626 177 458 191 ställas
3959 177 333 191 till
4126 177 333 191 ansvar

2627 329 592 167 Johansson
3083 329 501 167 hvilken
3447 329 410 167 under
3720 329 592 167 bevakning
4130 329 410 167 afforts

2630 462 340 154 till
2843 462 723 154 Skandinaviska
3439 462 978 154 Kreditaktiebolagets
4247 462 340 154 kontor

2615 587 451 123 hvarest
2943 587 369 123 vexel
3189 587 328 123 till
3394 587 369 123 honom
3640 587 656 123 återlemnats,
4173 587 287 123 har
4296 587 205 123 vid

2608 685 308 202 med
2784 685 396 202 honom
3048 685 528 202 anstäldt
3444 685 440 202 förhör
3752 685 572 202 uppgifvit
4192 685 308 202 att
4324 685 220 202 han

2583 820 347 242 för
2782 820 545 242 omkring
3178 820 347 242 tre
3376 820 496 242 veckor
3723 820 446 242 sedan
4021 820 496 242 kommit
4318 820 248 242 hit

2612 977 335 231 till
2821 977 418 231 staden
3114 977 293 231 för
3281 977 293 231 att
3449 977 335 231 söka
3658 977 795 231 syssellsättning
4285 977 293 231 hvil¬-

2620 1107 306 226 ket
2795 1107 349 226 dock
3013 1107 349 226 icke
3232 1107 480 226 lyckats
3581 1107 437 226 honom,
3886 1107 306 226 att
4061 1107 306 226 han
4236 1107 306 226 för
4367 1107 218 226 att

2618 1237 405 210 varda
2888 1237 495 210 häcktad
3248 1237 630 210 utskrifvit
3744 1237 675 210 ifrågakomne
4239 1237 315 210 vexel

2619 1360 414 221 hvarå
2895 1360 322 221 han
3079 1360 552 221 skrifvit
3493 1360 460 221 namnet
3816 1360 276 221 Hj
3954 1360 460 221 Wirgin
4230 1360 322 221 såsom

2613 1492 606 215 acceptant
3079 1492 373 215 samt
3312 1492 326 215 att
3499 1492 326 215 han
3685 1492 326 215 med
3825 1492 606 215 acceptanten

2597 1651 401 191 namn
2848 1651 501 191 afsett
3199 1651 552 191 Majoren
3600 1651 301 191 Hj
3700 1651 401 191 Wirgin

2623 1764 735 214 Werkstallande
3228 1764 606 214 direktören
3704 1764 303 214 vid
3834 1764 649 214 Skandinaviska

2583 1912 1020 213 Kreditaktiebolaget
3463 1912 232 213 A
3556 1912 510 213 Andréen
3927 1912 371 213 Herr
4112 1912 417 213 Majoren

2606 2018 256 233 Hj
2734 2018 426 233 Wirgin
3033 2018 384 233 hafva
3288 2018 597 233 förklarat,
3757 2018 298 233 att
3928 2018 256 233 de
4055 2018 256 233 ej
4141 2018 298 233 ville

2597 2141 368 244 föra
2827 2141 414 244 någon
3103 2141 414 244 talan
3378 2141 368 244 emot
3608 2141 597 244 Johansson
4067 2141 322 244 för
4205 2141 322 244 ifrå¬-

2598 2270 555 221 gakomne
2951 2270 1009 221 förfalskningsbrott

2614 2410 335 231 Den
2806 2410 718 231 ifrågakomne
3380 2410 479 231 vexeln
3667 2410 431 231 bifogas

2605 2549 286 251 På
2748 2549 429 251 grund
3034 2549 286 251 af
3177 2549 381 251 hvad
3416 2549 524 251 sålunda
3797 2549 667 251 förekommit
4274 2549 286 251 kom¬-

2596 2690 322 185 mer
2780 2690 414 185 Anton
3056 2690 506 185 Wilhelm
3424 2690 598 185 Johansson
3883 2690 322 185 att
4067 2690 414 185 denna
4297 2690 230 185 da¬-

2585 2821 335 226 för
2776 2821 812 226 Poliskammaren
3398 2821 573 226 inställas.

3451 2906 457 216 Göteborg
3794 2906 267 216 den
3946 2906 229 216 29
4061 2906 343 216 Sept.
4251 2906 267 216 1880.

4546 3045 288 135 No
4642 3045 240 135 211

4510 3160 286 116 Anders
4682 3160 257 116 Wilhelm

4493 3248 464 135 Bergelin
4803 3248 116 135 m

4433 3344 280 128 fl.

2648 3046 980 267 Ostmånglerskan
3464 3046 381 267 Ida
3682 3046 762 267 Malmström,
4227 3046 272 267 bo¬-

2602 3213 333 186 ende
2810 3213 208 186 i
2894 3213 374 186 huset
3143 3213 250 186 No
3268 3213 250 186 13
3393 3213 291 186 vid
3559 3213 541 186 Sillgatan
3934 3213 624 186 Kapuniergatan

2566 3319 333 245 har
2757 3319 571 245 Onsdagen
3185 3319 333 245 den
3375 3319 285 245 22
3518 3319 476 245 dennes
3850 3319 523 245 anmält,
4183 3319 238 245 att

2579 3460 390 242 sagde
2839 3460 303 242 dag
3012 3460 260 242 på
3142 3460 347 242 e.m.
3359 3460 260 242 ur
3489 3460 260 242 en
3619 3460 390 242 olåst
3879 3460 347 242 vagn
4096 3460 347 242 från
4269 3460 260 242 hen¬-

2574 3592 269 237 ne
2709 3592 673 237 tillgripits
3247 3592 494 237 omkring
3606 3592 269 237 60
3741 3592 449 237 kronor
4010 3592 494 237 bestående

2586 3769 236 181 af
2704 3769 196 181 5
2782 3769 275 181 och
2939 3769 236 181 10
3018 3769 550 181 kronorsedlar
