5062 4038
124 255 218 62 No
233 255 218 62 61
305 255 145 62 A.

104 327 262 70 Gustaf
261 327 209 70 Alfred

51 417 411 77 Andersson

662 170 525 108 Följande
1056 170 525 108 personer
1450 170 394 108 hafva
1668 170 394 108 anmält:

569 316 610 102 Bokhållaren
1058 316 244 102 O.
1180 316 244 102 M.
1302 316 244 102 J.
1424 316 407 102 Amilon
1709 316 407 102 boende
1994 316 203 102 i
2075 316 366 102 huset

520 440 216 94 No
628 440 180 94 7
700 440 251 94 vid
843 440 539 94 Kungsgatan,
1274 440 251 94 att
1418 440 287 94 dels
1598 440 251 94 den
1741 440 180 94 7
1813 440 359 94 sistl.
2029 440 359 94 Februari

505 556 245 100 ur
628 556 245 100 en
751 556 327 100 låst
955 556 409 100 tambur
1241 556 286 100 som
1405 556 573 100 antagligen
1855 556 450 100 öppnats
2141 556 205 100 med

490 674 362 97 falsk
731 674 403 97 nyckel
1013 674 322 97 från
1214 674 362 97 honom
1456 674 604 97 tillgripits
1939 674 242 97 en
2020 674 362 97 lifrock

498 786 239 101 af
618 786 639 101 svartrandigt
1137 786 599 101 kamgarnstyg
1616 786 319 101 värd
1815 786 239 101 15
1935 786 399 101 kronor
2174 786 200 101 och

500 910 308 96 dels
692 910 269 96 att
846 910 346 96 sedan
1077 910 577 96 ifrågakomne
1539 910 308 96 rock
1731 910 577 96 återfunnits
2155 910 269 96 pant¬-

509 1034 299 88 satt
695 1034 261 88 hos
845 1034 560 88 pantlånaren
1293 1034 224 88 C.
1405 1034 224 88 H.
1517 1034 299 88 Berg
1704 1034 187 88 i
1778 1034 336 88 huset
2003 1034 224 88 No
2115 1034 224 88 57
2189 1034 187 88 vid

497 1154 529 96 Sillgatan
904 1154 285 96 och
1067 1154 244 96 af
1189 1154 570 96 målsegaren
1636 1154 448 96 utlösts
1921 1154 407 96 densamma

508 1281 268 89 den
661 1281 230 89 28
776 1281 192 89 i
853 1281 422 89 berörde
1159 1281 345 89 månad
1389 1281 307 89 ånyo
1581 1281 613 89 tillgripits,
2079 1281 230 89 ur
2155 1281 307 89 ofvan¬-

503 1391 384 91 namde
759 1391 427 91 tambur
1058 1391 299 91 som
1229 1391 256 91 då
1357 1391 384 91 äfven
1613 1391 299 91 var
1741 1391 299 91 låst.

513 1514 248 92 2o
637 1514 621 92 Bokhållaren
1134 1514 248 92 C.
1258 1514 248 92 E.
1382 1514 207 92 d
1465 1514 538 92 Orchimont
1879 1514 414 92 boende
2127 1514 207 92 hos

507 1642 578 85 Handlanden
961 1642 330 85 Axel
1168 1642 537 85 Wickström
1581 1642 207 85 i
1663 1642 372 85 huset
1911 1642 248 85 No
2035 1642 248 85 12
2117 1642 207 85 vid

513 1752 348 93 Stora
745 1752 502 93 Allégatan
1131 1752 270 93 att
1286 1752 270 93 den
1440 1752 232 93 25
1556 1752 386 93 sistl.
1827 1752 463 93 Februari
2136 1752 154 93 en

503 1876 493 82 obekant
861 1876 627 82 mansperson
1354 1876 537 82 inkommit
1757 1876 358 82 till
1981 1876 358 82 hans
2160 1876 224 82 bo¬-

509 1980 326 98 stad
713 1980 286 98 hos
876 1980 367 98 Handl
1121 1980 530 98 Wickström
1529 1980 286 98 och
1692 1980 367 98 under
1937 1980 286 98 det
2060 1980 326 98 falska

503 2112 694 88 föregifvande,
1075 2112 286 88 att
1238 2112 286 88 han
1401 2112 327 88 vore
1605 2112 327 88 sänd
1810 2112 245 88 af
1932 2112 204 88 d
1973 2112 449 88 Orchimont

524 2217 282 102 som
685 2217 241 102 på
805 2217 442 102 aftonen
1127 2217 322 102 vore
1328 2217 603 102 bortbjuden,
1811 2217 402 102 begärt
2092 2217 282 102 att
2213 2217 201 102 för

518 2336 219 102 d
606 2336 612 102 Orchemonts
1086 2336 481 102 räkning
1436 2336 262 102 få
1567 2336 393 102 hemta
1830 2336 262 102 en
1961 2336 350 102 rock
2135 2336 219 102 och

516 2463 265 98 en
648 2463 354 98 väst
870 2463 442 98 hvilka
1179 2463 575 98 persedlar
1622 2463 354 98 vore
1843 2463 398 98 värde
2109 2463 265 98 25
2197 2463 177 98 kr

503 2583 405 94 äfven
728 2583 540 94 utlemnats.

492 2700 287 102 3o
636 2700 669 102 Handlanden
1161 2700 478 102 Harald
1496 2700 669 102 Sternhagen
1974 2700 382 102 boende

524 2820 189 100 i
600 2820 340 100 huset
827 2820 227 100 No
940 2820 227 100 47
1053 2820 265 100 vid
1204 2820 529 100 Storgatan,
1620 2820 265 100 att
1771 2820 265 100 den
1923 2820 227 100 28
2036 2820 189 100 i
2074 2820 302 100 ofvan¬-

514 2940 414 93 nämde
790 2940 414 93 månad
1065 2940 276 93 en
1203 2940 414 93 okänd
1479 2940 643 93 mansperson
1939 2940 460 93 infunnit

517 3062 261 81 sig
666 3062 187 81 i
741 3062 560 81 målsegarens
1188 3062 373 81 bostad
1450 3062 261 81 och
1599 3062 560 81 falskeligen
2009 3062 411 81 uppgifvit

510 3164 281 89 att
670 3164 281 89 han
831 3164 321 89 vore
1031 3164 321 89 sänd
1232 3164 241 89 af
1352 3164 361 89 denne
1592 3164 281 89 som
1753 3164 481 89 uppehöll
2113 3164 281 89 sig
2234 3164 120 89 å

510 3282 302 92 sitt
699 3282 377 92 kontor
963 3282 264 92 för
1113 3282 264 92 att
1264 3282 339 92 hemta
1490 3282 226 92 en
1603 3282 302 92 rock
1792 3282 264 92 och
1942 3282 226 92 en
2018 3282 226 92 väst

513 3396 389 106 emedan
785 3396 545 106 målsegaren
1213 3396 233 106 en
1330 3396 350 106 stund
1563 3396 350 106 förut
1797 3396 389 106 skulle
2069 3396 194 106 f
2108 3396 272 106 hafva

525 3523 473 92 utslagit
879 3523 315 92 olja
1076 3523 197 92 å
1155 3523 236 92 de
1273 3523 394 92 kläder
1548 3523 276 92 han
1706 3523 276 92 var
1863 3523 394 92 iklädd
2100 3523 236 92 samt

517 3652 258 94 att
665 3652 221 94 de
775 3652 405 94 begärde
1070 3652 442 94 kläderna
1402 3652 258 94 som
1549 3652 295 94 vore
1733 3652 332 94 varde
1955 3652 221 94 15
2028 3652 332 94 kronor.

2722 180 446 80 utlemnats
3064 180 308 80 jemte
3270 180 206 80 en
3373 180 343 80 handuk
3613 180 308 80 märkt
3818 180 171 80 H
3887 180 171 80 K
3955 180 240 80 36.
4093 180 240 80 The
4230 180 240 80 för
4367 180 240 80 att

2690 308 379 110 invira
2956 308 455 110 kläderna
3297 308 455 110 kläderna
3600 308 228 110 och.

2680 424 243 120 4o
2801 424 566 120 Handlanden
3246 424 243 120 J.
3367 424 243 120 E.
3488 424 445 120 Låstbom
3812 424 404 120 boende
4095 424 202 120 i
4176 424 364 120 huset
4378 424 162 120 No

2687 548 204 120 3
2769 548 286 120 vid
2932 548 327 120 Öfra
3136 548 694 120 Magasinsgatan
3708 548 286 120 att
3871 548 286 120 den
4034 548 204 120 5
4116 548 408 120 dennes
4361 548 163 120 en

2694 668 444 122 obekant
3016 668 565 122 mansperson
3460 668 484 122 infunnit
3824 668 282 122 sig
3985 668 202 122 i
4066 668 323 122 hans
4227 668 323 122 bostad

2684 802 281 124 och
2844 802 361 124 under
3085 802 441 124 uppgift
3406 802 281 124 att
3567 802 281 124 han
3727 802 321 124 vore
3928 802 321 124 sänd
4129 802 241 124 af
4209 802 361 124 Låtsbom

2690 924 264 130 som
2841 924 452 130 uppehöll
3180 924 264 130 sig
3331 924 188 130 å
3406 924 678 130 Frimurarelogen
3971 924 264 130 för
4122 924 377 130 dennes
4348 924 226 130 räk¬-

2680 1034 320 142 ning
2880 1034 400 142 begärt
3160 1034 280 142 och
3321 1034 481 142 erhållit
3681 1034 240 142 en
3801 1034 360 142 kavaj
4041 1034 280 142 och
4202 1034 280 142 ett
4322 1034 200 142 par

2689 1182 365 126 byxor
2933 1182 284 126 som
3095 1182 324 126 vore
3297 1182 365 126 värda
3540 1182 243 126 15
3621 1182 365 126 Kronor.

2692 1272 696 158 Ifragakomne
3248 1272 603 158 persedlar
3712 1272 417 158 hafva
3944 1272 556 158 återfunits

2693 1384 545 174 pantsatta,
3121 1384 428 174 Amilons
3433 1384 311 174 rock
3628 1384 273 174 för
3783 1384 195 174 4
3861 1384 234 174 kr
3978 1384 273 174 hos
4095 1384 467 174 pantlåner¬-

2693 1516 298 162 skan
2879 1516 409 162 Johanna
3177 1516 409 162 Nilsson
3474 1516 186 162 i
3549 1516 335 162 huset
3772 1516 223 162 No
3884 1516 223 162 29
3996 1516 261 162 vid
4107 1516 447 162 Stampgatan

2708 1646 198 162 d
2788 1646 556 162 Orchimonts
3224 1646 318 162 rock
3423 1646 278 162 och
3581 1646 318 162 väst
3780 1646 278 162 för
3939 1646 198 162 4
4018 1646 238 162 Kr
4137 1646 278 162 hos
4256 1646 278 162 pant¬-

2695 1768 382 170 lånaren
2973 1768 208 170 N.
3077 1768 417 170 Landgren
3390 1768 174 170 i
3460 1768 313 170 huset
3668 1768 208 170 No
3772 1768 208 170 53
3876 1768 243 170 vid
4015 1768 313 170 Andra
4189 1768 417 170 Långgatan,

2691 1870 585 188 Sternhagens
3159 1870 312 188 rock
3354 1870 273 188 och
3510 1870 312 188 väst
3706 1870 273 188 för
3862 1870 195 188 4
3940 1870 234 188 kr
4057 1870 195 188 å
4096 1870 390 188 Majornas

2709 2010 709 186 pantlånekontor
3299 2010 197 186 i
3378 2010 355 186 huset
3615 2010 236 186 No
3733 2010 276 186 142
3890 2010 236 186 af
4009 2010 473 186 Majornas
4324 2010 236 186 3dje

2673 2154 370 176 rote,
2919 2154 493 176 Låtsboms
3289 2154 370 176 kavaj
3535 2154 287 176 och
3700 2154 370 176 byxor
3946 2154 287 176 för
4110 2154 205 176 7
4192 2154 411 176 Kronor
4439 2154 123 176 å

2700 2282 500 186 Allmänna
3075 2282 999 186 pantlåneinrättningen
3949 2282 208 186 i
4033 2282 375 186 Huset
4283 2282 250 186 No
4407 2282 250 186 35

2702 2474 263 118 vid
2815 2474 451 118 Wallgatan.

2699 2560 659 158 Ofvannämde
3217 2560 518 158 Johanna
3593 2560 565 158 Nilssons
4016 2560 329 158 man
4158 2560 376 158 Skoma¬-

2706 2676 682 166 keriarbetaren
3267 2676 200 166 J
3347 2676 200 166 A
3428 2676 481 166 Nilsson,
3788 2676 281 166 har
3949 2676 561 166 Thorsdagen
4350 2676 200 166 den

2688 2800 254 172 11
2815 2800 211 172 i
2899 2800 381 172 denna
3153 2800 381 172 månad
3407 2800 296 172 för
3576 2800 803 172 Poliskonstapeln
4252 2800 254 172 No
4337 2800 169 172 53

2698 2930 458 174 Jönsson
3032 2930 458 174 utvisat
3365 2930 250 174 en
3490 2930 417 174 person
3782 2930 292 174 som
3949 2930 292 174 han
4074 2930 458 174 uppgifvit

2708 3056 319 176 vara
2908 3056 479 176 densamma
3267 3056 279 176 som
3427 3056 279 176 den
3586 3056 200 176 7
3666 3056 399 176 sistl.
3945 3056 479 176 Februari
4305 3056 200 176 å
4345 3056 239 176 hans

2694 3174 508 178 hustrus
3063 3174 831 178 pantlånekontor
3755 3174 554 178 pantsatt
4125 3174 415 178 Amilons

2715 3320 330 168 rock
2921 3320 289 168 och
3086 3320 289 168 har
3251 3320 619 168 ifrågakomne
3747 3320 413 168 person
4035 3320 289 168 som
4201 3320 248 168 af
4283 3320 289 168 Jöns¬-

2701 3444 276 170 son
2858 3444 434 170 blifvit
3174 3444 513 170 anhållen,
3569 3444 513 170 befunnits
3964 3444 316 170 vara
4161 3444 355 170 förre
4359 3444 197 170 Må¬-

2707 3596 576 132 nadskarlen
3159 3596 411 132 Gustaf
3447 3596 411 132 Alfrid
3735 3596 576 132 Andersson,
4188 3596 411 132 boende
4435 3596 123 132 i

2711 3738 372 120 huset
2959 3738 248 120 No
3083 3738 207 120 7
3166 3738 290 120 vid
3331 3738 786 120 Qvarnbergsgatan
3993 3738 455 120 hvarest
4283 3738 207 120 vid
