5079 4064
534 222 320 196 att
717 222 366 196 han,
946 222 320 196 som
1128 222 320 196 vid
1311 222 685 196 ifrågakomne
1814 222 548 196 tillfälle,

508 393 436 168 varit
798 393 533 168 berusad
1185 393 291 168 ej
1331 393 339 168 kan
1524 393 484 168 erinra
1863 393 339 168 sig
2057 393 291 168 om
2154 393 242 168 han

513 509 534 188 innehaft
914 509 401 188 någon
1181 509 356 188 korg
1404 509 267 188 ej
1537 509 401 188 eller
1804 509 267 188 om
1938 509 312 188 han
2071 509 312 188 inne¬-

501 655 400 229 varit
767 655 222 229 i
856 655 578 229 Göteborgs
1300 655 489 229 Bikupas
1656 655 444 229 lokal;
1967 655 311 229 den
2100 655 178 229 af

521 823 598 157 Bengtsson
981 823 230 157 i
1073 823 552 157 Bikupans
1488 823 414 157 lokal
1718 823 598 157 qvarlemnade

504 960 510 165 Korgen,
874 960 324 165 som
1060 960 602 165 befunnits
1523 960 602 165 innehålla
1986 960 278 165 en
2079 960 278 165 mat¬-

517 1076 358 194 sked
741 1076 269 194 af
875 1076 627 194 nysilfver;
1368 1076 269 194 en
1502 1076 537 194 spillkum
1905 1076 313 194 och
2039 1076 224 194 tre

511 1239 1057 209 porslinstallrikar,
1424 1239 336 209 har
1616 1239 288 209 af
1712 1239 576 209 ofvannämde

520 1366 436 193 Pigan
810 1366 436 193 Sofia
1100 1366 629 193 Andersson
1584 1366 629 193 igenkänts
2020 1366 290 193 vara

513 1500 331 214 den
702 1500 426 214 samme
985 1500 331 214 som
1175 1500 378 214 från
1411 1500 426 214 henne
1647 1500 615 214 tillgripits

511 1625 430 223 Korgen
812 1625 301 223 med
984 1625 516 223 innehåll
1371 1625 301 223 har
1543 1625 344 223 till
1715 1625 516 223 målsegaren

494 1742 649 135 återlemnats.

663 1859 290 231 På
808 1859 435 231 grund
1097 1859 290 231 af
1242 1859 386 231 hvad
1484 1859 531 231 sålunda
1822 1859 483 231 förekom¬-

486 2020 343 190 mit
682 2020 490 190 kommer
1025 2020 441 190 Johan
1319 2020 441 190 Peter
1612 2020 637 190 Bengtsson
2053 2020 245 190 att

508 2146 433 187 denna
797 2146 337 187 dag
989 2146 337 187 för
1181 2146 818 187 Poliskammaren
1807 2146 529 187 inställas

1109 2283 469 155 Göteborg
1461 2283 273 155 den
1617 2283 234 155 11
1734 2283 469 155 November
2047 2283 273 155 1880.

35 2359 323 173 No
143 2359 323 173 236.

40 2546 302 149 Mathilda
241 2546 327 149 Brynjelsson

582 2395 428 137 Handlanden
919 2395 183 137 A.
1010 2395 428 137 Hjulström,
1346 2395 214 137 som
1469 2395 214 137 har
1591 2395 275 137 butik
1774 2395 153 137 i
1835 2395 275 137 huset
2018 2395 183 137 No
2110 2395 183 137 11
2171 2395 153 137 vid

526 2498 444 185 Korsgatan,
875 2498 222 185 har
1002 2498 349 185 anmält,
1255 2498 222 185 att
1382 2498 222 185 den
1509 2498 159 185 6
1572 2498 317 185 dennes
1794 2498 222 185 ett
1921 2498 349 185 obekant
2143 2498 222 185 frun¬-

496 2615 341 152 timmer
734 2615 409 152 inkommit
1041 2615 170 152 i
1109 2615 273 152 hans
1280 2615 307 152 butik
1484 2615 273 152 och,
1655 2615 307 152 under
1859 2615 409 152 uppgift,
2132 2615 170 152 att

505 2735 225 125 hon
633 2735 289 125 hette
826 2735 257 125 Mina
986 2735 417 125 Andersson
1307 2735 225 125 och
1435 2735 257 125 vore
1595 2735 160 125 i
1660 2735 321 125 tjenst
1884 2735 225 125 hos
1980 2735 353 125 Bryggaren

497 2835 185 183 L.
590 2835 402 183 Börjesson
899 2835 155 183 i
961 2835 278 183 huset
1146 2835 185 183 No
1239 2835 185 183 65
1332 2835 216 183 vid
1455 2835 587 183 Fattighusgatan,
1950 2835 216 183 med
2043 2835 309 183 hälsning

475 2959 278 175 från
649 2959 348 175 dennes
893 2959 244 175 fru
1032 2959 348 175 begärt
1276 2959 244 175 att
1415 2959 452 175 utbekomma
1763 2959 209 175 19
1867 2959 313 175 alnar
2041 2959 244 175 grått

499 3049 662 168 ylleklädningstyg,
1066 3049 221 168 för
1192 3049 347 168 hvilket
1444 3049 410 168 betalning
1759 3049 410 168 sedermera
2042 3049 252 168 skulle

487 3175 350 163 sändas;
742 3175 223 163 att
869 3175 159 163 i
932 3175 413 163 anledning
1250 3175 286 163 deraf
1441 3175 223 163 det
1568 3175 350 163 begärda
1791 3175 540 163 klädningstyget,

481 3292 227 176 som
610 3292 324 176 kostat
837 3292 194 176 50
934 3292 227 176 öre
1064 3292 324 176 alnen,
1290 3292 421 176 utlemnats
1614 3292 259 176 till
1776 3292 486 176 fruntimret;
2133 3292 194 176 samt

486 3408 224 174 att
614 3408 192 174 då
710 3408 319 174 liqvid
933 3408 256 174 icke
1093 3408 415 174 afhördes,
1413 3408 479 174 efterfrågan
1796 3408 351 174 gjordes
2051 3408 224 174 hos
2147 3408 160 174 Fru

481 3500 415 195 Börjesson,
808 3500 297 195 dervid
1016 3500 445 195 fruntimrets
1372 3500 386 195 uppgifter
1668 3500 386 195 befunnits
1965 3500 237 195 vara
2084 3500 267 195 falska.

655 3620 757 181 Detektivkonstaplarne
1318 3620 189 181 E.
1412 3620 410 181 Hellström
1727 3620 221 181 och
1854 3620 189 181 J.
1948 3620 315 181 Bohlin
2169 3620 284 181 hafva
2326 3620 95 181 i

493 3765 222 133 den
620 3765 190 133 13
715 3765 317 133 dennes
937 3765 285 133 såsom
1127 3765 412 133 misstänkt
1444 3765 222 133 för
1571 3765 285 133 detta
1761 3765 412 133 bedrägeri
2046 3765 317 133 anhållit

2637 187 319 181 ogifta
2861 187 383 181 Mathilda
3148 187 511 181 Bryngelsson,
3564 187 319 181 boende
3787 187 160 181 i
3851 187 288 181 huset
4043 187 192 181 No
4139 187 192 181 16
4234 187 224 181 vid
4330 187 160 181 We¬-

2632 299 417 198 stergatan;
2960 299 209 198 och
3079 299 209 198 har
3198 299 447 198 Bryngelsson
3556 299 209 198 vid
3675 299 298 198 förhör
3883 299 417 198 uppgifvit,
4211 299 209 198 att
4300 299 179 198 hon,

2649 430 208 199 som
2768 430 208 199 för
2887 430 148 199 3
2946 430 178 199 år
3035 430 267 199 sedan
3213 430 297 199 tjenat
3421 430 208 199 hos
3539 430 386 199 Bryggaren
3836 430 386 199 Börjesson
4132 430 208 199 och
4221 430 297 199 derefter

2637 546 385 206 försörjt
2925 546 224 206 sig
3054 546 224 206 med
3182 546 353 206 sömnad,
3438 546 192 206 på
3534 546 256 206 sätt
3695 546 417 206 Hjulström
4015 546 321 206 anmält
4207 546 321 206 tillnar¬-

2630 662 291 226 rat
2797 662 291 226 sig
2963 662 625 226 ofvannämnde
3463 662 250 226 19
3588 662 375 226 alnar
3796 662 583 226 klädningstyg

2639 761 355 182 och
2842 761 457 182 samma
3147 761 355 182 dag
3350 761 355 182 för
3553 761 254 182 4
3654 761 507 182 kronor
4009 761 304 182 50
4111 761 304 182 öre,

2655 853 539 222 pantsatt
3059 853 404 222 tyget
3329 853 314 222 hos
3508 853 674 222 Pantlånaren
4047 853 269 222 J.
4137 853 359 222 Olsson

2651 955 253 212 i
2753 955 455 212 huset
3056 955 303 212 No
3207 955 253 212 4
3309 955 354 212 vid
3511 955 404 212 Öfra
3713 955 657 212 Husargatan.

2758 1090 609 203 Dessutom
3215 1090 355 203 har
3418 1090 813 203 Bryngelsson,
4028 1090 406 203 erkänt

2645 1162 316 261 och
2826 1162 587 261 uppgifvit
3277 1162 316 261 att
3458 1162 316 261 hon
3639 1162 316 261 den
3820 1162 271 261 31
3955 1162 407 261 sist.
4181 1162 226 261 Maj

2656 1293 226 172 i
2746 1293 679 172 Juveleraren
3289 1293 272 172 C.
3425 1293 272 172 A.
3561 1293 498 172 Kjernås
3923 1293 407 172 butik
4194 1293 226 172 i
4240 1293 226 172 hu¬-

2648 1397 338 197 set
2841 1397 290 197 No
2986 1397 290 197 50
3130 1397 338 197 vid
3324 1397 434 197 Östra
3613 1397 676 197 Hamngatan,
4096 1397 386 197 begärt

2658 1514 332 219 att
2847 1514 332 219 för
3037 1514 522 219 bemälta
3417 1514 332 219 fru
3607 1514 664 219 Börjessons
4081 1514 427 219 räkning

2648 1595 297 241 få
2796 1595 396 241 till
3043 1595 594 241 påseende
3489 1595 544 241 afhemta
3884 1595 445 241 några
4132 1595 346 241 guld¬-

2652 1760 574 168 ringar;
3069 1760 365 168 att
3278 1760 470 168 sedan
3592 1760 365 168 hon
3800 1760 418 168 fått
4009 1760 470 168 mottaga

2647 1867 277 220 6
2757 1867 388 220 st.
2979 1867 777 220 guldringar
3590 1867 388 220 hon
3756 1867 721 220 medhafvande

2664 1959 580 226 desamma
3086 1959 685 226 aflägsnat
3613 1959 422 226 sig,
3877 1959 369 226 men
4087 1959 316 226 en
4193 1959 316 226 stun

2667 2082 592 236 derefter
3111 2082 395 236 åter
3358 2082 494 236 ingått
3703 2082 247 236 i
3802 2082 543 236 butiken
4147 2082 247 236 och

2657 2217 695 165 återlemnat
3204 2217 248 165 5
3303 2217 298 165 af
3452 2217 646 165 ringarne,
3949 2217 447 165 under
4197 2217 298 165 upp¬-

2669 2300 386 244 gift
2910 2300 289 244 af
3055 2300 338 244 fru
3248 2300 627 244 Börjesson
3730 2300 579 244 behållit
4164 2300 289 244 en
4261 2300 241 244 med

2663 2426 392 215 hvit
2908 2426 441 215 sten,
3202 2426 343 215 att
3398 2426 343 215 den
3595 2426 392 215 ring
3840 2426 343 215 hon
4036 2426 294 215 på
4134 2426 343 215 detta

2643 2546 374 204 satt
2877 2546 655 204 tillnarrat
3392 2546 374 204 sig,
3626 2546 515 204 blifvit
4001 2546 328 204 den
4188 2546 281 204 31
4282 2546 140 204 i

2649 2651 550 233 samma
3016 2651 550 233 månad
3382 2651 367 233 af
3565 2651 550 233 henne
3871 2651 611 233 pantsatt

2639 2769 383 261 för
2858 2769 273 261 6
2967 2769 547 261 kronor
3350 2769 273 261 å
3459 2769 656 261 Allmänna
3897 2769 601 261 Pantlåne¬-

2657 2879 796 253 inrättningen
3304 2879 249 253 i
3404 2879 448 253 huset
3702 2879 299 253 No
3851 2879 299 253 35
4001 2879 348 253 vid
4150 2879 348 253 Wall¬-

2666 3002 507 253 gatan;
3021 3002 355 253 att
3224 3002 355 253 hon
3427 3002 355 253 vid
3630 3002 456 253 något
3883 3002 558 253 tillfälle

2661 3130 502 196 under
2996 3130 669 196 sistidne
3497 3130 390 196 vår
3720 3130 279 196 i
3832 3130 557 196 Handl.
4166 3130 223 196 F.

2659 3245 793 157 Lichtenbergs
3304 3245 446 157 butik
3602 3245 248 157 i
3701 3245 446 157 huset
3998 3245 298 157 No
4147 3245 298 157 47
4246 3245 248 157 vid

2673 3370 514 171 Södra
3015 3370 742 171 Hamngatan
3586 3370 742 171 likaledes
4100 3370 400 171 under

2644 3459 578 224 uppgift
3065 3459 368 224 att
3275 3459 368 224 hon
3485 3459 420 224 vore
3747 3459 420 224 sand
4010 3459 315 224 af
4115 3459 315 224 fru¬-

2668 3616 674 215 Börjesson
3186 3616 725 215 tillnarrat
3756 3616 363 215 sig
3964 3616 311 215 12
4067 3616 363 215 alnar
