4996 4039
0 113 428 155 mit

700 56 328 178 att

461 45 335 91 vid
652 45 382 91 hans
891 45 526 91 inträde
1274 45 287 91 på
1370 45 382 91 rummet

995 103 333 176 se
1161 103 333 176 på
1327 103 444 176 sitt
1605 103 333 176 ur
1716 103 277 176 och

53 218 560 214 derför
445 218 336 214 ve
613 218 336 214 på
781 218 616 214 minuten
1230 218 560 214 visste
1566 218 392 214 tiden

38 335 368 217 för
249 335 684 217 Frodlunds
775 335 631 217 ankomst,
1248 335 473 217 helst
1511 335 526 217 Erlands¬-

56 483 365 203 son
264 483 573 203 erinrat
681 483 365 203 Fr.
889 483 469 203 derom
1150 483 260 203 att

1170 455 282 95 han

1324 478 533 171 kommer

60 609 392 236 för
284 609 448 236 sent
564 609 392 236 för
788 609 953 236 expedierandet
1573 609 336 236 af
1685 609 336 236 mid¬-

54 745 804 228 dagsposten;
697 745 375 228 att
912 745 696 228 Frodlund,
1447 745 375 228 som
1608 745 375 228 före¬-

36 886 544 238 fallit
417 886 327 238 E.
580 886 490 238 slapp
907 886 381 238 och
1124 886 436 238 sjuk
1397 886 436 238 samt
1614 886 436 238 luktat

37 1031 834 237 spirituosa;
704 1031 389 237 att
927 1031 500 237 efter
1260 1031 389 237 att
1482 1031 500 237 någon
1760 1031 389 237 stund

32 1168 475 238 hafva
349 1168 634 238 samtalat
824 1168 370 238 med
1035 1168 370 238 E.,
1247 1168 634 238 begifvit
1669 1168 264 238 sig

30 1309 494 224 bort
339 1309 494 224 till
648 1309 432 224 den
895 1309 556 224 andre
1204 1309 741 224 förenamnde

42 1453 716 240 pulpeten,
593 1453 386 240 der
813 1453 386 240 han
1034 1453 606 240 sysslat
1475 1453 331 240 en
1585 1453 441 240 stund;

717 1585 439 220 att
968 1585 376 220 då
1093 1585 878 220 breflådetöm¬-

25 1715 561 250 marne
461 1715 436 250 kl.
710 1715 623 250 straxt
1146 1715 436 250 vid
1395 1715 498 250 half
1644 1715 374 250 fem¬-

33 1851 467 195 tiden
345 1851 623 195 anländt,
812 1851 312 195 E.
968 1851 675 195 iakttagit
1487 1851 363 195 att
1643 1851 363 195 Frod¬-

52 1980 438 228 lund
326 1980 493 228 sedan
654 1980 438 228 afl.
928 1980 438 228 sig,
1202 1980 493 228 ehuru
1530 1980 328 228 E.
1640 1980 328 228 icke

19 2104 738 207 bemärkt,
573 2104 431 207 när
819 2104 431 207 han
1065 2104 800 207 bortgått,
1619 2104 369 207 eme¬-

51 2196 325 261 dan
236 2196 278 261 E.
375 2196 417 261 varit
653 2196 464 261 träget
978 2196 695 261 sysselsatt;
1534 2196 325 261 att
1673 2196 325 261 föru¬-

19 2341 500 243 tom
304 2341 786 243 bemälde
804 2341 1215 243 breflådetömmare

24 2525 843 189 antagligen
686 2525 602 189 jemväl
1107 2525 361 189 en
1288 2525 542 189 eller
1589 2525 301 189 ann

35 2612 859 211 vaktmästare
722 2612 744 211 innevarit
1294 2612 286 211 i
1352 2612 515 211 lokalen

127 2762 328 190 kl.
314 2762 515 190 emellan
689 2762 234 190 2
782 2762 328 190 och
969 2762 328 190 1/2
1110 2762 187 190 6,

1096 2671 282 163 vid
1257 2671 444 163 hvilken
1580 2671 565 163 sistnämnda
1983 2671 202 163 tid

1435 2784 370 121 E.
1559 2784 370 121 fått

22 2877 415 218 höra
281 2877 363 218 att
489 2877 882 218 ifrågavarande
1215 2877 415 218 bref
1422 2877 571 218 saknades:

0 3056 320 161 5o

243 3005 263 128 E.o.
375 3005 625 128 kontorsskrifvaren

215 2988 347 268 G.
389 2988 347 268 M.
562 2988 693 268 Haggren:
1082 2988 404 268 att
1313 2988 347 268 då
1486 2988 404 268 han
1659 2988 231 268 kl

63 3139 861 271 ifrågavarande
772 3139 355 271 dag
975 3139 355 271 kl.
1178 3139 304 271 10
1330 3139 557 271 minuter
1684 3139 304 271 före

38 3395 183 139 5

48 3330 202 77 em,

138 3279 558 205 anländt
544 3279 406 205 till
798 3279 1116 205 expeditionsrummet,
1710 3279 254 205 han

46 3398 408 248 genast
332 3398 489 248 begifvit
698 3398 285 248 sig
862 3398 326 248 till
1065 3398 285 248 den
1228 3398 448 248 pulpet,
1554 3398 285 248 der
1677 3398 652 248 rekommenderade

42 3568 396 205 bref
289 3568 693 205 aflemnades
834 3568 347 205 och
982 3568 396 205 derst.

1219 3523 464 109 genast
1497 3523 418 109 blifvit

589 3655 431 204 träget
891 3655 690 204 sysselsatte;
1451 3655 302 204 att
1623 3655 302 204 han
1752 3655 259 204 icke

59 3766 408 153 under
330 3766 362 153 från
557 3766 317 153 det
738 3766 317 153 han
919 3766 544 153 anlände,
1327 3766 362 153 till
1553 3766 362 153 dess
1735 3766 226 153 han

2964 64 415 231 vid
3201 64 712 231 sjutiden
3735 64 712 231 erhållit
4209 64 593 231 kännedom

2938 181 333 199 om
3104 181 666 199 brefvets
3604 181 389 199 att
3826 181 944 199 ifrågavararde
4547 181 333 199 bref

2918 289 813 267 saknades,
3544 289 563 267 varit
3919 289 625 267 framme
4357 289 438 267 vid
4544 289 313 267 den

2946 442 311 227 i
3070 442 684 227 rummets
3568 442 560 227 andra
3941 442 498 227 ända
4190 442 684 227 befintli¬-

2940 601 318 252 ge
3099 601 689 252 pulpeten,
3629 601 371 252 der
3789 601 636 252 assurerade

4470 559 342 173 bref

2930 723 404 244 ser
3161 723 751 244 mottages.
3681 723 289 244 och

2967 902 282 186 6o
3061 902 894 186 Kontorsskrifvaren

3666 817 348 166 Sven
3840 817 218 166 Uno

3969 819 653 229 Frodlund:
4421 819 452 229 hvilken

2824 1025 422 169 att

3854 1247 385 164 han
4074 1247 771 164 Thorsdagen
4625 1247 275 164 den

2942 1441 346 135 16
3058 1441 230 135 ds

3252 1299 271 205 utan
3422 1299 237 205 att
3557 1299 271 205 han,
3761 1299 237 205 som
3896 1299 271 205 vore
4066 1299 407 205 särdeles
4371 1299 237 205 slö
4506 1299 271 205 till
4642 1299 271 205 minnet

2502 1412 293 248 kunde
2698 1412 326 248 erinra
2926 1412 228 248 sig
3056 1412 228 248 det
3186 1412 293 248 varit
3381 1412 195 248 på
3479 1412 260 248 för-
3642 1412 293 248 eller
3837 1412 586 248 eftermiddagen,
4326 1412 391 248 infunnit
4619 1412 228 248 sig
4716 1412 98 248 å

3682 1565 1127 195 expeditionsrummet
4595 1565 268 195 för

2940 1672 665 232 afgående
3438 1672 443 232 bref
3715 1672 443 232 och,
3992 1672 498 232 efter
4324 1672 388 232 att
4490 1672 388 232 hafva

2940 1789 560 255 tillsagt
3360 1789 280 255 e.
3501 1789 280 255 o.
3641 1789 980 255 Kontorsskrifvaren
4481 1789 327 255 von
4621 1789 280 255 Pro¬-

2936 1932 753 222 Proschwitz,
3538 1932 351 222 att
3739 1932 251 222 T
3840 1932 351 222 som
4040 1932 452 222 ämnat
4291 1932 603 222 tjenstgöra

2941 2072 364 236 för
3149 2072 677 236 Frodlund,
3670 2072 364 236 att
3878 2072 521 236 Frodl.
4242 2072 469 236 sjelf
4503 2072 364 236 sagde

2936 2208 373 236 dag
3149 2208 479 236 sjelf
3468 2208 266 236 f
3575 2208 533 236 ämnade
3948 2208 479 236 sköta
4267 2208 373 236 sin
4427 2208 479 236 tjenst,

2948 2465 281 216 å
3060 2465 731 216 kontoret,
3622 2465 393 216 der
3847 2465 393 216 han
4072 2465 674 216 stämplat
4522 2465 393 216 några

2960 2558 511 251 kartor
3318 2558 409 251 samt
3573 2558 562 251 "ordnat
3983 2558 358 251 för
4136 2558 767 251 eftermiddags¬-

2963 2738 575 175 posten";
3346 2738 240 175 att

3724 2901 348 194 han
3923 2901 447 194 under
4221 2901 397 194 sitt
4419 2901 497 194 uppehåll

2950 3062 215 198 å
3036 3062 515 198 Kontoret
3422 3062 343 198 icke
3637 3062 343 198 sett
3851 3062 300 198 det
4023 3062 343 198 ifr.
4237 3062 515 198 brefvet,
4581 3062 300 198 derom

2950 3161 401 215 han
3179 3161 459 215 icke
3466 3161 459 215 egde
3752 3161 516 215 någon
4096 3161 745 215 kännedom;
4612 3161 287 215 att

2956 3257 473 241 sedan
3271 3257 368 241 har
3481 3257 420 241 ofta
3743 3257 473 241 efter
4058 3257 578 241 omkring
4478 3257 315 241 en
4583 3257 315 241 half

2941 3401 524 209 timmes
3308 3401 629 209 uppehåll
3779 3401 262 209 å
3884 3401 681 209 kontoret,
4356 3401 524 209 derifrån

2965 3536 683 220 aflägsnat
3491 3536 420 220 sig,
3754 3536 368 220 han
3964 3536 420 220 icke
4227 3536 526 220 vidare
4542 3536 368 220 sagde

2969 3616 349 238 dag
3168 3616 349 238 dit
3368 3616 697 238 återvändt;
3915 3616 398 238 samt
4164 3616 349 238 att
4363 3616 349 238 det
4562 3616 299 238 en
4662 3616 249 238 och

2963 3743 550 198 annan
3330 3743 489 198 gång
3635 3743 550 198 hände
4002 3743 428 198 att
4247 3743 489 198 bref
4491 3743 428 198 komme
