<?xml version="1.0" encoding="UTF-8"?>
<alto xmlns:xsi="http://www.w3.org/2001/XMLSchema-instance"
      xmlns="http://www.loc.gov/standards/alto/ns-v4#"
      xmlns:page="http://schema.primaresearch.org/PAGE/gts/pagecontent/2013-07-15"
      xsi:schemaLocation="http://www.loc.gov/standards/alto/ns-v4# https://www.loc.gov/standards/alto/v4/alto.xsd">
   <Description>
      <MeasurementUnit>pixel</MeasurementUnit>
      <OCRProcessing ID="IdOcr">
         <ocrProcessingStep>
            <processingDateTime>2022-11-18T16:09:55.175+01:00</processingDateTime>
            <processingSoftware>
               <softwareCreator>READ COOP</softwareCreator>
               <softwareName>Transkribus</softwareName>
            </processingSoftware>
         </ocrProcessingStep>
      </OCRProcessing>
   </Description>
   <Tags/>
   <Layout>
      <Page ID="Page1" PHYSICAL_IMG_NR="1" HEIGHT="4061" WIDTH="4870">
         <TopMargin HEIGHT="0" WIDTH="4870" VPOS="0" HPOS="0"/>
         <LeftMargin HEIGHT="4061" WIDTH="0" VPOS="0" HPOS="0"/>
         <RightMargin HEIGHT="4061" WIDTH="0" VPOS="0" HPOS="4870"/>
         <BottomMargin HEIGHT="0" WIDTH="4870" VPOS="4061" HPOS="0"/>
         <PrintSpace HEIGHT="4061" WIDTH="4870" VPOS="0" HPOS="0">
            <TextBlock ID="r1" HEIGHT="3456" WIDTH="1960" VPOS="296" HPOS="420">
               <Shape>
                  <Polygon POINTS="420,296 420,3752 2380,3752 2380,296 420,296"/>
               </Shape>
               <TextLine ID="r1l1"
                         BASELINE="518,344 1685,352 2044,360 2314,370"
                         HEIGHT="216"
                         WIDTH="1820"
                         VPOS="212"
                         HPOS="507">
                  <String HEIGHT="216"
                          WIDTH="657"
                          VPOS="212"
                          HPOS="456"
                          CONTENT="Alexander"/>
                  <SP HEIGHT="216" WIDTH="51" VPOS="212" HPOS="1114"/>
                  <String HEIGHT="216"
                          WIDTH="404"
                          VPOS="212"
                          HPOS="962"
                          CONTENT="Roys"/>
                  <SP HEIGHT="216" WIDTH="51" VPOS="212" HPOS="1366"/>
                  <String HEIGHT="216"
                          WIDTH="556"
                          VPOS="212"
                          HPOS="1215"
                          CONTENT="Salubod"/>
                  <SP HEIGHT="216" WIDTH="51" VPOS="212" HPOS="1771"/>
                  <String HEIGHT="216" WIDTH="253" VPOS="212" HPOS="1619" CONTENT="i"/>
                  <SP HEIGHT="216" WIDTH="51" VPOS="212" HPOS="1872"/>
                  <String HEIGHT="216"
                          WIDTH="455"
                          VPOS="212"
                          HPOS="1720"
                          CONTENT="huset"/>
                  <SP HEIGHT="216" WIDTH="51" VPOS="212" HPOS="2175"/>
                  <String HEIGHT="216"
                          WIDTH="303"
                          VPOS="212"
                          HPOS="2024"
                          CONTENT="No"/>
                  <SP HEIGHT="216" WIDTH="51" VPOS="212" HPOS="2327"/>
                  <String HEIGHT="216"
                          WIDTH="202"
                          VPOS="212"
                          HPOS="2125"
                          CONTENT="16"/>
               </TextLine>
               <TextLine ID="r1l2"
                         BASELINE="482,456 850,466 1496,468 1865,474 2141,484 2326,496"
                         HEIGHT="217"
                         WIDTH="1869"
                         VPOS="351"
                         HPOS="470">
                  <String HEIGHT="217"
                          WIDTH="335"
                          VPOS="351"
                          HPOS="422"
                          CONTENT="vid"/>
                  <SP HEIGHT="217" WIDTH="48" VPOS="351" HPOS="758"/>
                  <String HEIGHT="217"
                          WIDTH="623"
                          VPOS="351"
                          HPOS="614"
                          CONTENT="Larmgatan"/>
                  <SP HEIGHT="217" WIDTH="48" VPOS="351" HPOS="1237"/>
                  <String HEIGHT="217"
                          WIDTH="335"
                          VPOS="351"
                          HPOS="1093"
                          CONTENT="der"/>
                  <SP HEIGHT="217" WIDTH="48" VPOS="351" HPOS="1428"/>
                  <String HEIGHT="217"
                          WIDTH="335"
                          VPOS="351"
                          HPOS="1285"
                          CONTENT="hon"/>
                  <SP HEIGHT="217" WIDTH="48" VPOS="351" HPOS="1620"/>
                  <String HEIGHT="217"
                          WIDTH="479"
                          VPOS="351"
                          HPOS="1476"
                          CONTENT="ingått"/>
                  <SP HEIGHT="217" WIDTH="48" VPOS="351" HPOS="1956"/>
                  <String HEIGHT="217"
                          WIDTH="335"
                          VPOS="351"
                          HPOS="1812"
                          CONTENT="och"/>
                  <SP HEIGHT="217" WIDTH="48" VPOS="351" HPOS="2147"/>
                  <String HEIGHT="217"
                          WIDTH="383"
                          VPOS="351"
                          HPOS="1956"
                          CONTENT="skrif¬"
                          SUBS_TYPE="HypPart1"
                          SUBS_CONTENT="skrifvit"/>
                  <HYP CONTENT="-"/>
               </TextLine>
               <TextLine ID="r1l3"
                         BASELINE="468,566 748,578 935,582 1682,584 1869,588 2055,592 2336,606"
                         HEIGHT="193"
                         WIDTH="1892"
                         VPOS="475"
                         HPOS="456">
                  <String HEIGHT="193"
                          WIDTH="358"
                          VPOS="475"
                          HPOS="405"
                          CONTENT="vit"
                          SUBS_TYPE="HypPart2"
                          SUBS_CONTENT="skrifvit"/>
                  <SP HEIGHT="193" WIDTH="51" VPOS="475" HPOS="763"/>
                  <String HEIGHT="193"
                          WIDTH="818"
                          VPOS="475"
                          HPOS="609"
                          CONTENT="handlingarne"/>
                  <SP HEIGHT="193" WIDTH="51" VPOS="475" HPOS="1428"/>
                  <String HEIGHT="193"
                          WIDTH="562"
                          VPOS="475"
                          HPOS="1274"
                          CONTENT="färdiga"/>
                  <SP HEIGHT="193" WIDTH="51" VPOS="475" HPOS="1837"/>
                  <String HEIGHT="193"
                          WIDTH="358"
                          VPOS="475"
                          HPOS="1683"
                          CONTENT="att"/>
                  <SP HEIGHT="193" WIDTH="51" VPOS="475" HPOS="2041"/>
                  <String HEIGHT="193"
                          WIDTH="358"
                          VPOS="475"
                          HPOS="1888"
                          CONTENT="han"/>
                  <SP HEIGHT="193" WIDTH="51" VPOS="475" HPOS="2246"/>
                  <String HEIGHT="193"
                          WIDTH="307"
                          VPOS="475"
                          HPOS="2041"
                          CONTENT="der¬"
                          SUBS_TYPE="HypPart1"
                          SUBS_CONTENT="derefter"/>
                  <HYP CONTENT="-"/>
               </TextLine>
               <TextLine ID="r1l4"
                         BASELINE="472,680 1018,694 2292,704"
                         HEIGHT="168"
                         WIDTH="1847"
                         VPOS="593"
                         HPOS="459">
                  <String HEIGHT="168"
                          WIDTH="475"
                          VPOS="593"
                          HPOS="406"
                          CONTENT="efter"
                          SUBS_TYPE="HypPart2"
                          SUBS_CONTENT="derefter"/>
                  <SP HEIGHT="168" WIDTH="53" VPOS="593" HPOS="881"/>
                  <String HEIGHT="168"
                          WIDTH="686"
                          VPOS="593"
                          HPOS="723"
                          CONTENT="likaledes"/>
                  <SP HEIGHT="168" WIDTH="53" VPOS="593" HPOS="1409"/>
                  <String HEIGHT="168"
                          WIDTH="317"
                          VPOS="593"
                          HPOS="1251"
                          CONTENT="på"/>
                  <SP HEIGHT="168" WIDTH="53" VPOS="593" HPOS="1567"/>
                  <String HEIGHT="168"
                          WIDTH="686"
                          VPOS="593"
                          HPOS="1409"
                          CONTENT="uppmaning"/>
                  <SP HEIGHT="168" WIDTH="53" VPOS="593" HPOS="2095"/>
                  <String HEIGHT="168"
                          WIDTH="317"
                          VPOS="593"
                          HPOS="1937"
                          CONTENT="af"/>
                  <SP HEIGHT="168" WIDTH="53" VPOS="593" HPOS="2253"/>
                  <String HEIGHT="168"
                          WIDTH="264"
                          VPOS="593"
                          HPOS="2042"
                          CONTENT="be¬"
                          SUBS_TYPE="HypPart1"
                          SUBS_CONTENT="bemälde"/>
                  <HYP CONTENT="-"/>
               </TextLine>
               <TextLine ID="line_1584708921341_2173"
                         BASELINE="482,792 1496,806"
                         HEIGHT="162"
                         WIDTH="1038"
                         VPOS="714"
                         HPOS="470">
                  <String HEIGHT="162"
                          WIDTH="584"
                          VPOS="714"
                          HPOS="405"
                          CONTENT="mälde"
                          SUBS_TYPE="HypPart2"
                          SUBS_CONTENT="bemälde"/>
                  <SP HEIGHT="162" WIDTH="65" VPOS="714" HPOS="989"/>
                  <String HEIGHT="162"
                          WIDTH="779"
                          VPOS="714"
                          HPOS="730"
                          CONTENT="fruntimmer"/>
               </TextLine>
               <TextLine ID="r1l5"
                         BASELINE="1404,750 1430,755 1551,751"
                         HEIGHT="71"
                         WIDTH="173"
                         VPOS="703"
                         HPOS="1390">
                  <String HEIGHT="71"
                          WIDTH="242"
                          VPOS="703"
                          HPOS="1321"
                          CONTENT="staxt"/>
               </TextLine>
               <TextLine ID="line_1584708920718_2167"
                         BASELINE="1570,806 2324,808"
                         HEIGHT="175"
                         WIDTH="780"
                         VPOS="701"
                         HPOS="1557">
                  <String HEIGHT="175"
                          WIDTH="347"
                          VPOS="701"
                          HPOS="1514"
                          CONTENT="före"/>
                  <SP HEIGHT="175" WIDTH="43" VPOS="701" HPOS="1860"/>
                  <String HEIGHT="175"
                          WIDTH="303"
                          VPOS="701"
                          HPOS="1730"
                          CONTENT="kl."/>
                  <SP HEIGHT="175" WIDTH="43" VPOS="701" HPOS="2034"/>
                  <String HEIGHT="175"
                          WIDTH="260"
                          VPOS="701"
                          HPOS="1904"
                          CONTENT="11"/>
                  <SP HEIGHT="175" WIDTH="43" VPOS="701" HPOS="2164"/>
                  <String HEIGHT="175"
                          WIDTH="260"
                          VPOS="701"
                          HPOS="2034"
                          CONTENT="på"/>
                  <SP HEIGHT="175" WIDTH="43" VPOS="701" HPOS="2294"/>
                  <String HEIGHT="175"
                          WIDTH="217"
                          VPOS="701"
                          HPOS="2120"
                          CONTENT="da¬"
                          SUBS_TYPE="HypPart1"
                          SUBS_CONTENT="dagen"/>
                  <HYP CONTENT="-"/>
               </TextLine>
               <TextLine ID="r1l7"
                         BASELINE="500,910 1048,910 1871,926 2328,924"
                         HEIGHT="177"
                         WIDTH="1856"
                         VPOS="825"
                         HPOS="486">
                  <String HEIGHT="177"
                          WIDTH="394"
                          VPOS="825"
                          HPOS="430"
                          CONTENT="gen"
                          SUBS_TYPE="HypPart2"
                          SUBS_CONTENT="dagen"/>
                  <SP HEIGHT="177" WIDTH="56" VPOS="825" HPOS="823"/>
                  <String HEIGHT="177"
                          WIDTH="675"
                          VPOS="825"
                          HPOS="655"
                          CONTENT="inlemnat"/>
                  <SP HEIGHT="177" WIDTH="56" VPOS="825" HPOS="1330"/>
                  <String HEIGHT="177"
                          WIDTH="900"
                          VPOS="825"
                          HPOS="1161"
                          CONTENT="handlingarne"/>
                  <SP HEIGHT="177" WIDTH="56" VPOS="825" HPOS="2061"/>
                  <String HEIGHT="177" WIDTH="281" VPOS="825" HPOS="1892" CONTENT="i"/>
                  <SP HEIGHT="177" WIDTH="56" VPOS="825" HPOS="2173"/>
                  <String HEIGHT="177"
                          WIDTH="394"
                          VPOS="825"
                          HPOS="1948"
                          CONTENT="före¬"
                          SUBS_TYPE="HypPart1"
                          SUBS_CONTENT="förenämnde"/>
                  <HYP CONTENT="-"/>
               </TextLine>
               <TextLine ID="r1l8"
                         BASELINE="490,1024 864,1014 1145,1014 2082,1034 2364,1036"
                         HEIGHT="172"
                         WIDTH="1903"
                         VPOS="934"
                         HPOS="476">
                  <String HEIGHT="172"
                          WIDTH="544"
                          VPOS="934"
                          HPOS="422"
                          CONTENT="nämnde"
                          SUBS_TYPE="HypPart2"
                          SUBS_CONTENT="förenämnde"/>
                  <SP HEIGHT="172" WIDTH="54" VPOS="934" HPOS="965"/>
                  <String HEIGHT="172"
                          WIDTH="435"
                          VPOS="934"
                          HPOS="802"
                          CONTENT="bank"/>
                  <SP HEIGHT="172" WIDTH="54" VPOS="934" HPOS="1237"/>
                  <String HEIGHT="172"
                          WIDTH="381"
                          VPOS="934"
                          HPOS="1074"
                          CONTENT="för"/>
                  <SP HEIGHT="172" WIDTH="54" VPOS="934" HPOS="1455"/>
                  <String HEIGHT="172"
                          WIDTH="381"
                          VPOS="934"
                          HPOS="1292"
                          CONTENT="att"/>
                  <SP HEIGHT="172" WIDTH="54" VPOS="934" HPOS="1672"/>
                  <String HEIGHT="172"
                          WIDTH="381"
                          VPOS="934"
                          HPOS="1509"
                          CONTENT="för"/>
                  <SP HEIGHT="172" WIDTH="54" VPOS="934" HPOS="1890"/>
                  <String HEIGHT="172"
                          WIDTH="544"
                          VPOS="934"
                          HPOS="1727"
                          CONTENT="hennes"/>
                  <SP HEIGHT="172" WIDTH="54" VPOS="934" HPOS="2270"/>
                  <String HEIGHT="172"
                          WIDTH="326"
                          VPOS="934"
                          HPOS="2053"
                          CONTENT="räk¬"
                          SUBS_TYPE="HypPart1"
                          SUBS_CONTENT="räkning"/>
                  <HYP CONTENT="-"/>
               </TextLine>
               <TextLine ID="r1l9"
                         BASELINE="470,1132 751,1124 1032,1122 2062,1140 2344,1140"
                         HEIGHT="159"
                         WIDTH="1899"
                         VPOS="1045"
                         HPOS="457">
                  <String HEIGHT="159"
                          WIDTH="447"
                          VPOS="1045"
                          HPOS="401"
                          CONTENT="ning"
                          SUBS_TYPE="HypPart2"
                          SUBS_CONTENT="räkning"/>
                  <SP HEIGHT="159" WIDTH="56" VPOS="1045" HPOS="848"/>
                  <String HEIGHT="159"
                          WIDTH="559"
                          VPOS="1045"
                          HPOS="680"
                          CONTENT="uttaga"/>
                  <SP HEIGHT="159" WIDTH="56" VPOS="1045" HPOS="1239"/>
                  <String HEIGHT="159"
                          WIDTH="335"
                          VPOS="1045"
                          HPOS="1071"
                          CONTENT="de"/>
                  <SP HEIGHT="159" WIDTH="56" VPOS="1045" HPOS="1407"/>
                  <String HEIGHT="159"
                          WIDTH="838"
                          VPOS="1045"
                          HPOS="1239"
                          CONTENT="föreskrifne"/>
                  <SP HEIGHT="159" WIDTH="56" VPOS="1045" HPOS="2077"/>
                  <String HEIGHT="159"
                          WIDTH="503"
                          VPOS="1045"
                          HPOS="1853"
                          CONTENT="pennin¬"
                          SUBS_TYPE="HypPart1"
                          SUBS_CONTENT="penningarne,"/>
                  <HYP CONTENT="-"/>
               </TextLine>
               <TextLine ID="r1l10"
                         BASELINE="474,1242 850,1232 1038,1232 2073,1254 2356,1254"
                         HEIGHT="206"
                         WIDTH="1907"
                         VPOS="1134"
                         HPOS="462">
                  <String HEIGHT="206"
                          WIDTH="530"
                          VPOS="1134"
                          HPOS="409"
                          CONTENT="garne,"
                          SUBS_TYPE="HypPart2"
                          SUBS_CONTENT="penningarne,"/>
                  <SP HEIGHT="206" WIDTH="53" VPOS="1134" HPOS="939"/>
                  <String HEIGHT="206"
                          WIDTH="371"
                          VPOS="1134"
                          HPOS="780"
                          CONTENT="att"/>
                  <SP HEIGHT="206" WIDTH="53" VPOS="1134" HPOS="1151"/>
                  <String HEIGHT="206"
                          WIDTH="371"
                          VPOS="1134"
                          HPOS="992"
                          CONTENT="han"/>
                  <SP HEIGHT="206" WIDTH="53" VPOS="1134" HPOS="1363"/>
                  <String HEIGHT="206"
                          WIDTH="265"
                          VPOS="1134"
                          HPOS="1204"
                          CONTENT="i"/>
                  <SP HEIGHT="206" WIDTH="53" VPOS="1134" HPOS="1468"/>
                  <String HEIGHT="206"
                          WIDTH="530"
                          VPOS="1134"
                          HPOS="1310"
                          CONTENT="Banken"/>
                  <SP HEIGHT="206" WIDTH="53" VPOS="1134" HPOS="1839"/>
                  <String HEIGHT="206"
                          WIDTH="636"
                          VPOS="1134"
                          HPOS="1680"
                          CONTENT="utgifvit"/>
                  <SP HEIGHT="206" WIDTH="53" VPOS="1134" HPOS="2316"/>
                  <String HEIGHT="206"
                          WIDTH="265"
                          VPOS="1134"
                          HPOS="2104"
                          CONTENT="sig"/>
               </TextLine>
               <TextLine ID="r1l11"
                         BASELINE="474,1354 656,1346 1020,1340 1293,1344 1840,1362 2296,1370"
                         HEIGHT="145"
                         WIDTH="1848"
                         VPOS="1237"
                         HPOS="462">
                  <String HEIGHT="145"
                          WIDTH="422"
                          VPOS="1237"
                          HPOS="409"
                          CONTENT="vara"/>
                  <SP HEIGHT="145" WIDTH="53" VPOS="1237" HPOS="832"/>
                  <String HEIGHT="145"
                          WIDTH="739"
                          VPOS="1237"
                          HPOS="673"
                          CONTENT="låntagaren"/>
                  <SP HEIGHT="145" WIDTH="53" VPOS="1237" HPOS="1412"/>
                  <String HEIGHT="145"
                          WIDTH="370"
                          VPOS="1237"
                          HPOS="1254"
                          CONTENT="och"/>
                  <SP HEIGHT="145" WIDTH="53" VPOS="1237" HPOS="1624"/>
                  <String HEIGHT="145"
                          WIDTH="422"
                          VPOS="1237"
                          HPOS="1465"
                          CONTENT="heta"/>
                  <SP HEIGHT="145" WIDTH="53" VPOS="1237" HPOS="1888"/>
                  <String HEIGHT="145"
                          WIDTH="317"
                          VPOS="1237"
                          HPOS="1729"
                          CONTENT="J."/>
                  <SP HEIGHT="145" WIDTH="53" VPOS="1237" HPOS="2046"/>
                  <String HEIGHT="145"
                          WIDTH="475"
                          VPOS="1237"
                          HPOS="1835"
                          CONTENT="Lundin;"/>
               </TextLine>
               <TextLine ID="r1l12"
                         BASELINE="490,1448 1723,1460 2252,1474"
                         HEIGHT="165"
                         WIDTH="1786"
                         VPOS="1357"
                         HPOS="478">
                  <String HEIGHT="165"
                          WIDTH="417"
                          VPOS="1357"
                          HPOS="418"
                          CONTENT="och"/>
                  <SP HEIGHT="165" WIDTH="60" VPOS="1357" HPOS="835"/>
                  <String HEIGHT="165"
                          WIDTH="476"
                          VPOS="1357"
                          HPOS="657"
                          CONTENT="hade"/>
                  <SP HEIGHT="165" WIDTH="60" VPOS="1357" HPOS="1133"/>
                  <String HEIGHT="165"
                          WIDTH="833"
                          VPOS="1357"
                          HPOS="954"
                          CONTENT="fruntimret"/>
                  <SP HEIGHT="165" WIDTH="60" VPOS="1357" HPOS="1788"/>
                  <String HEIGHT="165"
                          WIDTH="476"
                          VPOS="1357"
                          HPOS="1609"
                          CONTENT="bedt"/>
                  <SP HEIGHT="165" WIDTH="60" VPOS="1357" HPOS="2085"/>
                  <String HEIGHT="165"
                          WIDTH="417"
                          VPOS="1357"
                          HPOS="1847"
                          CONTENT="honom"/>
               </TextLine>
               <TextLine ID="r1l13"
                         BASELINE="488,1560 1528,1564 2001,1574 2380,1590"
                         HEIGHT="152"
                         WIDTH="1920"
                         VPOS="1498"
                         HPOS="474">
                  <String HEIGHT="152"
                          WIDTH="395"
                          VPOS="1498"
                          HPOS="418"
                          CONTENT="att"/>
                  <SP HEIGHT="152" WIDTH="56" VPOS="1498" HPOS="813"/>
                  <String HEIGHT="152"
                          WIDTH="339"
                          VPOS="1498"
                          HPOS="643"
                          CONTENT="då"/>
                  <SP HEIGHT="152" WIDTH="56" VPOS="1498" HPOS="982"/>
                  <String HEIGHT="152"
                          WIDTH="395"
                          VPOS="1498"
                          HPOS="813"
                          CONTENT="han"/>
                  <SP HEIGHT="152" WIDTH="56" VPOS="1498" HPOS="1208"/>
                  <String HEIGHT="152"
                          WIDTH="452"
                          VPOS="1498"
                          HPOS="1039"
                          CONTENT="fått"/>
                  <SP HEIGHT="152" WIDTH="56" VPOS="1498" HPOS="1490"/>
                  <String HEIGHT="152"
                          WIDTH="847"
                          VPOS="1498"
                          HPOS="1321"
                          CONTENT="penningarne"/>
                  <SP HEIGHT="152" WIDTH="56" VPOS="1498" HPOS="2168"/>
                  <String HEIGHT="152"
                          WIDTH="452"
                          VPOS="1498"
                          HPOS="1942"
                          CONTENT="invän¬"
                          SUBS_TYPE="HypPart1"
                          SUBS_CONTENT="invänta"/>
                  <HYP CONTENT="-"/>
               </TextLine>
               <TextLine ID="r1l14"
                         BASELINE="462,1680 935,1670 1219,1670 2356,1694"
                         HEIGHT="175"
                         WIDTH="1919"
                         VPOS="1563"
                         HPOS="450">
                  <String HEIGHT="175"
                          WIDTH="360"
                          VPOS="1563"
                          HPOS="390"
                          CONTENT="ta"
                          SUBS_TYPE="HypPart2"
                          SUBS_CONTENT="invänta"/>
                  <SP HEIGHT="175" WIDTH="60" VPOS="1563" HPOS="750"/>
                  <String HEIGHT="175"
                          WIDTH="540"
                          VPOS="1563"
                          HPOS="570"
                          CONTENT="henne"/>
                  <SP HEIGHT="175" WIDTH="60" VPOS="1563" HPOS="1110"/>
                  <String HEIGHT="175" WIDTH="300" VPOS="1563" HPOS="930" CONTENT="i"/>
                  <SP HEIGHT="175" WIDTH="60" VPOS="1563" HPOS="1230"/>
                  <String HEIGHT="175"
                          WIDTH="960"
                          VPOS="1563"
                          HPOS="1050"
                          CONTENT="Brunnsparken"/>
                  <SP HEIGHT="175" WIDTH="60" VPOS="1563" HPOS="2009"/>
                  <String HEIGHT="175"
                          WIDTH="420"
                          VPOS="1563"
                          HPOS="1829"
                          CONTENT="och"/>
                  <SP HEIGHT="175" WIDTH="60" VPOS="1563" HPOS="2249"/>
                  <String HEIGHT="175"
                          WIDTH="360"
                          VPOS="1563"
                          HPOS="2009"
                          CONTENT="till"/>
               </TextLine>
               <TextLine ID="r1l15"
                         BASELINE="492,1778 1133,1778 1591,1782 2324,1800"
                         HEIGHT="137"
                         WIDTH="1859"
                         VPOS="1719"
                         HPOS="479">
                  <String HEIGHT="137"
                          WIDTH="558"
                          VPOS="1719"
                          HPOS="417"
                          CONTENT="henne"/>
                  <SP HEIGHT="137" WIDTH="62" VPOS="1719" HPOS="975"/>
                  <String HEIGHT="137"
                          WIDTH="868"
                          VPOS="1719"
                          HPOS="789"
                          CONTENT="öfverlemna"/>
                  <SP HEIGHT="137" WIDTH="62" VPOS="1719" HPOS="1656"/>
                  <String HEIGHT="137"
                          WIDTH="744"
                          VPOS="1719"
                          HPOS="1470"
                          CONTENT="desamma,"/>
                  <SP HEIGHT="137" WIDTH="62" VPOS="1719" HPOS="2214"/>
                  <String HEIGHT="137"
                          WIDTH="372"
                          VPOS="1719"
                          HPOS="1966"
                          CONTENT="der¬"
                          SUBS_TYPE="HypPart1"
                          SUBS_CONTENT="dervid"/>
                  <HYP CONTENT="-"/>
               </TextLine>
               <TextLine ID="r1l16"
                         BASELINE="478,1884 1598,1882 2346,1874"
                         HEIGHT="174"
                         WIDTH="1891"
                         VPOS="1784"
                         HPOS="466">
                  <String HEIGHT="174"
                          WIDTH="241"
                          VPOS="1784"
                          HPOS="432"
                          CONTENT="vid"
                          SUBS_TYPE="HypPart2"
                          SUBS_CONTENT="dervid"/>
                  <SP HEIGHT="174" WIDTH="34" VPOS="1784" HPOS="672"/>
                  <String HEIGHT="174"
                          WIDTH="241"
                          VPOS="1784"
                          HPOS="569"
                          CONTENT="hon"/>
                  <SP HEIGHT="174" WIDTH="34" VPOS="1784" HPOS="810"/>
                  <String HEIGHT="174"
                          WIDTH="344"
                          VPOS="1784"
                          HPOS="707"
                          CONTENT="lofvat"/>
                  <SP HEIGHT="174" WIDTH="34" VPOS="1784" HPOS="1050"/>
                  <String HEIGHT="174"
                          WIDTH="309"
                          VPOS="1784"
                          HPOS="947"
                          CONTENT="honom"/>
                  <SP HEIGHT="174" WIDTH="34" VPOS="1784" HPOS="1257"/>
                  <String HEIGHT="174"
                          WIDTH="241"
                          VPOS="1784"
                          HPOS="1154"
                          CONTENT="att"/>
                  <SP HEIGHT="174" WIDTH="34" VPOS="1784" HPOS="1394"/>
                  <String HEIGHT="174"
                          WIDTH="241"
                          VPOS="1784"
                          HPOS="1291"
                          CONTENT="för"/>
                  <SP HEIGHT="174" WIDTH="34" VPOS="1784" HPOS="1532"/>
                  <String HEIGHT="174"
                          WIDTH="241"
                          VPOS="1784"
                          HPOS="1429"
                          CONTENT="han"/>
                  <SP HEIGHT="174" WIDTH="34" VPOS="1784" HPOS="1669"/>
                  <String HEIGHT="174"
                          WIDTH="241"
                          VPOS="1784"
                          HPOS="1566"
                          CONTENT="för"/>
                  <SP HEIGHT="174" WIDTH="34" VPOS="1784" HPOS="1807"/>
                  <String HEIGHT="174"
                          WIDTH="275"
                          VPOS="1784"
                          HPOS="1704"
                          CONTENT="sitt"/>
                  <SP HEIGHT="174" WIDTH="34" VPOS="1784" HPOS="1979"/>
                  <String HEIGHT="174"
                          WIDTH="344"
                          VPOS="1784"
                          HPOS="1876"
                          CONTENT="besvär"/>
                  <SP HEIGHT="174" WIDTH="34" VPOS="1784" HPOS="2219"/>
                  <String HEIGHT="174"
                          WIDTH="275"
                          VPOS="1784"
                          HPOS="2082"
                          CONTENT="skulle"/>
               </TextLine>
               <TextLine ID="r1l17"
                         BASELINE="444,2000 562,1989 857,1974 975,1977 1034,1982"
                         HEIGHT="134"
                         WIDTH="617"
                         VPOS="1890"
                         HPOS="431">
                  <String HEIGHT="134"
                          WIDTH="357"
                          VPOS="1890"
                          HPOS="399"
                          CONTENT="erhålla"/>
                  <SP HEIGHT="134" WIDTH="32" VPOS="1890" HPOS="756"/>
                  <String HEIGHT="134"
                          WIDTH="227"
                          VPOS="1890"
                          HPOS="658"
                          CONTENT="Två"/>
                  <SP HEIGHT="134" WIDTH="32" VPOS="1890" HPOS="886"/>
                  <String HEIGHT="134"
                          WIDTH="292"
                          VPOS="1890"
                          HPOS="756"
                          CONTENT="Kronor."/>
               </TextLine>
               <TextLine ID="r1l18"
                         BASELINE="602,2082 771,2074 1450,2055 2043,2046 2298,2046"
                         HEIGHT="176"
                         WIDTH="1723"
                         VPOS="1967"
                         HPOS="588">
                  <String HEIGHT="176"
                          WIDTH="246"
                          VPOS="1967"
                          HPOS="553"
                          CONTENT="Vid"/>
                  <SP HEIGHT="176" WIDTH="35" VPOS="1967" HPOS="799"/>
                  <String HEIGHT="176"
                          WIDTH="387"
                          VPOS="1967"
                          HPOS="693"
                          CONTENT="närmare"/>
                  <SP HEIGHT="176" WIDTH="35" VPOS="1967" HPOS="1080"/>
                  <String HEIGHT="176"
                          WIDTH="563"
                          VPOS="1967"
                          HPOS="975"
                          CONTENT="efterhörande"/>
                  <SP HEIGHT="176" WIDTH="35" VPOS="1967" HPOS="1537"/>
                  <String HEIGHT="176"
                          WIDTH="246"
                          VPOS="1967"
                          HPOS="1432"
                          CONTENT="har"/>
                  <SP HEIGHT="176" WIDTH="35" VPOS="1967" HPOS="1678"/>
                  <String HEIGHT="176"
                          WIDTH="246"
                          VPOS="1967"
                          HPOS="1573"
                          CONTENT="det"/>
                  <SP HEIGHT="176" WIDTH="35" VPOS="1967" HPOS="1819"/>
                  <String HEIGHT="176"
                          WIDTH="387"
                          VPOS="1967"
                          HPOS="1713"
                          CONTENT="blifvit"/>
                  <SP HEIGHT="176" WIDTH="35" VPOS="1967" HPOS="2100"/>
                  <String HEIGHT="176"
                          WIDTH="352"
                          VPOS="1967"
                          HPOS="1959"
                          CONTENT="upplyst,"/>
               </TextLine>
               <TextLine ID="r1l19"
                         BASELINE="434,2198 907,2182 1947,2160 2326,2148"
                         HEIGHT="139"
                         WIDTH="1920"
                         VPOS="2083"
                         HPOS="420">
                  <String HEIGHT="139"
                          WIDTH="264"
                          VPOS="2083"
                          HPOS="382"
                          CONTENT="att"/>
                  <SP HEIGHT="139" WIDTH="38" VPOS="2083" HPOS="646"/>
                  <String HEIGHT="139" WIDTH="188" VPOS="2083" HPOS="533" CONTENT="å"/>
                  <SP HEIGHT="139" WIDTH="38" VPOS="2083" HPOS="721"/>
                  <String HEIGHT="139"
                          WIDTH="527"
                          VPOS="2083"
                          HPOS="608"
                          CONTENT="handlingen"/>
                  <SP HEIGHT="139" WIDTH="38" VPOS="2083" HPOS="1135"/>
                  <String HEIGHT="139"
                          WIDTH="527"
                          VPOS="2083"
                          HPOS="1022"
                          CONTENT="antecknade"/>
                  <SP HEIGHT="139" WIDTH="38" VPOS="2083" HPOS="1549"/>
                  <String HEIGHT="139"
                          WIDTH="602"
                          VPOS="2083"
                          HPOS="1436"
                          CONTENT="borgesmannen"/>
                  <SP HEIGHT="139" WIDTH="38" VPOS="2083" HPOS="2039"/>
                  <String HEIGHT="139"
                          WIDTH="452"
                          VPOS="2083"
                          HPOS="1888"
                          CONTENT="Paraplyma¬"
                          SUBS_TYPE="HypPart1"
                          SUBS_CONTENT="Paraplymakaren"/>
                  <HYP CONTENT="-"/>
               </TextLine>
               <TextLine ID="r1l20"
                         BASELINE="420,2318 707,2301 899,2294 2050,2276 2338,2264"
                         HEIGHT="152"
                         WIDTH="1946"
                         VPOS="2180"
                         HPOS="405">
                  <String HEIGHT="152"
                          WIDTH="302"
                          VPOS="2180"
                          HPOS="371"
                          CONTENT="karen"
                          SUBS_TYPE="HypPart2"
                          SUBS_CONTENT="Paraplymakaren"/>
                  <SP HEIGHT="152" WIDTH="34" VPOS="2180" HPOS="673"/>
                  <String HEIGHT="152"
                          WIDTH="470"
                          VPOS="2180"
                          HPOS="573"
                          CONTENT="Anderssons"/>
                  <SP HEIGHT="152" WIDTH="34" VPOS="2180" HPOS="1042"/>
                  <String HEIGHT="152"
                          WIDTH="302"
                          VPOS="2180"
                          HPOS="942"
                          CONTENT="rätta"/>
                  <SP HEIGHT="152" WIDTH="34" VPOS="2180" HPOS="1244"/>
                  <String HEIGHT="152"
                          WIDTH="369"
                          VPOS="2180"
                          HPOS="1143"
                          CONTENT="förnamn"/>
                  <SP HEIGHT="152" WIDTH="34" VPOS="2180" HPOS="1512"/>
                  <String HEIGHT="152"
                          WIDTH="201"
                          VPOS="2180"
                          HPOS="1412"
                          CONTENT="är"/>
                  <SP HEIGHT="152" WIDTH="34" VPOS="2180" HPOS="1613"/>
                  <String HEIGHT="152"
                          WIDTH="201"
                          VPOS="2180"
                          HPOS="1512"
                          CONTENT="C."/>
                  <SP HEIGHT="152" WIDTH="34" VPOS="2180" HPOS="1714"/>
                  <String HEIGHT="152"
                          WIDTH="201"
                          VPOS="2180"
                          HPOS="1613"
                          CONTENT="V."/>
                  <SP HEIGHT="152" WIDTH="34" VPOS="2180" HPOS="1814"/>
                  <String HEIGHT="152"
                          WIDTH="235"
                          VPOS="2180"
                          HPOS="1714"
                          CONTENT="och"/>
                  <SP HEIGHT="152" WIDTH="34" VPOS="2180" HPOS="1948"/>
                  <String HEIGHT="152"
                          WIDTH="403"
                          VPOS="2180"
                          HPOS="1848"
                          CONTENT="vittnet,"/>
                  <SP HEIGHT="152" WIDTH="34" VPOS="2180" HPOS="2250"/>
                  <String HEIGHT="152"
                          WIDTH="235"
                          VPOS="2180"
                          HPOS="2116"
                          CONTENT="Hand¬"
                          SUBS_TYPE="HypPart1"
                          SUBS_CONTENT="Handlanden"/>
                  <HYP CONTENT="-"/>
               </TextLine>
               <TextLine ID="r1l21"
                         BASELINE="436,2434 713,2413 1084,2396 2010,2380 2288,2368"
                         HEIGHT="182"
                         WIDTH="1879"
                         VPOS="2296"
                         HPOS="422">
                  <String HEIGHT="182"
                          WIDTH="342"
                          VPOS="2296"
                          HPOS="388"
                          CONTENT="landen"
                          SUBS_TYPE="HypPart2"
                          SUBS_CONTENT="Handlanden"/>
                  <SP HEIGHT="182" WIDTH="34" VPOS="2296" HPOS="729"/>
                  <String HEIGHT="182"
                          WIDTH="478"
                          VPOS="2296"
                          HPOS="627"
                          CONTENT="Peterssons"/>
                  <SP HEIGHT="182" WIDTH="34" VPOS="2296" HPOS="1105"/>
                  <String HEIGHT="182"
                          WIDTH="376"
                          VPOS="2296"
                          HPOS="1003"
                          CONTENT="förnamn"/>
                  <SP HEIGHT="182" WIDTH="34" VPOS="2296" HPOS="1379"/>
                  <String HEIGHT="182"
                          WIDTH="205"
                          VPOS="2296"
                          HPOS="1276"
                          CONTENT="är"/>
                  <SP HEIGHT="182" WIDTH="34" VPOS="2296" HPOS="1481"/>
                  <String HEIGHT="182"
                          WIDTH="205"
                          VPOS="2296"
                          HPOS="1379"
                          CONTENT="A;"/>
                  <SP HEIGHT="182" WIDTH="34" VPOS="2296" HPOS="1584"/>
                  <String HEIGHT="182"
                          WIDTH="273"
                          VPOS="2296"
                          HPOS="1481"
                          CONTENT="samt"/>
                  <SP HEIGHT="182" WIDTH="34" VPOS="2296" HPOS="1754"/>
                  <String HEIGHT="182"
                          WIDTH="239"
                          VPOS="2296"
                          HPOS="1652"
                          CONTENT="att"/>
                  <SP HEIGHT="182" WIDTH="34" VPOS="2296" HPOS="1891"/>
                  <String HEIGHT="182"
                          WIDTH="307"
                          VPOS="2296"
                          HPOS="1789"
                          CONTENT="någon"/>
                  <SP HEIGHT="182" WIDTH="34" VPOS="2296" HPOS="2096"/>
                  <String HEIGHT="182"
                          WIDTH="342"
                          VPOS="2296"
                          HPOS="1959"
                          CONTENT="Snickare"/>
               </TextLine>
               <TextLine ID="r1l22"
                         BASELINE="436,2530 804,2512 1172,2500 2276,2476"
                         HEIGHT="189"
                         WIDTH="1866"
                         VPOS="2388"
                         HPOS="423">
                  <String HEIGHT="189"
                          WIDTH="204"
                          VPOS="2388"
                          HPOS="389"
                          CONTENT="J."/>
                  <SP HEIGHT="189" WIDTH="34" VPOS="2388" HPOS="593"/>
                  <String HEIGHT="189"
                          WIDTH="373"
                          VPOS="2388"
                          HPOS="491"
                          CONTENT="Lundin,"/>
                  <SP HEIGHT="189" WIDTH="34" VPOS="2388" HPOS="864"/>
                  <String HEIGHT="189"
                          WIDTH="237"
                          VPOS="2388"
                          HPOS="762"
                          CONTENT="som"/>
                  <SP HEIGHT="189" WIDTH="34" VPOS="2388" HPOS="1000"/>
                  <String HEIGHT="189"
                          WIDTH="373"
                          VPOS="2388"
                          HPOS="898"
                          CONTENT="tecknat"/>
                  <SP HEIGHT="189" WIDTH="34" VPOS="2388" HPOS="1271"/>
                  <String HEIGHT="189"
                          WIDTH="237"
                          VPOS="2388"
                          HPOS="1169"
                          CONTENT="sig"/>
                  <SP HEIGHT="189" WIDTH="34" VPOS="2388" HPOS="1407"/>
                  <String HEIGHT="189"
                          WIDTH="305"
                          VPOS="2388"
                          HPOS="1305"
                          CONTENT="såsom"/>
                  <SP HEIGHT="189" WIDTH="34" VPOS="2388" HPOS="1610"/>
                  <String HEIGHT="189"
                          WIDTH="475"
                          VPOS="2388"
                          HPOS="1509"
                          CONTENT="låntagare,"/>
                  <SP HEIGHT="189" WIDTH="34" VPOS="2388" HPOS="1984"/>
                  <String HEIGHT="189"
                          WIDTH="204"
                          VPOS="2388"
                          HPOS="1882"
                          CONTENT="ej"/>
                  <SP HEIGHT="189" WIDTH="34" VPOS="2388" HPOS="2085"/>
                  <String HEIGHT="189"
                          WIDTH="339"
                          VPOS="2388"
                          HPOS="1984"
                          CONTENT="finnes"/>
                  <SP HEIGHT="189" WIDTH="34" VPOS="2388" HPOS="2323"/>
                  <String HEIGHT="189"
                          WIDTH="102"
                          VPOS="2388"
                          HPOS="2187"
                          CONTENT="i"/>
               </TextLine>
               <TextLine ID="r1l23"
                         BASELINE="432,2632 563,2632 904,2616"
                         HEIGHT="175"
                         WIDTH="498"
                         VPOS="2534"
                         HPOS="419">
                  <String HEIGHT="175"
                          WIDTH="460"
                          VPOS="2534"
                          HPOS="381"
                          CONTENT="uppgifna"/>
                  <SP HEIGHT="175" WIDTH="38" VPOS="2534" HPOS="840"/>
                  <String HEIGHT="175"
                          WIDTH="230"
                          VPOS="2534"
                          HPOS="687"
                          CONTENT="hus."/>
               </TextLine>
               <TextLine ID="r1l24"
                         BASELINE="522,2726 789,2712 1145,2701 1769,2690 2304,2676"
                         HEIGHT="126"
                         WIDTH="1806"
                         VPOS="2610"
                         HPOS="509">
                  <String HEIGHT="126"
                          WIDTH="730"
                          VPOS="2610"
                          HPOS="471"
                          CONTENT="Handelsbiträdet"/>
                  <SP HEIGHT="126" WIDTH="38" VPOS="2610" HPOS="1201"/>
                  <String HEIGHT="126"
                          WIDTH="384"
                          VPOS="2610"
                          HPOS="1085"
                          CONTENT="Gustaf"/>
                  <SP HEIGHT="126" WIDTH="38" VPOS="2610" HPOS="1470"/>
                  <String HEIGHT="126"
                          WIDTH="384"
                          VPOS="2610"
                          HPOS="1354"
                          CONTENT="Florén"/>
                  <SP HEIGHT="126" WIDTH="38" VPOS="2610" HPOS="1739"/>
                  <String HEIGHT="126"
                          WIDTH="307"
                          VPOS="2610"
                          HPOS="1623"
                          CONTENT="samt"/>
                  <SP HEIGHT="126" WIDTH="38" VPOS="2610" HPOS="1931"/>
                  <String HEIGHT="126"
                          WIDTH="538"
                          VPOS="2610"
                          HPOS="1777"
                          CONTENT="månadskarlen"/>
               </TextLine>
               <TextLine ID="r1l25"
                         BASELINE="440,2830 814,2814 1750,2794 2312,2776"
                         HEIGHT="142"
                         WIDTH="1899"
                         VPOS="2704"
                         HPOS="426">
                  <String HEIGHT="142"
                          WIDTH="358"
                          VPOS="2704"
                          HPOS="390"
                          CONTENT="Alfred"/>
                  <SP HEIGHT="142" WIDTH="36" VPOS="2704" HPOS="748"/>
                  <String HEIGHT="142"
                          WIDTH="502"
                          VPOS="2704"
                          HPOS="641"
                          CONTENT="Andersson,"/>
                  <SP HEIGHT="142" WIDTH="36" VPOS="2704" HPOS="1143"/>
                  <String HEIGHT="142"
                          WIDTH="287"
                          VPOS="2704"
                          HPOS="1035"
                          CONTENT="båda"/>
                  <SP HEIGHT="142" WIDTH="36" VPOS="2704" HPOS="1322"/>
                  <String HEIGHT="142"
                          WIDTH="466"
                          VPOS="2704"
                          HPOS="1214"
                          CONTENT="anställda"/>
                  <SP HEIGHT="142" WIDTH="36" VPOS="2704" HPOS="1680"/>
                  <String HEIGHT="142"
                          WIDTH="251"
                          VPOS="2704"
                          HPOS="1573"
                          CONTENT="hos"/>
                  <SP HEIGHT="142" WIDTH="36" VPOS="2704" HPOS="1823"/>
                  <String HEIGHT="142"
                          WIDTH="502"
                          VPOS="2704"
                          HPOS="1716"
                          CONTENT="Handlanden"/>
                  <SP HEIGHT="142" WIDTH="36" VPOS="2704" HPOS="2218"/>
                  <String HEIGHT="142"
                          WIDTH="251"
                          VPOS="2704"
                          HPOS="2074"
                          CONTENT="Johan"/>
               </TextLine>
               <TextLine ID="r1l26"
                         BASELINE="444,2942 1096,2914 2308,2882"
                         HEIGHT="142"
                         WIDTH="1890"
                         VPOS="2821"
                         HPOS="429">
                  <String HEIGHT="142"
                          WIDTH="322"
                          VPOS="2821"
                          HPOS="389"
                          CONTENT="Alex"/>
                  <SP HEIGHT="142" WIDTH="40" VPOS="2821" HPOS="710"/>
                  <String HEIGHT="142"
                          WIDTH="281"
                          VPOS="2821"
                          HPOS="590"
                          CONTENT="Roy"/>
                  <SP HEIGHT="142" WIDTH="40" VPOS="2821" HPOS="871"/>
                  <String HEIGHT="142"
                          WIDTH="362"
                          VPOS="2821"
                          HPOS="751"
                          CONTENT="hafva"/>
                  <SP HEIGHT="142" WIDTH="40" VPOS="2821" HPOS="1113"/>
                  <String HEIGHT="142"
                          WIDTH="764"
                          VPOS="2821"
                          HPOS="992"
                          CONTENT="sammanstämmande"/>
                  <SP HEIGHT="142" WIDTH="40" VPOS="2821" HPOS="1756"/>
                  <String HEIGHT="142"
                          WIDTH="483"
                          VPOS="2821"
                          HPOS="1635"
                          CONTENT="upplyst,"/>
                  <SP HEIGHT="142" WIDTH="40" VPOS="2821" HPOS="2118"/>
                  <String HEIGHT="142"
                          WIDTH="281"
                          VPOS="2821"
                          HPOS="1997"
                          CONTENT="att"/>
                  <SP HEIGHT="142" WIDTH="40" VPOS="2821" HPOS="2279"/>
                  <String HEIGHT="142"
                          WIDTH="201"
                          VPOS="2821"
                          HPOS="2118"
                          CONTENT="ett"/>
               </TextLine>
               <TextLine ID="r1l27"
                         BASELINE="444,3052 914,3028 1384,3010 1854,2998 2324,2994"
                         HEIGHT="209"
                         WIDTH="1905"
                         VPOS="2902"
                         HPOS="431">
                  <String HEIGHT="209"
                          WIDTH="357"
                          VPOS="2902"
                          HPOS="391"
                          CONTENT="yngre"/>
                  <SP HEIGHT="209" WIDTH="40" VPOS="2902" HPOS="749"/>
                  <String HEIGHT="209"
                          WIDTH="556"
                          VPOS="2902"
                          HPOS="629"
                          CONTENT="fruntimmer"/>
                  <SP HEIGHT="209" WIDTH="40" VPOS="2902" HPOS="1185"/>
                  <String HEIGHT="209"
                          WIDTH="278"
                          VPOS="2902"
                          HPOS="1066"
                          CONTENT="den"/>
                  <SP HEIGHT="209" WIDTH="40" VPOS="2902" HPOS="1344"/>
                  <String HEIGHT="209"
                          WIDTH="238"
                          VPOS="2902"
                          HPOS="1225"
                          CONTENT="25"/>
                  <SP HEIGHT="209" WIDTH="40" VPOS="2902" HPOS="1463"/>
                  <String HEIGHT="209"
                          WIDTH="397"
                          VPOS="2902"
                          HPOS="1344"
                          CONTENT="dennes"/>
                  <SP HEIGHT="209" WIDTH="40" VPOS="2902" HPOS="1741"/>
                  <String HEIGHT="209"
                          WIDTH="397"
                          VPOS="2902"
                          HPOS="1622"
                          CONTENT="kommit"/>
                  <SP HEIGHT="209" WIDTH="40" VPOS="2902" HPOS="2019"/>
                  <String HEIGHT="209"
                          WIDTH="238"
                          VPOS="2902"
                          HPOS="1899"
                          CONTENT="in"/>
                  <SP HEIGHT="209" WIDTH="40" VPOS="2902" HPOS="2138"/>
                  <String HEIGHT="209"
                          WIDTH="198"
                          VPOS="2902"
                          HPOS="2019"
                          CONTENT="i"/>
                  <SP HEIGHT="209" WIDTH="40" VPOS="2902" HPOS="2217"/>
                  <String HEIGHT="209"
                          WIDTH="278"
                          VPOS="2902"
                          HPOS="2058"
                          CONTENT="buti¬"
                          SUBS_TYPE="HypPart1"
                          SUBS_CONTENT="butiken"/>
                  <HYP CONTENT="-"/>
               </TextLine>
               <TextLine ID="r1l28"
                         BASELINE="420,3164 705,3143 1085,3127 1750,3110 2130,3094 2320,3082"
                         HEIGHT="173"
                         WIDTH="1926"
                         VPOS="3006"
                         HPOS="407">
                  <String HEIGHT="173"
                          WIDTH="259"
                          VPOS="3006"
                          HPOS="370"
                          CONTENT="ken"
                          SUBS_TYPE="HypPart2"
                          SUBS_CONTENT="butiken"/>
                  <SP HEIGHT="173" WIDTH="37" VPOS="3006" HPOS="629"/>
                  <String HEIGHT="173"
                          WIDTH="259"
                          VPOS="3006"
                          HPOS="518"
                          CONTENT="och"/>
                  <SP HEIGHT="173" WIDTH="37" VPOS="3006" HPOS="777"/>
                  <String HEIGHT="173"
                          WIDTH="370"
                          VPOS="3006"
                          HPOS="666"
                          CONTENT="begärt"/>
                  <SP HEIGHT="173" WIDTH="37" VPOS="3006" HPOS="1037"/>
                  <String HEIGHT="173"
                          WIDTH="259"
                          VPOS="3006"
                          HPOS="926"
                          CONTENT="att"/>
                  <SP HEIGHT="173" WIDTH="37" VPOS="3006" HPOS="1185"/>
                  <String HEIGHT="173"
                          WIDTH="222"
                          VPOS="3006"
                          HPOS="1074"
                          CONTENT="få"/>
                  <SP HEIGHT="173" WIDTH="37" VPOS="3006" HPOS="1296"/>
                  <String HEIGHT="173"
                          WIDTH="296"
                          VPOS="3006"
                          HPOS="1185"
                          CONTENT="låna"/>
                  <SP HEIGHT="173" WIDTH="37" VPOS="3006" HPOS="1481"/>
                  <String HEIGHT="173"
                          WIDTH="333"
                          VPOS="3006"
                          HPOS="1370"
                          CONTENT="bleck"/>
                  <SP HEIGHT="173" WIDTH="37" VPOS="3006" HPOS="1703"/>
                  <String HEIGHT="173"
                          WIDTH="259"
                          VPOS="3006"
                          HPOS="1592"
                          CONTENT="och"/>
                  <SP HEIGHT="173" WIDTH="37" VPOS="3006" HPOS="1852"/>
                  <String HEIGHT="173"
                          WIDTH="370"
                          VPOS="3006"
                          HPOS="1740"
                          CONTENT="penna,"/>
                  <SP HEIGHT="173" WIDTH="37" VPOS="3006" HPOS="2111"/>
                  <String HEIGHT="173"
                          WIDTH="296"
                          VPOS="3006"
                          HPOS="2000"
                          CONTENT="samt"/>
                  <SP HEIGHT="173" WIDTH="37" VPOS="3006" HPOS="2296"/>
                  <String HEIGHT="173"
                          WIDTH="185"
                          VPOS="3006"
                          HPOS="2148"
                          CONTENT="att"/>
               </TextLine>
               <TextLine ID="r1l29"
                         BASELINE="428,3272 611,3256 887,3242 1622,3228 1898,3219 2082,3209 2266,3194"
                         HEIGHT="226"
                         WIDTH="1867"
                         VPOS="3119"
                         HPOS="414">
                  <String HEIGHT="226"
                          WIDTH="204"
                          VPOS="3119"
                          HPOS="380"
                          CONTENT="de"/>
                  <SP HEIGHT="226" WIDTH="34" VPOS="3119" HPOS="584"/>
                  <String HEIGHT="226"
                          WIDTH="407"
                          VPOS="3119"
                          HPOS="482"
                          CONTENT="derefter"/>
                  <SP HEIGHT="226" WIDTH="34" VPOS="3119" HPOS="889"/>
                  <String HEIGHT="226"
                          WIDTH="272"
                          VPOS="3119"
                          HPOS="787"
                          CONTENT="sett"/>
                  <SP HEIGHT="226" WIDTH="34" VPOS="3119" HPOS="1059"/>
                  <String HEIGHT="226"
                          WIDTH="306"
                          VPOS="3119"
                          HPOS="957"
                          CONTENT="henne"/>
                  <SP HEIGHT="226" WIDTH="34" VPOS="3119" HPOS="1263"/>
                  <String HEIGHT="226"
                          WIDTH="373"
                          VPOS="3119"
                          HPOS="1161"
                          CONTENT="skrifva"/>
                  <SP HEIGHT="226" WIDTH="34" VPOS="3119" HPOS="1534"/>
                  <String HEIGHT="226"
                          WIDTH="204"
                          VPOS="3119"
                          HPOS="1432"
                          CONTENT="på"/>
                  <SP HEIGHT="226" WIDTH="34" VPOS="3119" HPOS="1636"/>
                  <String HEIGHT="226"
                          WIDTH="238"
                          VPOS="3119"
                          HPOS="1534"
                          CONTENT="ett"/>
                  <SP HEIGHT="226" WIDTH="34" VPOS="3119" HPOS="1772"/>
                  <String HEIGHT="226"
                          WIDTH="373"
                          VPOS="3119"
                          HPOS="1670"
                          CONTENT="papper,"/>
                  <SP HEIGHT="226" WIDTH="34" VPOS="3119" HPOS="2043"/>
                  <String HEIGHT="226"
                          WIDTH="170"
                          VPOS="3119"
                          HPOS="1942"
                          CONTENT="å"/>
                  <SP HEIGHT="226" WIDTH="34" VPOS="3119" HPOS="2111"/>
                  <String HEIGHT="226"
                          WIDTH="306"
                          VPOS="3119"
                          HPOS="1975"
                          CONTENT="hvilket"/>
               </TextLine>
               <TextLine ID="r1l30"
                         BASELINE="420,3378 635,3368 1638,3336 1854,3326"
                         HEIGHT="194"
                         WIDTH="1462"
                         VPOS="3241"
                         HPOS="405">
                  <String HEIGHT="194"
                          WIDTH="402"
                          VPOS="3241"
                          HPOS="368"
                          CONTENT="funnits"/>
                  <SP HEIGHT="194" WIDTH="37" VPOS="3241" HPOS="771"/>
                  <String HEIGHT="194"
                          WIDTH="366"
                          VPOS="3241"
                          HPOS="661"
                          CONTENT="tryckt"/>
                  <SP HEIGHT="194" WIDTH="37" VPOS="3241" HPOS="1026"/>
                  <String HEIGHT="194"
                          WIDTH="329"
                          VPOS="3241"
                          HPOS="917"
                          CONTENT="orden"/>
                  <SP HEIGHT="194" WIDTH="37" VPOS="3241" HPOS="1246"/>
                  <String HEIGHT="194"
                          WIDTH="475"
                          VPOS="3241"
                          HPOS="1136"
                          CONTENT="Göteborgs"/>
                  <SP HEIGHT="194" WIDTH="37" VPOS="3241" HPOS="1611"/>
                  <String HEIGHT="194"
                          WIDTH="402"
                          VPOS="3241"
                          HPOS="1465"
                          CONTENT="Folkbank."/>
               </TextLine>
               <TextLine ID="r1l31"
                         BASELINE="532,3496 886,3478 1682,3450 2302,3438"
                         HEIGHT="231"
                         WIDTH="1795"
                         VPOS="3341"
                         HPOS="517">
                  <String HEIGHT="231"
                          WIDTH="215"
                          VPOS="3341"
                          HPOS="481"
                          CONTENT="På"/>
                  <SP HEIGHT="231" WIDTH="36" VPOS="3341" HPOS="697"/>
                  <String HEIGHT="231"
                          WIDTH="323"
                          VPOS="3341"
                          HPOS="589"
                          CONTENT="grund"/>
                  <SP HEIGHT="231" WIDTH="36" VPOS="3341" HPOS="912"/>
                  <String HEIGHT="231"
                          WIDTH="215"
                          VPOS="3341"
                          HPOS="804"
                          CONTENT="af"/>
                  <SP HEIGHT="231" WIDTH="36" VPOS="3341" HPOS="1020"/>
                  <String HEIGHT="231"
                          WIDTH="287"
                          VPOS="3341"
                          HPOS="912"
                          CONTENT="hvad"/>
                  <SP HEIGHT="231" WIDTH="36" VPOS="3341" HPOS="1199"/>
                  <String HEIGHT="231"
                          WIDTH="395"
                          VPOS="3341"
                          HPOS="1091"
                          CONTENT="sålunda"/>
                  <SP HEIGHT="231" WIDTH="36" VPOS="3341" HPOS="1486"/>
                  <String HEIGHT="231"
                          WIDTH="539"
                          VPOS="3341"
                          HPOS="1379"
                          CONTENT="förekommit,"/>
                  <SP HEIGHT="231" WIDTH="36" VPOS="3341" HPOS="1917"/>
                  <String HEIGHT="231"
                          WIDTH="359"
                          VPOS="3341"
                          HPOS="1809"
                          CONTENT="kommer"/>
                  <SP HEIGHT="231" WIDTH="36" VPOS="3341" HPOS="2168"/>
                  <String HEIGHT="231"
                          WIDTH="287"
                          VPOS="3341"
                          HPOS="2025"
                          CONTENT="Hilmer"/>
               </TextLine>
               <TextLine ID="r1l32"
                         BASELINE="436,3616 1080,3598 2276,3552"
                         HEIGHT="214"
                         WIDTH="1866"
                         VPOS="3472"
                         HPOS="422">
                  <String HEIGHT="214"
                          WIDTH="622"
                          VPOS="3472"
                          HPOS="378"
                          CONTENT="Berndtsson"/>
                  <SP HEIGHT="214" WIDTH="44" VPOS="3472" HPOS="1000"/>
                  <String HEIGHT="214"
                          WIDTH="311"
                          VPOS="3472"
                          HPOS="866"
                          CONTENT="att"/>
                  <SP HEIGHT="214" WIDTH="44" VPOS="3472" HPOS="1177"/>
                  <String HEIGHT="214"
                          WIDTH="400"
                          VPOS="3472"
                          HPOS="1044"
                          CONTENT="denna"/>
                  <SP HEIGHT="214" WIDTH="44" VPOS="3472" HPOS="1444"/>
                  <String HEIGHT="214"
                          WIDTH="311"
                          VPOS="3472"
                          HPOS="1311"
                          CONTENT="dag"/>
                  <SP HEIGHT="214" WIDTH="44" VPOS="3472" HPOS="1622"/>
                  <String HEIGHT="214"
                          WIDTH="311"
                          VPOS="3472"
                          HPOS="1488"
                          CONTENT="för"/>
                  <SP HEIGHT="214" WIDTH="44" VPOS="3472" HPOS="1799"/>
                  <String HEIGHT="214"
                          WIDTH="666"
                          VPOS="3472"
                          HPOS="1622"
                          CONTENT="Poliskammaren"/>
               </TextLine>
               <TextLine ID="r1l33"
                         BASELINE="442,3728 673,3728 1058,3719 1520,3700 1982,3686"
                         HEIGHT="231"
                         WIDTH="1568"
                         VPOS="3571"
                         HPOS="429">
                  <String HEIGHT="231"
                          WIDTH="593"
                          VPOS="3571"
                          HPOS="387"
                          CONTENT="inställas."/>
                  <SP HEIGHT="231" WIDTH="42" VPOS="3571" HPOS="980"/>
                  <String HEIGHT="231"
                          WIDTH="509"
                          VPOS="3571"
                          HPOS="853"
                          CONTENT="Göteborg"/>
                  <SP HEIGHT="231" WIDTH="42" VPOS="3571" HPOS="1361"/>
                  <String HEIGHT="231"
                          WIDTH="297"
                          VPOS="3571"
                          HPOS="1234"
                          CONTENT="den"/>
                  <SP HEIGHT="231" WIDTH="42" VPOS="3571" HPOS="1531"/>
                  <String HEIGHT="231"
                          WIDTH="254"
                          VPOS="3571"
                          HPOS="1404"
                          CONTENT="26"/>
                  <SP HEIGHT="231" WIDTH="42" VPOS="3571" HPOS="1658"/>
                  <String HEIGHT="231"
                          WIDTH="339"
                          VPOS="3571"
                          HPOS="1531"
                          CONTENT="Juni"/>
                  <SP HEIGHT="231" WIDTH="42" VPOS="3571" HPOS="1870"/>
                  <String HEIGHT="231"
                          WIDTH="297"
                          VPOS="3571"
                          HPOS="1700"
                          CONTENT="1880."/>
               </TextLine>
            </TextBlock>
            <TextBlock ID="region_1584708984653_2257"
                       HEIGHT="300"
                       WIDTH="413"
                       VPOS="221"
                       HPOS="4361">
               <Shape>
                  <Polygon POINTS="4361,221 4774,221 4774,521 4361,521 4361,221"/>
               </Shape>
               <TextLine ID="line_1584708993518_2262"
                         BASELINE="4431,291 4682,291"
                         HEIGHT="148"
                         WIDTH="292"
                         VPOS="164"
                         HPOS="4412">
                  <String HEIGHT="148"
                          WIDTH="250"
                          VPOS="164"
                          HPOS="4370"
                          CONTENT="No"/>
                  <SP HEIGHT="148" WIDTH="42" VPOS="164" HPOS="4621"/>
                  <String HEIGHT="148"
                          WIDTH="250"
                          VPOS="164"
                          HPOS="4454"
                          CONTENT="143."/>
               </TextLine>
               <TextLine ID="line_1584708997208_2267"
                         BASELINE="4395,402 4719,392"
                         HEIGHT="165"
                         WIDTH="368"
                         VPOS="291"
                         HPOS="4372">
                  <String HEIGHT="165"
                          WIDTH="268"
                          VPOS="291"
                          HPOS="4339"
                          CONTENT="Carl"/>
                  <SP HEIGHT="165" WIDTH="33" VPOS="291" HPOS="4606"/>
                  <String HEIGHT="165"
                          WIDTH="268"
                          VPOS="291"
                          HPOS="4472"
                          CONTENT="August"/>
               </TextLine>
               <TextLine ID="line_1584709000614_2272"
                         BASELINE="4401,484 4646,481"
                         HEIGHT="137"
                         WIDTH="285"
                         VPOS="408"
                         HPOS="4382">
                  <String HEIGHT="137"
                          WIDTH="342"
                          VPOS="408"
                          HPOS="4325"
                          CONTENT="Andersson."/>
               </TextLine>
            </TextBlock>
            <TextBlock ID="TextRegion_1584709028598_2288"
                       HEIGHT="2962"
                       WIDTH="1991"
                       VPOS="186"
                       HPOS="2478">
               <Shape>
                  <Polygon POINTS="2478,212 4469,186 4469,3080 2496,3148 2478,212"/>
               </Shape>
               <TextLine ID="r2l1"
                         BASELINE="2618,304 2977,288 3965,257 4414,238"
                         HEIGHT="182"
                         WIDTH="1824"
                         VPOS="146"
                         HPOS="2604">
                  <String HEIGHT="182"
                          WIDTH="649"
                          VPOS="146"
                          HPOS="2573"
                          CONTENT="Trädgårdsmästaren"/>
                  <SP HEIGHT="182" WIDTH="31" VPOS="146" HPOS="3222"/>
                  <String HEIGHT="182"
                          WIDTH="340"
                          VPOS="146"
                          HPOS="3130"
                          CONTENT="Fredrik"/>
                  <SP HEIGHT="182" WIDTH="31" VPOS="146" HPOS="3470"/>
                  <String HEIGHT="182"
                          WIDTH="309"
                          VPOS="146"
                          HPOS="3377"
                          CONTENT="Öberg,"/>
                  <SP HEIGHT="182" WIDTH="31" VPOS="146" HPOS="3686"/>
                  <String HEIGHT="182"
                          WIDTH="309"
                          VPOS="146"
                          HPOS="3593"
                          CONTENT="boende"/>
                  <SP HEIGHT="182" WIDTH="31" VPOS="146" HPOS="3902"/>
                  <String HEIGHT="182" WIDTH="155" VPOS="146" HPOS="3810" CONTENT="i"/>
                  <SP HEIGHT="182" WIDTH="31" VPOS="146" HPOS="3964"/>
                  <String HEIGHT="182"
                          WIDTH="278"
                          VPOS="146"
                          HPOS="3872"
                          CONTENT="huset"/>
                  <SP HEIGHT="182" WIDTH="31" VPOS="146" HPOS="4150"/>
                  <String HEIGHT="182"
                          WIDTH="185"
                          VPOS="146"
                          HPOS="4057"
                          CONTENT="No"/>
                  <SP HEIGHT="182" WIDTH="31" VPOS="146" HPOS="4243"/>
                  <String HEIGHT="182"
                          WIDTH="185"
                          VPOS="146"
                          HPOS="4150"
                          CONTENT="92"/>
                  <SP HEIGHT="182" WIDTH="31" VPOS="146" HPOS="4335"/>
                  <String HEIGHT="182" WIDTH="155" VPOS="146" HPOS="4243" CONTENT="i"/>
                  <SP HEIGHT="182" WIDTH="31" VPOS="146" HPOS="4397"/>
                  <String HEIGHT="182"
                          WIDTH="155"
                          VPOS="146"
                          HPOS="4273"
                          CONTENT="Ma¬"
                          SUBS_TYPE="HypPart1"
                          SUBS_CONTENT="Majornas"/>
                  <HYP CONTENT="-"/>
               </TextLine>
               <TextLine ID="r2l3"
                         BASELINE="2498,422 2773,404 3140,388 4334,360"
                         HEIGHT="196"
                         WIDTH="1864"
                         VPOS="275"
                         HPOS="2483">
                  <String HEIGHT="196"
                          WIDTH="316"
                          VPOS="275"
                          HPOS="2451"
                          CONTENT="jornas"
                          SUBS_TYPE="HypPart2"
                          SUBS_CONTENT="Majornas"/>
                  <SP HEIGHT="196" WIDTH="32" VPOS="275" HPOS="2767"/>
                  <String HEIGHT="196"
                          WIDTH="253"
                          VPOS="275"
                          HPOS="2673"
                          CONTENT="3dje"/>
                  <SP HEIGHT="196" WIDTH="32" VPOS="275" HPOS="2925"/>
                  <String HEIGHT="196"
                          WIDTH="253"
                          VPOS="275"
                          HPOS="2831"
                          CONTENT="rote"/>
                  <SP HEIGHT="196" WIDTH="32" VPOS="275" HPOS="3083"/>
                  <String HEIGHT="196"
                          WIDTH="221"
                          VPOS="275"
                          HPOS="2988"
                          CONTENT="har"/>
                  <SP HEIGHT="196" WIDTH="32" VPOS="275" HPOS="3210"/>
                  <String HEIGHT="196"
                          WIDTH="221"
                          VPOS="275"
                          HPOS="3115"
                          CONTENT="den"/>
                  <SP HEIGHT="196" WIDTH="32" VPOS="275" HPOS="3336"/>
                  <String HEIGHT="196"
                          WIDTH="190"
                          VPOS="275"
                          HPOS="3241"
                          CONTENT="26"/>
                  <SP HEIGHT="196" WIDTH="32" VPOS="275" HPOS="3431"/>
                  <String HEIGHT="196"
                          WIDTH="316"
                          VPOS="275"
                          HPOS="3336"
                          CONTENT="dennes"/>
                  <SP HEIGHT="196" WIDTH="32" VPOS="275" HPOS="3652"/>
                  <String HEIGHT="196"
                          WIDTH="348"
                          VPOS="275"
                          HPOS="3557"
                          CONTENT="anmält,"/>
                  <SP HEIGHT="196" WIDTH="32" VPOS="275" HPOS="3905"/>
                  <String HEIGHT="196"
                          WIDTH="221"
                          VPOS="275"
                          HPOS="3810"
                          CONTENT="att"/>
                  <SP HEIGHT="196" WIDTH="32" VPOS="275" HPOS="4031"/>
                  <String HEIGHT="196"
                          WIDTH="221"
                          VPOS="275"
                          HPOS="3936"
                          CONTENT="för"/>
                  <SP HEIGHT="196" WIDTH="32" VPOS="275" HPOS="4157"/>
                  <String HEIGHT="196"
                          WIDTH="316"
                          VPOS="275"
                          HPOS="4031"
                          CONTENT="snatteri"/>
               </TextLine>
               <TextLine ID="r2l6"
                         BASELINE="2478,530 2754,512 3030,499 4043,466 4320,454"
                         HEIGHT="184"
                         WIDTH="1870"
                         VPOS="398"
                         HPOS="2464">
                  <String HEIGHT="184"
                          WIDTH="426"
                          VPOS="398"
                          HPOS="2431"
                          CONTENT="straffade"/>
                  <SP HEIGHT="184" WIDTH="33" VPOS="398" HPOS="2858"/>
                  <String HEIGHT="184"
                          WIDTH="689"
                          VPOS="398"
                          HPOS="2759"
                          CONTENT="Stufveriarbetaren"/>
                  <SP HEIGHT="184" WIDTH="33" VPOS="398" HPOS="3448"/>
                  <String HEIGHT="184"
                          WIDTH="262"
                          VPOS="398"
                          HPOS="3350"
                          CONTENT="Carl"/>
                  <SP HEIGHT="184" WIDTH="33" VPOS="398" HPOS="3612"/>
                  <String HEIGHT="184"
                          WIDTH="328"
                          VPOS="398"
                          HPOS="3514"
                          CONTENT="August"/>
                  <SP HEIGHT="184" WIDTH="33" VPOS="398" HPOS="3842"/>
                  <String HEIGHT="184"
                          WIDTH="459"
                          VPOS="398"
                          HPOS="3743"
                          CONTENT="Andersson,"/>
                  <SP HEIGHT="184" WIDTH="33" VPOS="398" HPOS="4203"/>
                  <String HEIGHT="184"
                          WIDTH="262"
                          VPOS="398"
                          HPOS="4072"
                          CONTENT="boende"/>
               </TextLine>
               <TextLine ID="r2l8"
                         BASELINE="2500,630 2872,608 3244,592 4362,556"
                         HEIGHT="147"
                         WIDTH="1888"
                         VPOS="495"
                         HPOS="2486">
                  <String HEIGHT="147" WIDTH="157" VPOS="495" HPOS="2455" CONTENT="i"/>
                  <SP HEIGHT="147" WIDTH="31" VPOS="495" HPOS="2612"/>
                  <String HEIGHT="147"
                          WIDTH="283"
                          VPOS="495"
                          HPOS="2517"
                          CONTENT="huset"/>
                  <SP HEIGHT="147" WIDTH="31" VPOS="495" HPOS="2801"/>
                  <String HEIGHT="147"
                          WIDTH="189"
                          VPOS="495"
                          HPOS="2706"
                          CONTENT="No"/>
                  <SP HEIGHT="147" WIDTH="31" VPOS="495" HPOS="2895"/>
                  <String HEIGHT="147"
                          WIDTH="189"
                          VPOS="495"
                          HPOS="2801"
                          CONTENT="65"/>
                  <SP HEIGHT="147" WIDTH="31" VPOS="495" HPOS="2989"/>
                  <String HEIGHT="147"
                          WIDTH="252"
                          VPOS="495"
                          HPOS="2895"
                          CONTENT="Litt"/>
                  <SP HEIGHT="147" WIDTH="31" VPOS="495" HPOS="3147"/>
                  <String HEIGHT="147"
                          WIDTH="189"
                          VPOS="495"
                          HPOS="3052"
                          CONTENT="B."/>
                  <SP HEIGHT="147" WIDTH="31" VPOS="495" HPOS="3241"/>
                  <String HEIGHT="147" WIDTH="157" VPOS="495" HPOS="3147" CONTENT="i"/>
                  <SP HEIGHT="147" WIDTH="31" VPOS="495" HPOS="3304"/>
                  <String HEIGHT="147"
                          WIDTH="283"
                          VPOS="495"
                          HPOS="3210"
                          CONTENT="sagde"/>
                  <SP HEIGHT="147" WIDTH="31" VPOS="495" HPOS="3493"/>
                  <String HEIGHT="147"
                          WIDTH="252"
                          VPOS="495"
                          HPOS="3399"
                          CONTENT="rote"/>
                  <SP HEIGHT="147" WIDTH="31" VPOS="495" HPOS="3650"/>
                  <String HEIGHT="147"
                          WIDTH="252"
                          VPOS="495"
                          HPOS="3556"
                          CONTENT="dels"/>
                  <SP HEIGHT="147" WIDTH="31" VPOS="495" HPOS="3808"/>
                  <String HEIGHT="147"
                          WIDTH="441"
                          VPOS="495"
                          HPOS="3713"
                          CONTENT="Thorsdagen"/>
                  <SP HEIGHT="147" WIDTH="31" VPOS="495" HPOS="4154"/>
                  <String HEIGHT="147"
                          WIDTH="220"
                          VPOS="495"
                          HPOS="4059"
                          CONTENT="den"/>
                  <SP HEIGHT="147" WIDTH="31" VPOS="495" HPOS="4280"/>
                  <String HEIGHT="147"
                          WIDTH="189"
                          VPOS="495"
                          HPOS="4185"
                          CONTENT="24"/>
                  <SP HEIGHT="147" WIDTH="31" VPOS="495" HPOS="4374"/>
                  <String HEIGHT="147"
                          WIDTH="126"
                          VPOS="495"
                          HPOS="4248"
                          CONTENT="ds"/>
               </TextLine>
               <TextLine ID="r2l9"
                         BASELINE="2488,734 2784,719 3277,700 4462,666"
                         HEIGHT="199"
                         WIDTH="2001"
                         VPOS="572"
                         HPOS="2475">
                  <String HEIGHT="199"
                          WIDTH="179"
                          VPOS="572"
                          HPOS="2445"
                          CONTENT="på"/>
                  <SP HEIGHT="199" WIDTH="30" VPOS="572" HPOS="2624"/>
                  <String HEIGHT="199"
                          WIDTH="179"
                          VPOS="572"
                          HPOS="2535"
                          CONTENT="f."/>
                  <SP HEIGHT="199" WIDTH="30" VPOS="572" HPOS="2714"/>
                  <String HEIGHT="199"
                          WIDTH="269"
                          VPOS="572"
                          HPOS="2624"
                          CONTENT="midd."/>
                  <SP HEIGHT="199" WIDTH="30" VPOS="572" HPOS="2893"/>
                  <String HEIGHT="199" WIDTH="149" VPOS="572" HPOS="2804" CONTENT="i"/>
                  <SP HEIGHT="199" WIDTH="30" VPOS="572" HPOS="2953"/>
                  <String HEIGHT="199"
                          WIDTH="299"
                          VPOS="572"
                          HPOS="2863"
                          CONTENT="Öbergs"/>
                  <SP HEIGHT="199" WIDTH="30" VPOS="572" HPOS="3162"/>
                  <String HEIGHT="199"
                          WIDTH="388"
                          VPOS="572"
                          HPOS="3072"
                          CONTENT="trädgård,"/>
                  <SP HEIGHT="199" WIDTH="30" VPOS="572" HPOS="3461"/>
                  <String HEIGHT="199"
                          WIDTH="329"
                          VPOS="572"
                          HPOS="3371"
                          CONTENT="hvarvid"/>
                  <SP HEIGHT="199" WIDTH="30" VPOS="572" HPOS="3699"/>
                  <String HEIGHT="199"
                          WIDTH="358"
                          VPOS="572"
                          HPOS="3610"
                          CONTENT="portarne"/>
                  <SP HEIGHT="199" WIDTH="30" VPOS="572" HPOS="3968"/>
                  <String HEIGHT="199"
                          WIDTH="299"
                          VPOS="572"
                          HPOS="3879"
                          CONTENT="dervid"/>
                  <SP HEIGHT="199" WIDTH="30" VPOS="572" HPOS="4177"/>
                  <String HEIGHT="199"
                          WIDTH="269"
                          VPOS="572"
                          HPOS="4088"
                          CONTENT="stått"/>
                  <SP HEIGHT="199" WIDTH="30" VPOS="572" HPOS="4357"/>
                  <String HEIGHT="199"
                          WIDTH="239"
                          VPOS="572"
                          HPOS="4237"
                          CONTENT="öppna,"/>
               </TextLine>
               <TextLine ID="r2l10"
                         BASELINE="2500,848 3553,800 3937,786 4416,778"
                         HEIGHT="244"
                         WIDTH="1944"
                         VPOS="687"
                         HPOS="2486">
                  <String HEIGHT="244"
                          WIDTH="365"
                          VPOS="687"
                          HPOS="2456"
                          CONTENT="afbrutit"/>
                  <SP HEIGHT="244" WIDTH="30" VPOS="687" HPOS="2820"/>
                  <String HEIGHT="244"
                          WIDTH="213"
                          VPOS="687"
                          HPOS="2729"
                          CONTENT="och"/>
                  <SP HEIGHT="244" WIDTH="30" VPOS="687" HPOS="2942"/>
                  <String HEIGHT="244"
                          WIDTH="425"
                          VPOS="687"
                          HPOS="2851"
                          CONTENT="tillgripit"/>
                  <SP HEIGHT="244" WIDTH="30" VPOS="687" HPOS="3276"/>
                  <String HEIGHT="244"
                          WIDTH="213"
                          VPOS="687"
                          HPOS="3185"
                          CONTENT="två"/>
                  <SP HEIGHT="244" WIDTH="30" VPOS="687" HPOS="3397"/>
                  <String HEIGHT="244"
                          WIDTH="395"
                          VPOS="687"
                          HPOS="3306"
                          CONTENT="löfkojor,"/>
                  <SP HEIGHT="244" WIDTH="30" VPOS="687" HPOS="3701"/>
                  <String HEIGHT="244"
                          WIDTH="273"
                          VPOS="687"
                          HPOS="3610"
                          CONTENT="värde"/>
                  <SP HEIGHT="244" WIDTH="30" VPOS="687" HPOS="3883"/>
                  <String HEIGHT="244"
                          WIDTH="182"
                          VPOS="687"
                          HPOS="3792"
                          CONTENT="En"/>
                  <SP HEIGHT="244" WIDTH="30" VPOS="687" HPOS="3974"/>
                  <String HEIGHT="244"
                          WIDTH="273"
                          VPOS="687"
                          HPOS="3883"
                          CONTENT="Krona"/>
                  <SP HEIGHT="244" WIDTH="30" VPOS="687" HPOS="4157"/>
                  <String HEIGHT="244"
                          WIDTH="334"
                          VPOS="687"
                          HPOS="4066"
                          CONTENT="stycket"/>
                  <SP HEIGHT="244" WIDTH="30" VPOS="687" HPOS="4400"/>
                  <String HEIGHT="244"
                          WIDTH="152"
                          VPOS="687"
                          HPOS="4278"
                          CONTENT="och"/>
               </TextLine>
               <TextLine ID="r2l11"
                         BASELINE="2498,956 3087,930 3676,909 4462,886"
                         HEIGHT="142"
                         WIDTH="1988"
                         VPOS="847"
                         HPOS="2486">
                  <String HEIGHT="142"
                          WIDTH="241"
                          VPOS="847"
                          HPOS="2456"
                          CONTENT="dels"/>
                  <SP HEIGHT="142" WIDTH="30" VPOS="847" HPOS="2697"/>
                  <String HEIGHT="142"
                          WIDTH="452"
                          VPOS="847"
                          HPOS="2606"
                          CONTENT="derpåföljde"/>
                  <SP HEIGHT="142" WIDTH="30" VPOS="847" HPOS="3058"/>
                  <String HEIGHT="142"
                          WIDTH="211"
                          VPOS="847"
                          HPOS="2968"
                          CONTENT="dag"/>
                  <SP HEIGHT="142" WIDTH="30" VPOS="847" HPOS="3179"/>
                  <String HEIGHT="142"
                          WIDTH="211"
                          VPOS="847"
                          HPOS="3088"
                          CONTENT="kl."/>
                  <SP HEIGHT="142" WIDTH="30" VPOS="847" HPOS="3299"/>
                  <String HEIGHT="142"
                          WIDTH="181"
                          VPOS="847"
                          HPOS="3209"
                          CONTENT="11"/>
                  <SP HEIGHT="142" WIDTH="30" VPOS="847" HPOS="3390"/>
                  <String HEIGHT="142"
                          WIDTH="181"
                          VPOS="847"
                          HPOS="3299"
                          CONTENT="på"/>
                  <SP HEIGHT="142" WIDTH="30" VPOS="847" HPOS="3480"/>
                  <String HEIGHT="142"
                          WIDTH="301"
                          VPOS="847"
                          HPOS="3390"
                          CONTENT="afton,"/>
                  <SP HEIGHT="142" WIDTH="30" VPOS="847" HPOS="3691"/>
                  <String HEIGHT="142"
                          WIDTH="271"
                          VPOS="847"
                          HPOS="3600"
                          CONTENT="genom"/>
                  <SP HEIGHT="142" WIDTH="30" VPOS="847" HPOS="3872"/>
                  <String HEIGHT="142"
                          WIDTH="211"
                          VPOS="847"
                          HPOS="3781"
                          CONTENT="att"/>
                  <SP HEIGHT="142" WIDTH="30" VPOS="847" HPOS="3992"/>
                  <String HEIGHT="142"
                          WIDTH="482"
                          VPOS="847"
                          HPOS="3902"
                          CONTENT="öfverklättra"/>
                  <SP HEIGHT="142" WIDTH="30" VPOS="847" HPOS="4384"/>
                  <String HEIGHT="142"
                          WIDTH="211"
                          VPOS="847"
                          HPOS="4263"
                          CONTENT="plan¬"
                          SUBS_TYPE="HypPart1"
                          SUBS_CONTENT="planket,"/>
                  <HYP CONTENT="-"/>
               </TextLine>
               <TextLine ID="r2l12"
                         BASELINE="2500,1074 2692,1060 2980,1046 3845,1022 4422,996"
                         HEIGHT="163"
                         WIDTH="1950"
                         VPOS="919"
                         HPOS="2486">
                  <String HEIGHT="163"
                          WIDTH="252"
                          VPOS="919"
                          HPOS="2455"
                          CONTENT="ket,"
                          SUBS_TYPE="HypPart2"
                          SUBS_CONTENT="planket,"/>
                  <SP HEIGHT="163" WIDTH="31" VPOS="919" HPOS="2706"/>
                  <String HEIGHT="163"
                          WIDTH="220"
                          VPOS="919"
                          HPOS="2612"
                          CONTENT="som"/>
                  <SP HEIGHT="163" WIDTH="31" VPOS="919" HPOS="2832"/>
                  <String HEIGHT="163"
                          WIDTH="346"
                          VPOS="919"
                          HPOS="2738"
                          CONTENT="omgåfve"/>
                  <SP HEIGHT="163" WIDTH="31" VPOS="919" HPOS="3084"/>
                  <String HEIGHT="163"
                          WIDTH="472"
                          VPOS="919"
                          HPOS="2989"
                          CONTENT="trädgården,"/>
                  <SP HEIGHT="163" WIDTH="31" VPOS="919" HPOS="3461"/>
                  <String HEIGHT="163"
                          WIDTH="315"
                          VPOS="919"
                          HPOS="3367"
                          CONTENT="ingått"/>
                  <SP HEIGHT="163" WIDTH="31" VPOS="919" HPOS="3681"/>
                  <String HEIGHT="163"
                          WIDTH="220"
                          VPOS="919"
                          HPOS="3587"
                          CONTENT="dit"/>
                  <SP HEIGHT="163" WIDTH="31" VPOS="919" HPOS="3807"/>
                  <String HEIGHT="163"
                          WIDTH="252"
                          VPOS="919"
                          HPOS="3713"
                          CONTENT="samt"/>
                  <SP HEIGHT="163" WIDTH="31" VPOS="919" HPOS="3964"/>
                  <String HEIGHT="163"
                          WIDTH="377"
                          VPOS="919"
                          HPOS="3870"
                          CONTENT="afbrutit"/>
                  <SP HEIGHT="163" WIDTH="31" VPOS="919" HPOS="4247"/>
                  <String HEIGHT="163"
                          WIDTH="220"
                          VPOS="919"
                          HPOS="4153"
                          CONTENT="och"/>
                  <SP HEIGHT="163" WIDTH="31" VPOS="919" HPOS="4373"/>
                  <String HEIGHT="163"
                          WIDTH="189"
                          VPOS="919"
                          HPOS="4247"
                          CONTENT="till"/>
               </TextLine>
               <TextLine ID="r2l13"
                         BASELINE="2500,1186 3292,1140 3820,1120"
                         HEIGHT="191"
                         WIDTH="1352"
                         VPOS="1044"
                         HPOS="2484">
                  <String HEIGHT="191"
                          WIDTH="322"
                          VPOS="1044"
                          HPOS="2452"
                          CONTENT="gripit"/>
                  <SP HEIGHT="191" WIDTH="32" VPOS="1044" HPOS="2774"/>
                  <String HEIGHT="191"
                          WIDTH="161"
                          VPOS="1044"
                          HPOS="2677"
                          CONTENT="4"/>
                  <SP HEIGHT="191" WIDTH="32" VPOS="1044" HPOS="2838"/>
                  <String HEIGHT="191"
                          WIDTH="418"
                          VPOS="1044"
                          HPOS="2742"
                          CONTENT="löfkojor,"/>
                  <SP HEIGHT="191" WIDTH="32" VPOS="1044" HPOS="3160"/>
                  <String HEIGHT="191"
                          WIDTH="290"
                          VPOS="1044"
                          HPOS="3063"
                          CONTENT="värde"/>
                  <SP HEIGHT="191" WIDTH="32" VPOS="1044" HPOS="3353"/>
                  <String HEIGHT="191"
                          WIDTH="193"
                          VPOS="1044"
                          HPOS="3257"
                          CONTENT="En"/>
                  <SP HEIGHT="191" WIDTH="32" VPOS="1044" HPOS="3450"/>
                  <String HEIGHT="191"
                          WIDTH="290"
                          VPOS="1044"
                          HPOS="3353"
                          CONTENT="Krona"/>
                  <SP HEIGHT="191" WIDTH="32" VPOS="1044" HPOS="3643"/>
                  <String HEIGHT="191"
                          WIDTH="322"
                          VPOS="1044"
                          HPOS="3514"
                          CONTENT="stycket."/>
               </TextLine>
               <TextLine ID="r2l14"
                         BASELINE="2652,1284 3092,1254 4061,1208 4414,1184"
                         HEIGHT="204"
                         WIDTH="1793"
                         VPOS="1085"
                         HPOS="2635">
                  <String HEIGHT="204"
                          WIDTH="655"
                          VPOS="1085"
                          HPOS="2601"
                          CONTENT="Poliskonstapeln"/>
                  <SP HEIGHT="204" WIDTH="34" VPOS="1085" HPOS="3256"/>
                  <String HEIGHT="204"
                          WIDTH="207"
                          VPOS="1085"
                          HPOS="3152"
                          CONTENT="No"/>
                  <SP HEIGHT="204" WIDTH="34" VPOS="1085" HPOS="3359"/>
                  <String HEIGHT="204"
                          WIDTH="241"
                          VPOS="1085"
                          HPOS="3256"
                          CONTENT="127"/>
                  <SP HEIGHT="204" WIDTH="34" VPOS="1085" HPOS="3497"/>
                  <String HEIGHT="204"
                          WIDTH="345"
                          VPOS="1085"
                          HPOS="3394"
                          CONTENT="Lundin"/>
                  <SP HEIGHT="204" WIDTH="34" VPOS="1085" HPOS="3738"/>
                  <String HEIGHT="204"
                          WIDTH="241"
                          VPOS="1085"
                          HPOS="3635"
                          CONTENT="har"/>
                  <SP HEIGHT="204" WIDTH="34" VPOS="1085" HPOS="3876"/>
                  <String HEIGHT="204"
                          WIDTH="414"
                          VPOS="1085"
                          HPOS="3773"
                          CONTENT="Lördagen"/>
                  <SP HEIGHT="204" WIDTH="34" VPOS="1085" HPOS="4187"/>
                  <String HEIGHT="204"
                          WIDTH="241"
                          VPOS="1085"
                          HPOS="4083"
                          CONTENT="den"/>
                  <SP HEIGHT="204" WIDTH="34" VPOS="1085" HPOS="4325"/>
                  <String HEIGHT="204"
                          WIDTH="207"
                          VPOS="1085"
                          HPOS="4221"
                          CONTENT="26"/>
                  <SP HEIGHT="204" WIDTH="34" VPOS="1085" HPOS="4428"/>
                  <String HEIGHT="204"
                          WIDTH="138"
                          VPOS="1085"
                          HPOS="4290"
                          CONTENT="ds"/>
               </TextLine>
               <TextLine ID="r2l15"
                         BASELINE="2510,1390 2700,1382 3840,1317 4410,1294"
                         HEIGHT="203"
                         WIDTH="1930"
                         VPOS="1203"
                         HPOS="2494">
                  <String HEIGHT="203"
                          WIDTH="184"
                          VPOS="1203"
                          HPOS="2463"
                          CONTENT="kl"/>
                  <SP HEIGHT="203" WIDTH="31" VPOS="1203" HPOS="2647"/>
                  <String HEIGHT="203"
                          WIDTH="214"
                          VPOS="1203"
                          HPOS="2555"
                          CONTENT="1/4"/>
                  <SP HEIGHT="203" WIDTH="31" VPOS="1203" HPOS="2770"/>
                  <String HEIGHT="203"
                          WIDTH="184"
                          VPOS="1203"
                          HPOS="2678"
                          CONTENT="10"/>
                  <SP HEIGHT="203" WIDTH="31" VPOS="1203" HPOS="2862"/>
                  <String HEIGHT="203"
                          WIDTH="245"
                          VPOS="1203"
                          HPOS="2770"
                          CONTENT="e.m."/>
                  <SP HEIGHT="203" WIDTH="31" VPOS="1203" HPOS="3015"/>
                  <String HEIGHT="203"
                          WIDTH="245"
                          VPOS="1203"
                          HPOS="2923"
                          CONTENT="till"/>
                  <SP HEIGHT="203" WIDTH="31" VPOS="1203" HPOS="3168"/>
                  <String HEIGHT="203"
                          WIDTH="306"
                          VPOS="1203"
                          HPOS="3076"
                          CONTENT="fjerde"/>
                  <SP HEIGHT="203" WIDTH="31" VPOS="1203" HPOS="3382"/>
                  <String HEIGHT="203"
                          WIDTH="460"
                          VPOS="1203"
                          HPOS="3291"
                          CONTENT="distriktets"/>
                  <SP HEIGHT="203" WIDTH="31" VPOS="1203" HPOS="3750"/>
                  <String HEIGHT="203"
                          WIDTH="429"
                          VPOS="1203"
                          HPOS="3658"
                          CONTENT="Vaktkontor"/>
                  <SP HEIGHT="203" WIDTH="31" VPOS="1203" HPOS="4087"/>
                  <String HEIGHT="203"
                          WIDTH="306"
                          VPOS="1203"
                          HPOS="3995"
                          CONTENT="infört"/>
                  <SP HEIGHT="203" WIDTH="31" VPOS="1203" HPOS="4301"/>
                  <String HEIGHT="203"
                          WIDTH="245"
                          VPOS="1203"
                          HPOS="4179"
                          CONTENT="ofvan¬"
                          SUBS_TYPE="HypPart1"
                          SUBS_CONTENT="ofvannämnde"/>
                  <HYP CONTENT="-"/>
               </TextLine>
               <TextLine ID="r2l16"
                         BASELINE="2504,1500 2990,1465 3476,1438 3962,1417 4448,1404"
                         HEIGHT="218"
                         WIDTH="1970"
                         VPOS="1304"
                         HPOS="2490">
                  <String HEIGHT="218"
                          WIDTH="334"
                          VPOS="1304"
                          HPOS="2457"
                          CONTENT="nämnde"
                          SUBS_TYPE="HypPart2"
                          SUBS_CONTENT="ofvannämnde"/>
                  <SP HEIGHT="218" WIDTH="33" VPOS="1304" HPOS="2791"/>
                  <String HEIGHT="218"
                          WIDTH="267"
                          VPOS="1304"
                          HPOS="2690"
                          CONTENT="Carl"/>
                  <SP HEIGHT="218" WIDTH="33" VPOS="1304" HPOS="2957"/>
                  <String HEIGHT="218"
                          WIDTH="334"
                          VPOS="1304"
                          HPOS="2857"
                          CONTENT="August"/>
                  <SP HEIGHT="218" WIDTH="33" VPOS="1304" HPOS="3191"/>
                  <String HEIGHT="218"
                          WIDTH="467"
                          VPOS="1304"
                          HPOS="3091"
                          CONTENT="Andersson,"/>
                  <SP HEIGHT="218" WIDTH="33" VPOS="1304" HPOS="3558"/>
                  <String HEIGHT="218"
                          WIDTH="367"
                          VPOS="1304"
                          HPOS="3458"
                          CONTENT="hvilken"/>
                  <SP HEIGHT="218" WIDTH="33" VPOS="1304" HPOS="3826"/>
                  <String HEIGHT="218"
                          WIDTH="267"
                          VPOS="1304"
                          HPOS="3725"
                          CONTENT="kort"/>
                  <SP HEIGHT="218" WIDTH="33" VPOS="1304" HPOS="3993"/>
                  <String HEIGHT="218"
                          WIDTH="301"
                          VPOS="1304"
                          HPOS="3892"
                          CONTENT="förut"/>
                  <SP HEIGHT="218" WIDTH="33" VPOS="1304" HPOS="4193"/>
                  <String HEIGHT="218"
                          WIDTH="401"
                          VPOS="1304"
                          HPOS="4059"
                          CONTENT="anträffats"/>
               </TextLine>
               <TextLine ID="r2l17"
                         BASELINE="2508,1608 2798,1583 3283,1552 4446,1504"
                         HEIGHT="218"
                         WIDTH="1968"
                         VPOS="1422"
                         HPOS="2493">
                  <String HEIGHT="218"
                          WIDTH="159"
                          VPOS="1422"
                          HPOS="2461"
                          CONTENT="å"/>
                  <SP HEIGHT="218" WIDTH="32" VPOS="1422" HPOS="2620"/>
                  <String HEIGHT="218"
                          WIDTH="413"
                          VPOS="1422"
                          HPOS="2525"
                          CONTENT="Banegatan"/>
                  <SP HEIGHT="218" WIDTH="32" VPOS="1422" HPOS="2937"/>
                  <String HEIGHT="218"
                          WIDTH="190"
                          VPOS="1422"
                          HPOS="2842"
                          CONTENT="af"/>
                  <SP HEIGHT="218" WIDTH="32" VPOS="1422" HPOS="3033"/>
                  <String HEIGHT="218"
                          WIDTH="317"
                          VPOS="1422"
                          HPOS="2937"
                          CONTENT="starka"/>
                  <SP HEIGHT="218" WIDTH="32" VPOS="1422" HPOS="3255"/>
                  <String HEIGHT="218"
                          WIDTH="349"
                          VPOS="1422"
                          HPOS="3160"
                          CONTENT="drycker"/>
                  <SP HEIGHT="218" WIDTH="32" VPOS="1422" HPOS="3509"/>
                  <String HEIGHT="218"
                          WIDTH="381"
                          VPOS="1422"
                          HPOS="3414"
                          CONTENT="berusad;"/>
                  <SP HEIGHT="218" WIDTH="32" VPOS="1422" HPOS="3794"/>
                  <String HEIGHT="218"
                          WIDTH="222"
                          VPOS="1422"
                          HPOS="3699"
                          CONTENT="och"/>
                  <SP HEIGHT="218" WIDTH="32" VPOS="1422" HPOS="3921"/>
                  <String HEIGHT="218"
                          WIDTH="222"
                          VPOS="1422"
                          HPOS="3826"
                          CONTENT="har"/>
                  <SP HEIGHT="218" WIDTH="32" VPOS="1422" HPOS="4048"/>
                  <String HEIGHT="218"
                          WIDTH="444"
                          VPOS="1422"
                          HPOS="3953"
                          CONTENT="Andersson,"/>
                  <SP HEIGHT="218" WIDTH="32" VPOS="1422" HPOS="4398"/>
                  <String HEIGHT="218"
                          WIDTH="190"
                          VPOS="1422"
                          HPOS="4271"
                          CONTENT="hörd"/>
               </TextLine>
               <TextLine ID="r2l18"
                         BASELINE="2506,1712 3474,1652 4442,1612"
                         HEIGHT="251"
                         WIDTH="1965"
                         VPOS="1530"
                         HPOS="2490">
                  <String HEIGHT="251"
                          WIDTH="400"
                          VPOS="1530"
                          HPOS="2457"
                          CONTENT="angående"/>
                  <SP HEIGHT="251" WIDTH="33" VPOS="1530" HPOS="2856"/>
                  <String HEIGHT="251"
                          WIDTH="333"
                          VPOS="1530"
                          HPOS="2756"
                          CONTENT="Öbergs"/>
                  <SP HEIGHT="251" WIDTH="33" VPOS="1530" HPOS="3089"/>
                  <String HEIGHT="251"
                          WIDTH="366"
                          VPOS="1530"
                          HPOS="2990"
                          CONTENT="anmälan"/>
                  <SP HEIGHT="251" WIDTH="33" VPOS="1530" HPOS="3356"/>
                  <String HEIGHT="251"
                          WIDTH="400"
                          VPOS="1530"
                          HPOS="3256"
                          CONTENT="vidgått,"/>
                  <SP HEIGHT="251" WIDTH="33" VPOS="1530" HPOS="3656"/>
                  <String HEIGHT="251"
                          WIDTH="233"
                          VPOS="1530"
                          HPOS="3556"
                          CONTENT="att"/>
                  <SP HEIGHT="251" WIDTH="33" VPOS="1530" HPOS="3789"/>
                  <String HEIGHT="251"
                          WIDTH="266"
                          VPOS="1530"
                          HPOS="3689"
                          CONTENT="han,"/>
                  <SP HEIGHT="251" WIDTH="33" VPOS="1530" HPOS="3955"/>
                  <String HEIGHT="251"
                          WIDTH="200"
                          VPOS="1530"
                          HPOS="3856"
                          CONTENT="på"/>
                  <SP HEIGHT="251" WIDTH="33" VPOS="1530" HPOS="4055"/>
                  <String HEIGHT="251"
                          WIDTH="266"
                          VPOS="1530"
                          HPOS="3955"
                          CONTENT="sätt"/>
                  <SP HEIGHT="251" WIDTH="33" VPOS="1530" HPOS="4222"/>
                  <String HEIGHT="251"
                          WIDTH="300"
                          VPOS="1530"
                          HPOS="4122"
                          CONTENT="denne"/>
                  <SP HEIGHT="251" WIDTH="33" VPOS="1530" HPOS="4422"/>
                  <String HEIGHT="251"
                          WIDTH="167"
                          VPOS="1530"
                          HPOS="4288"
                          CONTENT="an¬"
                          SUBS_TYPE="HypPart1"
                          SUBS_CONTENT="anmält,"/>
                  <HYP CONTENT="-"/>
               </TextLine>
               <TextLine ID="r2l19"
                         BASELINE="2512,1834 2991,1792 4428,1712"
                         HEIGHT="260"
                         WIDTH="1941"
                         VPOS="1626"
                         HPOS="2498">
                  <String HEIGHT="260"
                          WIDTH="330"
                          VPOS="1626"
                          HPOS="2461"
                          CONTENT="mält,"
                          SUBS_TYPE="HypPart2"
                          SUBS_CONTENT="anmält,"/>
                  <SP HEIGHT="260" WIDTH="37" VPOS="1626" HPOS="2791"/>
                  <String HEIGHT="260"
                          WIDTH="256"
                          VPOS="1626"
                          HPOS="2681"
                          CONTENT="den"/>
                  <SP HEIGHT="260" WIDTH="37" VPOS="1626" HPOS="2937"/>
                  <String HEIGHT="260"
                          WIDTH="220"
                          VPOS="1626"
                          HPOS="2828"
                          CONTENT="24"/>
                  <SP HEIGHT="260" WIDTH="37" VPOS="1626" HPOS="3047"/>
                  <String HEIGHT="260"
                          WIDTH="183"
                          VPOS="1626"
                          HPOS="2937"
                          CONTENT="i"/>
                  <SP HEIGHT="260" WIDTH="37" VPOS="1626" HPOS="3121"/>
                  <String HEIGHT="260"
                          WIDTH="330"
                          VPOS="1626"
                          HPOS="3011"
                          CONTENT="denna"/>
                  <SP HEIGHT="260" WIDTH="37" VPOS="1626" HPOS="3340"/>
                  <String HEIGHT="260"
                          WIDTH="330"
                          VPOS="1626"
                          HPOS="3230"
                          CONTENT="månad"/>
                  <SP HEIGHT="260" WIDTH="37" VPOS="1626" HPOS="3560"/>
                  <String HEIGHT="260"
                          WIDTH="183"
                          VPOS="1626"
                          HPOS="3450"
                          CONTENT="i"/>
                  <SP HEIGHT="260" WIDTH="37" VPOS="1626" HPOS="3633"/>
                  <String HEIGHT="260"
                          WIDTH="366"
                          VPOS="1626"
                          HPOS="3523"
                          CONTENT="Öbergs"/>
                  <SP HEIGHT="260" WIDTH="37" VPOS="1626" HPOS="3890"/>
                  <String HEIGHT="260"
                          WIDTH="439"
                          VPOS="1626"
                          HPOS="3780"
                          CONTENT="trädgård"/>
                  <SP HEIGHT="260" WIDTH="37" VPOS="1626" HPOS="4219"/>
                  <String HEIGHT="260"
                          WIDTH="366"
                          VPOS="1626"
                          HPOS="4073"
                          CONTENT="åtbrutit"/>
               </TextLine>
               <TextLine ID="r2l20"
                         BASELINE="2504,1948 2697,1930 3277,1886 4438,1820"
                         HEIGHT="278"
                         WIDTH="1964"
                         VPOS="1736"
                         HPOS="2490">
                  <String HEIGHT="278"
                          WIDTH="229"
                          VPOS="1736"
                          HPOS="2457"
                          CONTENT="och"/>
                  <SP HEIGHT="278" WIDTH="33" VPOS="1736" HPOS="2686"/>
                  <String HEIGHT="278"
                          WIDTH="458"
                          VPOS="1736"
                          HPOS="2588"
                          CONTENT="tillgripit"/>
                  <SP HEIGHT="278" WIDTH="33" VPOS="1736" HPOS="3046"/>
                  <String HEIGHT="278"
                          WIDTH="196"
                          VPOS="1736"
                          HPOS="2948"
                          CONTENT="en"/>
                  <SP HEIGHT="278" WIDTH="33" VPOS="1736" HPOS="3145"/>
                  <String HEIGHT="278"
                          WIDTH="393"
                          VPOS="1736"
                          HPOS="3046"
                          CONTENT="löfkoja;"/>
                  <SP HEIGHT="278" WIDTH="33" VPOS="1736" HPOS="3439"/>
                  <String HEIGHT="278"
                          WIDTH="229"
                          VPOS="1736"
                          HPOS="3341"
                          CONTENT="att"/>
                  <SP HEIGHT="278" WIDTH="33" VPOS="1736" HPOS="3570"/>
                  <String HEIGHT="278"
                          WIDTH="229"
                          VPOS="1736"
                          HPOS="3472"
                          CONTENT="han"/>
                  <SP HEIGHT="278" WIDTH="33" VPOS="1736" HPOS="3701"/>
                  <String HEIGHT="278"
                          WIDTH="229"
                          VPOS="1736"
                          HPOS="3603"
                          CONTENT="den"/>
                  <SP HEIGHT="278" WIDTH="33" VPOS="1736" HPOS="3832"/>
                  <String HEIGHT="278"
                          WIDTH="196"
                          VPOS="1736"
                          HPOS="3734"
                          CONTENT="25"/>
                  <SP HEIGHT="278" WIDTH="33" VPOS="1736" HPOS="3930"/>
                  <String HEIGHT="278"
                          WIDTH="327"
                          VPOS="1736"
                          HPOS="3832"
                          CONTENT="dennes"/>
                  <SP HEIGHT="278" WIDTH="33" VPOS="1736" HPOS="4159"/>
                  <String HEIGHT="278"
                          WIDTH="196"
                          VPOS="1736"
                          HPOS="4061"
                          CONTENT="på"/>
                  <SP HEIGHT="278" WIDTH="33" VPOS="1736" HPOS="4258"/>
                  <String HEIGHT="278"
                          WIDTH="327"
                          VPOS="1736"
                          HPOS="4127"
                          CONTENT="aftonen,"/>
               </TextLine>
               <TextLine ID="r2l21"
                         BASELINE="2520,2060 3654,1976 4126,1948 4410,1936"
                         HEIGHT="250"
                         WIDTH="1922"
                         VPOS="1879"
                         HPOS="2503">
                  <String HEIGHT="250"
                          WIDTH="186"
                          VPOS="1879"
                          HPOS="2472"
                          CONTENT="då"/>
                  <SP HEIGHT="250" WIDTH="31" VPOS="1879" HPOS="2658"/>
                  <String HEIGHT="250"
                          WIDTH="217"
                          VPOS="1879"
                          HPOS="2565"
                          CONTENT="han"/>
                  <SP HEIGHT="250" WIDTH="31" VPOS="1879" HPOS="2782"/>
                  <String HEIGHT="250"
                          WIDTH="248"
                          VPOS="1879"
                          HPOS="2689"
                          CONTENT="gått"/>
                  <SP HEIGHT="250" WIDTH="31" VPOS="1879" HPOS="2937"/>
                  <String HEIGHT="250"
                          WIDTH="279"
                          VPOS="1879"
                          HPOS="2844"
                          CONTENT="förbi"/>
                  <SP HEIGHT="250" WIDTH="31" VPOS="1879" HPOS="3123"/>
                  <String HEIGHT="250"
                          WIDTH="465"
                          VPOS="1879"
                          HPOS="3030"
                          CONTENT="trädgården,"/>
                  <SP HEIGHT="250" WIDTH="31" VPOS="1879" HPOS="3495"/>
                  <String HEIGHT="250"
                          WIDTH="279"
                          VPOS="1879"
                          HPOS="3402"
                          CONTENT="hvari"/>
                  <SP HEIGHT="250" WIDTH="31" VPOS="1879" HPOS="3681"/>
                  <String HEIGHT="250"
                          WIDTH="310"
                          VPOS="1879"
                          HPOS="3588"
                          CONTENT="Öbergs"/>
                  <SP HEIGHT="250" WIDTH="31" VPOS="1879" HPOS="3898"/>
                  <String HEIGHT="250"
                          WIDTH="310"
                          VPOS="1879"
                          HPOS="3805"
                          CONTENT="dotter"/>
                  <SP HEIGHT="250" WIDTH="31" VPOS="1879" HPOS="4115"/>
                  <String HEIGHT="250"
                          WIDTH="279"
                          VPOS="1879"
                          HPOS="4022"
                          CONTENT="Clara"/>
                  <SP HEIGHT="250" WIDTH="31" VPOS="1879" HPOS="4301"/>
                  <String HEIGHT="250"
                          WIDTH="186"
                          VPOS="1879"
                          HPOS="4208"
                          CONTENT="då"/>
                  <SP HEIGHT="250" WIDTH="31" VPOS="1879" HPOS="4394"/>
                  <String HEIGHT="250"
                          WIDTH="155"
                          VPOS="1879"
                          HPOS="4270"
                          CONTENT="up¬"
                          SUBS_TYPE="HypPart1"
                          SUBS_CONTENT="uppehållit"/>
                  <HYP CONTENT="-"/>
               </TextLine>
               <TextLine ID="r2l22"
                         BASELINE="2510,2176 3179,2121 3561,2094 3944,2070 4422,2046"
                         HEIGHT="241"
                         WIDTH="1945"
                         VPOS="1969"
                         HPOS="2494">
                  <String HEIGHT="241"
                          WIDTH="417"
                          VPOS="1969"
                          HPOS="2459"
                          CONTENT="pehållit"
                          SUBS_TYPE="HypPart2"
                          SUBS_CONTENT="uppehållit"/>
                  <SP HEIGHT="241" WIDTH="35" VPOS="1969" HPOS="2876"/>
                  <String HEIGHT="241"
                          WIDTH="278"
                          VPOS="1969"
                          HPOS="2772"
                          CONTENT="sig,"/>
                  <SP HEIGHT="241" WIDTH="35" VPOS="1969" HPOS="3050"/>
                  <String HEIGHT="241"
                          WIDTH="208"
                          VPOS="1969"
                          HPOS="2946"
                          CONTENT="af"/>
                  <SP HEIGHT="241" WIDTH="35" VPOS="1969" HPOS="3154"/>
                  <String HEIGHT="241"
                          WIDTH="313"
                          VPOS="1969"
                          HPOS="3050"
                          CONTENT="denna"/>
                  <SP HEIGHT="241" WIDTH="35" VPOS="1969" HPOS="3362"/>
                  <String HEIGHT="241"
                          WIDTH="347"
                          VPOS="1969"
                          HPOS="3258"
                          CONTENT="begärt"/>
                  <SP HEIGHT="241" WIDTH="35" VPOS="1969" HPOS="3605"/>
                  <String HEIGHT="241"
                          WIDTH="313"
                          VPOS="1969"
                          HPOS="3501"
                          CONTENT="några"/>
                  <SP HEIGHT="241" WIDTH="35" VPOS="1969" HPOS="3814"/>
                  <String HEIGHT="241"
                          WIDTH="417"
                          VPOS="1969"
                          HPOS="3710"
                          CONTENT="blommor;"/>
                  <SP HEIGHT="241" WIDTH="35" VPOS="1969" HPOS="4126"/>
                  <String HEIGHT="241"
                          WIDTH="278"
                          VPOS="1969"
                          HPOS="4022"
                          CONTENT="att,"/>
                  <SP HEIGHT="241" WIDTH="35" VPOS="1969" HPOS="4300"/>
                  <String HEIGHT="241"
                          WIDTH="208"
                          VPOS="1969"
                          HPOS="4196"
                          CONTENT="då"/>
                  <SP HEIGHT="241" WIDTH="35" VPOS="1969" HPOS="4404"/>
                  <String HEIGHT="241"
                          WIDTH="174"
                          VPOS="1969"
                          HPOS="4265"
                          CONTENT="hon"/>
               </TextLine>
               <TextLine ID="r2l23"
                         BASELINE="2514,2286 3262,2222 3636,2197 4384,2156"
                         HEIGHT="216"
                         WIDTH="1898"
                         VPOS="2094"
                         HPOS="2499">
                  <String HEIGHT="216"
                          WIDTH="339"
                          VPOS="2094"
                          HPOS="2465"
                          CONTENT="endast"/>
                  <SP HEIGHT="216" WIDTH="34" VPOS="2094" HPOS="2804"/>
                  <String HEIGHT="216"
                          WIDTH="339"
                          VPOS="2094"
                          HPOS="2702"
                          CONTENT="gifvit"/>
                  <SP HEIGHT="216" WIDTH="34" VPOS="2094" HPOS="3041"/>
                  <String HEIGHT="216"
                          WIDTH="305"
                          VPOS="2094"
                          HPOS="2940"
                          CONTENT="honom"/>
                  <SP HEIGHT="216" WIDTH="34" VPOS="2094" HPOS="3245"/>
                  <String HEIGHT="216"
                          WIDTH="305"
                          VPOS="2094"
                          HPOS="3143"
                          CONTENT="några"/>
                  <SP HEIGHT="216" WIDTH="34" VPOS="2094" HPOS="3448"/>
                  <String HEIGHT="216"
                          WIDTH="508"
                          VPOS="2094"
                          HPOS="3346"
                          CONTENT="nattvioler,"/>
                  <SP HEIGHT="216" WIDTH="34" VPOS="2094" HPOS="3855"/>
                  <String HEIGHT="216"
                          WIDTH="237"
                          VPOS="2094"
                          HPOS="3753"
                          CONTENT="men"/>
                  <SP HEIGHT="216" WIDTH="34" VPOS="2094" HPOS="3990"/>
                  <String HEIGHT="216"
                          WIDTH="237"
                          VPOS="2094"
                          HPOS="3889"
                          CONTENT="han"/>
                  <SP HEIGHT="216" WIDTH="34" VPOS="2094" HPOS="4126"/>
                  <String HEIGHT="216"
                          WIDTH="339"
                          VPOS="2094"
                          HPOS="4024"
                          CONTENT="onskat"/>
                  <SP HEIGHT="216" WIDTH="34" VPOS="2094" HPOS="4363"/>
                  <String HEIGHT="216"
                          WIDTH="169"
                          VPOS="2094"
                          HPOS="4228"
                          CONTENT="er¬"
                          SUBS_TYPE="HypPart1"
                          SUBS_CONTENT="erhålla"/>
                  <HYP CONTENT="-"/>
               </TextLine>
               <TextLine ID="r2l24"
                         BASELINE="2504,2394 2971,2352 3532,2310 4374,2258"
                         HEIGHT="196"
                         WIDTH="1899"
                         VPOS="2212"
                         HPOS="2488">
                  <String HEIGHT="196"
                          WIDTH="295"
                          VPOS="2212"
                          HPOS="2455"
                          CONTENT="hålla"
                          SUBS_TYPE="HypPart2"
                          SUBS_CONTENT="erhålla"/>
                  <SP HEIGHT="196" WIDTH="33" VPOS="2212" HPOS="2750"/>
                  <String HEIGHT="196"
                          WIDTH="426"
                          VPOS="2212"
                          HPOS="2652"
                          CONTENT="löfkojor,"/>
                  <SP HEIGHT="196" WIDTH="33" VPOS="2212" HPOS="3077"/>
                  <String HEIGHT="196"
                          WIDTH="229"
                          VPOS="2212"
                          HPOS="2979"
                          CONTENT="han"/>
                  <SP HEIGHT="196" WIDTH="33" VPOS="2212" HPOS="3208"/>
                  <String HEIGHT="196"
                          WIDTH="229"
                          VPOS="2212"
                          HPOS="3110"
                          CONTENT="för"/>
                  <SP HEIGHT="196" WIDTH="33" VPOS="2212" HPOS="3339"/>
                  <String HEIGHT="196"
                          WIDTH="229"
                          VPOS="2212"
                          HPOS="3241"
                          CONTENT="att"/>
                  <SP HEIGHT="196" WIDTH="33" VPOS="2212" HPOS="3470"/>
                  <String HEIGHT="196"
                          WIDTH="426"
                          VPOS="2212"
                          HPOS="3372"
                          CONTENT="förskaffa"/>
                  <SP HEIGHT="196" WIDTH="33" VPOS="2212" HPOS="3798"/>
                  <String HEIGHT="196"
                          WIDTH="229"
                          VPOS="2212"
                          HPOS="3699"
                          CONTENT="sig"/>
                  <SP HEIGHT="196" WIDTH="33" VPOS="2212" HPOS="3929"/>
                  <String HEIGHT="196"
                          WIDTH="360"
                          VPOS="2212"
                          HPOS="3830"
                          CONTENT="sådane,"/>
                  <SP HEIGHT="196" WIDTH="33" VPOS="2212" HPOS="4191"/>
                  <String HEIGHT="196"
                          WIDTH="164"
                          VPOS="2212"
                          HPOS="4092"
                          CONTENT="i"/>
                  <SP HEIGHT="196" WIDTH="33" VPOS="2212" HPOS="4256"/>
                  <String HEIGHT="196"
                          WIDTH="262"
                          VPOS="2212"
                          HPOS="4125"
                          CONTENT="hennes"/>
               </TextLine>
               <TextLine ID="r2l25"
                         BASELINE="2516,2506 3183,2450 4136,2391 4422,2370"
                         HEIGHT="261"
                         WIDTH="1934"
                         VPOS="2273"
                         HPOS="2503">
                  <String HEIGHT="261"
                          WIDTH="355"
                          VPOS="2273"
                          HPOS="2471"
                          CONTENT="närvaro"/>
                  <SP HEIGHT="261" WIDTH="32" VPOS="2273" HPOS="2825"/>
                  <String HEIGHT="261"
                          WIDTH="387"
                          VPOS="2273"
                          HPOS="2729"
                          CONTENT="klättrat"/>
                  <SP HEIGHT="261" WIDTH="32" VPOS="2273" HPOS="3115"/>
                  <String HEIGHT="261"
                          WIDTH="290"
                          VPOS="2273"
                          HPOS="3019"
                          CONTENT="öfver"/>
                  <SP HEIGHT="261" WIDTH="32" VPOS="2273" HPOS="3309"/>
                  <String HEIGHT="261"
                          WIDTH="355"
                          VPOS="2273"
                          HPOS="3212"
                          CONTENT="planket"/>
                  <SP HEIGHT="261" WIDTH="32" VPOS="2273" HPOS="3567"/>
                  <String HEIGHT="261"
                          WIDTH="226"
                          VPOS="2273"
                          HPOS="3470"
                          CONTENT="och"/>
                  <SP HEIGHT="261" WIDTH="32" VPOS="2273" HPOS="3696"/>
                  <String HEIGHT="261"
                          WIDTH="290"
                          VPOS="2273"
                          HPOS="3599"
                          CONTENT="tagit"/>
                  <SP HEIGHT="261" WIDTH="32" VPOS="2273" HPOS="3889"/>
                  <String HEIGHT="261"
                          WIDTH="226"
                          VPOS="2273"
                          HPOS="3792"
                          CONTENT="tre"/>
                  <SP HEIGHT="261" WIDTH="32" VPOS="2273" HPOS="4018"/>
                  <String HEIGHT="261"
                          WIDTH="419"
                          VPOS="2273"
                          HPOS="3921"
                          CONTENT="löfkojor,"/>
                  <SP HEIGHT="261" WIDTH="32" VPOS="2273" HPOS="4340"/>
                  <String HEIGHT="261"
                          WIDTH="226"
                          VPOS="2273"
                          HPOS="4211"
                          CONTENT="hvar¬"
                          SUBS_TYPE="HypPart1"
                          SUBS_CONTENT="hvarefter"/>
                  <HYP CONTENT="-"/>
               </TextLine>
               <TextLine ID="r2l26"
                         BASELINE="2512,2620 2730,2597 3059,2574 3332,2559 3606,2538"
                         HEIGHT="232"
                         WIDTH="1116"
                         VPOS="2451"
                         HPOS="2497">
                  <String HEIGHT="232"
                          WIDTH="295"
                          VPOS="2451"
                          HPOS="2464"
                          CONTENT="efter"
                          SUBS_TYPE="HypPart2"
                          SUBS_CONTENT="hvarefter"/>
                  <SP HEIGHT="232" WIDTH="33" VPOS="2451" HPOS="2760"/>
                  <String HEIGHT="232"
                          WIDTH="230"
                          VPOS="2451"
                          HPOS="2661"
                          CONTENT="han"/>
                  <SP HEIGHT="232" WIDTH="33" VPOS="2451" HPOS="2891"/>
                  <String HEIGHT="232"
                          WIDTH="427"
                          VPOS="2451"
                          HPOS="2792"
                          CONTENT="återvändt"/>
                  <SP HEIGHT="232" WIDTH="33" VPOS="2451" HPOS="3219"/>
                  <String HEIGHT="232"
                          WIDTH="295"
                          VPOS="2451"
                          HPOS="3121"
                          CONTENT="öfver"/>
                  <SP HEIGHT="232" WIDTH="33" VPOS="2451" HPOS="3416"/>
                  <String HEIGHT="232"
                          WIDTH="328"
                          VPOS="2451"
                          HPOS="3285"
                          CONTENT="planket."/>
               </TextLine>
               <TextLine ID="r2l27"
                         BASELINE="2686,2698 3032,2686 3898,2640 4418,2620"
                         HEIGHT="231"
                         WIDTH="1760"
                         VPOS="2533"
                         HPOS="2670">
                  <String HEIGHT="231"
                          WIDTH="711"
                          VPOS="2533"
                          HPOS="2636"
                          CONTENT="Trädgårdsmästaren"/>
                  <SP HEIGHT="231" WIDTH="34" VPOS="2533" HPOS="3347"/>
                  <String HEIGHT="231"
                          WIDTH="305"
                          VPOS="2533"
                          HPOS="3245"
                          CONTENT="Öberg"/>
                  <SP HEIGHT="231" WIDTH="34" VPOS="2533" HPOS="3550"/>
                  <String HEIGHT="231"
                          WIDTH="237"
                          VPOS="2533"
                          HPOS="3448"
                          CONTENT="har"/>
                  <SP HEIGHT="231" WIDTH="34" VPOS="2533" HPOS="3685"/>
                  <String HEIGHT="231"
                          WIDTH="440"
                          VPOS="2533"
                          HPOS="3584"
                          CONTENT="vitsordat"/>
                  <SP HEIGHT="231" WIDTH="34" VPOS="2533" HPOS="4024"/>
                  <String HEIGHT="231"
                          WIDTH="474"
                          VPOS="2533"
                          HPOS="3922"
                          CONTENT="Anderssons"/>
                  <SP HEIGHT="231" WIDTH="34" VPOS="2533" HPOS="4396"/>
                  <String HEIGHT="231"
                          WIDTH="169"
                          VPOS="2533"
                          HPOS="4261"
                          CONTENT="be¬"
                          SUBS_TYPE="HypPart1"
                          SUBS_CONTENT="berättelse"/>
                  <HYP CONTENT="-"/>
               </TextLine>
               <TextLine ID="r2l28"
                         BASELINE="2520,2824 2902,2800 3859,2755 4242,2726 4434,2706"
                         HEIGHT="223"
                         WIDTH="1938"
                         VPOS="2642"
                         HPOS="2506">
                  <String HEIGHT="223"
                          WIDTH="394"
                          VPOS="2642"
                          HPOS="2473"
                          CONTENT="rättelse"
                          SUBS_TYPE="HypPart2"
                          SUBS_CONTENT="berättelse"/>
                  <SP HEIGHT="223" WIDTH="33" VPOS="2642" HPOS="2867"/>
                  <String HEIGHT="223"
                          WIDTH="328"
                          VPOS="2642"
                          HPOS="2769"
                          CONTENT="derom,"/>
                  <SP HEIGHT="223" WIDTH="33" VPOS="2642" HPOS="3097"/>
                  <String HEIGHT="223"
                          WIDTH="230"
                          VPOS="2642"
                          HPOS="2999"
                          CONTENT="att"/>
                  <SP HEIGHT="223" WIDTH="33" VPOS="2642" HPOS="3229"/>
                  <String HEIGHT="223"
                          WIDTH="230"
                          VPOS="2642"
                          HPOS="3130"
                          CONTENT="han"/>
                  <SP HEIGHT="223" WIDTH="33" VPOS="2642" HPOS="3360"/>
                  <String HEIGHT="223"
                          WIDTH="230"
                          VPOS="2642"
                          HPOS="3261"
                          CONTENT="den"/>
                  <SP HEIGHT="223" WIDTH="33" VPOS="2642" HPOS="3491"/>
                  <String HEIGHT="223"
                          WIDTH="197"
                          VPOS="2642"
                          HPOS="3393"
                          CONTENT="25"/>
                  <SP HEIGHT="223" WIDTH="33" VPOS="2642" HPOS="3590"/>
                  <String HEIGHT="223"
                          WIDTH="328"
                          VPOS="2642"
                          HPOS="3491"
                          CONTENT="dennes"/>
                  <SP HEIGHT="223" WIDTH="33" VPOS="2642" HPOS="3820"/>
                  <String HEIGHT="223"
                          WIDTH="197"
                          VPOS="2642"
                          HPOS="3721"
                          CONTENT="af"/>
                  <SP HEIGHT="223" WIDTH="33" VPOS="2642" HPOS="3918"/>
                  <String HEIGHT="223"
                          WIDTH="328"
                          VPOS="2642"
                          HPOS="3820"
                          CONTENT="Öbergs"/>
                  <SP HEIGHT="223" WIDTH="33" VPOS="2642" HPOS="4148"/>
                  <String HEIGHT="223"
                          WIDTH="328"
                          VPOS="2642"
                          HPOS="4050"
                          CONTENT="dotter"/>
                  <SP HEIGHT="223" WIDTH="33" VPOS="2642" HPOS="4378"/>
                  <String HEIGHT="223"
                          WIDTH="197"
                          VPOS="2642"
                          HPOS="4247"
                          CONTENT="Cla¬"
                          SUBS_TYPE="HypPart1"
                          SUBS_CONTENT="Clara"/>
                  <HYP CONTENT="-"/>
               </TextLine>
               <TextLine ID="r2l29"
                         BASELINE="2512,2936 2777,2904 2936,2891 3096,2881 3574,2860"
                         HEIGHT="211"
                         WIDTH="1087"
                         VPOS="2785"
                         HPOS="2498">
                  <String HEIGHT="211"
                          WIDTH="210"
                          VPOS="2785"
                          HPOS="2463"
                          CONTENT="ra"
                          SUBS_TYPE="HypPart2"
                          SUBS_CONTENT="Clara"/>
                  <SP HEIGHT="211" WIDTH="35" VPOS="2785" HPOS="2673"/>
                  <String HEIGHT="211"
                          WIDTH="351"
                          VPOS="2785"
                          HPOS="2568"
                          CONTENT="begärt"/>
                  <SP HEIGHT="211" WIDTH="35" VPOS="2785" HPOS="2919"/>
                  <String HEIGHT="211"
                          WIDTH="245"
                          VPOS="2785"
                          HPOS="2814"
                          CONTENT="och"/>
                  <SP HEIGHT="211" WIDTH="35" VPOS="2785" HPOS="3059"/>
                  <String HEIGHT="211"
                          WIDTH="421"
                          VPOS="2785"
                          HPOS="2954"
                          CONTENT="erhållit"/>
                  <SP HEIGHT="211" WIDTH="35" VPOS="2785" HPOS="3375"/>
                  <String HEIGHT="211"
                          WIDTH="351"
                          VPOS="2785"
                          HPOS="3234"
                          CONTENT="blommor."/>
               </TextLine>
               <TextLine ID="r2l30"
                         BASELINE="2700,3012 2787,3003 3225,2972 4100,2929 4450,2904"
                         HEIGHT="271"
                         WIDTH="1774"
                         VPOS="2806"
                         HPOS="2685">
                  <String HEIGHT="271"
                          WIDTH="222"
                          VPOS="2806"
                          HPOS="2648"
                          CONTENT="På"/>
                  <SP HEIGHT="271" WIDTH="37" VPOS="2806" HPOS="2870"/>
                  <String HEIGHT="271"
                          WIDTH="333"
                          VPOS="2806"
                          HPOS="2759"
                          CONTENT="grund"/>
                  <SP HEIGHT="271" WIDTH="37" VPOS="2806" HPOS="3092"/>
                  <String HEIGHT="271"
                          WIDTH="222"
                          VPOS="2806"
                          HPOS="2981"
                          CONTENT="af"/>
                  <SP HEIGHT="271" WIDTH="37" VPOS="2806" HPOS="3202"/>
                  <String HEIGHT="271"
                          WIDTH="296"
                          VPOS="2806"
                          HPOS="3092"
                          CONTENT="hvad"/>
                  <SP HEIGHT="271" WIDTH="37" VPOS="2806" HPOS="3387"/>
                  <String HEIGHT="271"
                          WIDTH="407"
                          VPOS="2806"
                          HPOS="3276"
                          CONTENT="sålunda"/>
                  <SP HEIGHT="271" WIDTH="37" VPOS="2806" HPOS="3683"/>
                  <String HEIGHT="271"
                          WIDTH="554"
                          VPOS="2806"
                          HPOS="3572"
                          CONTENT="förekommit,"/>
                  <SP HEIGHT="271" WIDTH="37" VPOS="2806" HPOS="4126"/>
                  <String HEIGHT="271"
                          WIDTH="370"
                          VPOS="2806"
                          HPOS="4015"
                          CONTENT="kommer"/>
                  <SP HEIGHT="271" WIDTH="37" VPOS="2806" HPOS="4385"/>
                  <String HEIGHT="271"
                          WIDTH="222"
                          VPOS="2806"
                          HPOS="4237"
                          CONTENT="Carl"/>
               </TextLine>
               <TextLine ID="line_1584709759745_2372"
                         BASELINE="2542,3130 2741,3119 2994,3097 3292,3078 3539,3069 3825,3047 4254,3040"
                         HEIGHT="286"
                         WIDTH="1744"
                         VPOS="2930"
                         HPOS="2523">
                  <String HEIGHT="286"
                          WIDTH="356"
                          VPOS="2930"
                          HPOS="2487"
                          CONTENT="August"/>
                  <SP HEIGHT="286" WIDTH="36" VPOS="2930" HPOS="2843"/>
                  <String HEIGHT="286"
                          WIDTH="463"
                          VPOS="2930"
                          HPOS="2737"
                          CONTENT="Andersson"/>
                  <SP HEIGHT="286" WIDTH="36" VPOS="2930" HPOS="3199"/>
                  <String HEIGHT="286"
                          WIDTH="249"
                          VPOS="2930"
                          HPOS="3092"
                          CONTENT="att"/>
                  <SP HEIGHT="286" WIDTH="36" VPOS="2930" HPOS="3342"/>
                  <String HEIGHT="286"
                          WIDTH="320"
                          VPOS="2930"
                          HPOS="3235"
                          CONTENT="denna"/>
                  <SP HEIGHT="286" WIDTH="36" VPOS="2930" HPOS="3555"/>
                  <String HEIGHT="286"
                          WIDTH="249"
                          VPOS="2930"
                          HPOS="3448"
                          CONTENT="dag"/>
                  <SP HEIGHT="286" WIDTH="36" VPOS="2930" HPOS="3698"/>
                  <String HEIGHT="286"
                          WIDTH="249"
                          VPOS="2930"
                          HPOS="3591"
                          CONTENT="för"/>
                  <SP HEIGHT="286" WIDTH="36" VPOS="2930" HPOS="3840"/>
                  <String HEIGHT="286"
                          WIDTH="249"
                          VPOS="2930"
                          HPOS="3733"
                          CONTENT="PKn"/>
                  <SP HEIGHT="286" WIDTH="36" VPOS="2930" HPOS="3982"/>
                  <String HEIGHT="286"
                          WIDTH="427"
                          VPOS="2930"
                          HPOS="3840"
                          CONTENT="inställas."/>
               </TextLine>
            </TextBlock>
            <TextBlock ID="TextRegion_1584708933621_2188"
                       HEIGHT="246"
                       WIDTH="308"
                       VPOS="3060"
                       HPOS="4462">
               <Shape>
                  <Polygon POINTS="4462,3060 4770,3060 4770,3306 4462,3306 4462,3060"/>
               </Shape>
               <TextLine ID="r3l1"
                         BASELINE="4478,3132 4609,3124 4714,3128"
                         HEIGHT="104"
                         WIDTH="262"
                         VPOS="3048"
                         HPOS="4464">
                  <String HEIGHT="104"
                          WIDTH="225"
                          VPOS="3048"
                          HPOS="4427"
                          CONTENT="No"/>
                  <SP HEIGHT="104" WIDTH="37" VPOS="3048" HPOS="4651"/>
                  <String HEIGHT="104"
                          WIDTH="225"
                          VPOS="3048"
                          HPOS="4501"
                          CONTENT="144."/>
               </TextLine>
               <TextLine ID="r3l2"
                         BASELINE="4462,3264 4539,3268 4693,3262 4770,3264"
                         HEIGHT="169"
                         WIDTH="335"
                         VPOS="3171"
                         HPOS="4449">
                  <String HEIGHT="169"
                          WIDTH="206"
                          VPOS="3171"
                          HPOS="4423"
                          CONTENT="Olof"/>
                  <SP HEIGHT="169" WIDTH="26" VPOS="3171" HPOS="4629"/>
                  <String HEIGHT="169"
                          WIDTH="258"
                          VPOS="3171"
                          HPOS="4526"
                          CONTENT="Svensson"/>
               </TextLine>
            </TextBlock>
            <TextBlock ID="TextRegion_1584709028598_2287"
                       HEIGHT="715"
                       WIDTH="1970"
                       VPOS="3080"
                       HPOS="2499">
               <Shape>
                  <Polygon POINTS="2504,3165 4469,3080 4469,3769 2499,3795 2504,3165"/>
               </Shape>
               <TextLine ID="r2l32"
                         BASELINE="2658,3234 2830,3218 3349,3186 3694,3170 4386,3146"
                         HEIGHT="264"
                         WIDTH="1757"
                         VPOS="3044"
                         HPOS="2642">
                  <String HEIGHT="264"
                          WIDTH="383"
                          VPOS="3044"
                          HPOS="2610"
                          CONTENT="Kaptenen"/>
                  <SP HEIGHT="264" WIDTH="32" VPOS="3044" HPOS="2993"/>
                  <String HEIGHT="264"
                          WIDTH="192"
                          VPOS="3044"
                          HPOS="2898"
                          CONTENT="P."/>
                  <SP HEIGHT="264" WIDTH="32" VPOS="3044" HPOS="3089"/>
                  <String HEIGHT="264"
                          WIDTH="351"
                          VPOS="3044"
                          HPOS="2993"
                          CONTENT="Wirgin,"/>
                  <SP HEIGHT="264" WIDTH="32" VPOS="3044" HPOS="3345"/>
                  <String HEIGHT="264"
                          WIDTH="319"
                          VPOS="3044"
                          HPOS="3249"
                          CONTENT="boende"/>
                  <SP HEIGHT="264" WIDTH="32" VPOS="3044" HPOS="3568"/>
                  <String HEIGHT="264"
                          WIDTH="160"
                          VPOS="3044"
                          HPOS="3473"
                          CONTENT="å"/>
                  <SP HEIGHT="264" WIDTH="32" VPOS="3044" HPOS="3632"/>
                  <String HEIGHT="264"
                          WIDTH="383"
                          VPOS="3044"
                          HPOS="3536"
                          CONTENT="Kålltorp"/>
                  <SP HEIGHT="264" WIDTH="32" VPOS="3044" HPOS="3920"/>
                  <String HEIGHT="264"
                          WIDTH="160"
                          VPOS="3044"
                          HPOS="3824"
                          CONTENT="i"/>
                  <SP HEIGHT="264" WIDTH="32" VPOS="3044" HPOS="3984"/>
                  <String HEIGHT="264"
                          WIDTH="351"
                          VPOS="3044"
                          HPOS="3888"
                          CONTENT="Örgryte"/>
                  <SP HEIGHT="264" WIDTH="32" VPOS="3044" HPOS="4239"/>
                  <String HEIGHT="264"
                          WIDTH="288"
                          VPOS="3044"
                          HPOS="4111"
                          CONTENT="Socken,"/>
               </TextLine>
               <TextLine ID="r2l33"
                         BASELINE="2512,3356 2792,3332 3260,3302 3727,3279 4382,3254"
                         HEIGHT="208"
                         WIDTH="1898"
                         VPOS="3188"
                         HPOS="2496">
                  <String HEIGHT="208"
                          WIDTH="237"
                          VPOS="3188"
                          HPOS="2462"
                          CONTENT="har"/>
                  <SP HEIGHT="208" WIDTH="34" VPOS="3188" HPOS="2699"/>
                  <String HEIGHT="208"
                          WIDTH="407"
                          VPOS="3188"
                          HPOS="2598"
                          CONTENT="Lördagen"/>
                  <SP HEIGHT="208" WIDTH="34" VPOS="3188" HPOS="3004"/>
                  <String HEIGHT="208"
                          WIDTH="237"
                          VPOS="3188"
                          HPOS="2903"
                          CONTENT="den"/>
                  <SP HEIGHT="208" WIDTH="34" VPOS="3188" HPOS="3140"/>
                  <String HEIGHT="208"
                          WIDTH="203"
                          VPOS="3188"
                          HPOS="3038"
                          CONTENT="26"/>
                  <SP HEIGHT="208" WIDTH="34" VPOS="3188" HPOS="3242"/>
                  <String HEIGHT="208"
                          WIDTH="339"
                          VPOS="3188"
                          HPOS="3140"
                          CONTENT="dennes"/>
                  <SP HEIGHT="208" WIDTH="34" VPOS="3188" HPOS="3479"/>
                  <String HEIGHT="208"
                          WIDTH="373"
                          VPOS="3188"
                          HPOS="3377"
                          CONTENT="anmält,"/>
                  <SP HEIGHT="208" WIDTH="34" VPOS="3188" HPOS="3750"/>
                  <String HEIGHT="208"
                          WIDTH="237"
                          VPOS="3188"
                          HPOS="3648"
                          CONTENT="att"/>
                  <SP HEIGHT="208" WIDTH="34" VPOS="3188" HPOS="3886"/>
                  <String HEIGHT="208"
                          WIDTH="237"
                          VPOS="3188"
                          HPOS="3784"
                          CONTENT="han"/>
                  <SP HEIGHT="208" WIDTH="34" VPOS="3188" HPOS="4021"/>
                  <String HEIGHT="208"
                          WIDTH="203"
                          VPOS="3188"
                          HPOS="3920"
                          CONTENT="af"/>
                  <SP HEIGHT="208" WIDTH="34" VPOS="3188" HPOS="4123"/>
                  <String HEIGHT="208"
                          WIDTH="407"
                          VPOS="3188"
                          HPOS="3987"
                          CONTENT="Handlanden"/>
               </TextLine>
               <TextLine ID="r2l34"
                         BASELINE="2524,3462 3739,3394 4394,3364"
                         HEIGHT="229"
                         WIDTH="1896"
                         VPOS="3281"
                         HPOS="2511">
                  <String HEIGHT="229"
                          WIDTH="200"
                          VPOS="3281"
                          HPOS="2478"
                          CONTENT="J."/>
                  <SP HEIGHT="229" WIDTH="33" VPOS="3281" HPOS="2677"/>
                  <String HEIGHT="229"
                          WIDTH="200"
                          VPOS="3281"
                          HPOS="2578"
                          CONTENT="H."/>
                  <SP HEIGHT="229" WIDTH="33" VPOS="3281" HPOS="2777"/>
                  <String HEIGHT="229"
                          WIDTH="399"
                          VPOS="3281"
                          HPOS="2677"
                          CONTENT="Saloman,"/>
                  <SP HEIGHT="229" WIDTH="33" VPOS="3281" HPOS="3076"/>
                  <String HEIGHT="229"
                          WIDTH="233"
                          VPOS="3281"
                          HPOS="2977"
                          CONTENT="som"/>
                  <SP HEIGHT="229" WIDTH="33" VPOS="3281" HPOS="3210"/>
                  <String HEIGHT="229"
                          WIDTH="233"
                          VPOS="3281"
                          HPOS="3110"
                          CONTENT="har"/>
                  <SP HEIGHT="229" WIDTH="33" VPOS="3281" HPOS="3343"/>
                  <String HEIGHT="229"
                          WIDTH="233"
                          VPOS="3281"
                          HPOS="3243"
                          CONTENT="sin"/>
                  <SP HEIGHT="229" WIDTH="33" VPOS="3281" HPOS="3476"/>
                  <String HEIGHT="229"
                          WIDTH="532"
                          VPOS="3281"
                          HPOS="3376"
                          CONTENT="handelsbutik"/>
                  <SP HEIGHT="229" WIDTH="33" VPOS="3281" HPOS="3908"/>
                  <String HEIGHT="229"
                          WIDTH="166"
                          VPOS="3281"
                          HPOS="3808"
                          CONTENT="i"/>
                  <SP HEIGHT="229" WIDTH="33" VPOS="3281" HPOS="3975"/>
                  <String HEIGHT="229"
                          WIDTH="299"
                          VPOS="3281"
                          HPOS="3875"
                          CONTENT="huset"/>
                  <SP HEIGHT="229" WIDTH="33" VPOS="3281" HPOS="4174"/>
                  <String HEIGHT="229"
                          WIDTH="200"
                          VPOS="3281"
                          HPOS="4074"
                          CONTENT="No"/>
                  <SP HEIGHT="229" WIDTH="33" VPOS="3281" HPOS="4274"/>
                  <String HEIGHT="229"
                          WIDTH="200"
                          VPOS="3281"
                          HPOS="4174"
                          CONTENT="50"/>
                  <SP HEIGHT="229" WIDTH="33" VPOS="3281" HPOS="4374"/>
                  <String HEIGHT="229"
                          WIDTH="166"
                          VPOS="3281"
                          HPOS="4241"
                          CONTENT="vid"/>
               </TextLine>
               <TextLine ID="r2l35"
                         BASELINE="2532,3570 3194,3529 4426,3470"
                         HEIGHT="230"
                         WIDTH="1925"
                         VPOS="3398"
                         HPOS="2516">
                  <String HEIGHT="230"
                          WIDTH="279"
                          VPOS="3398"
                          HPOS="2485"
                          CONTENT="Östra"/>
                  <SP HEIGHT="230" WIDTH="31" VPOS="3398" HPOS="2764"/>
                  <String HEIGHT="230"
                          WIDTH="404"
                          VPOS="3398"
                          HPOS="2671"
                          CONTENT="Hamngatan"/>
                  <SP HEIGHT="230" WIDTH="31" VPOS="3398" HPOS="3075"/>
                  <String HEIGHT="230"
                          WIDTH="373"
                          VPOS="3398"
                          HPOS="2982"
                          CONTENT="erhållit"/>
                  <SP HEIGHT="230" WIDTH="31" VPOS="3398" HPOS="3354"/>
                  <String HEIGHT="230"
                          WIDTH="528"
                          VPOS="3398"
                          HPOS="3261"
                          CONTENT="underrättelse"/>
                  <SP HEIGHT="230" WIDTH="31" VPOS="3398" HPOS="3789"/>
                  <String HEIGHT="230"
                          WIDTH="310"
                          VPOS="3398"
                          HPOS="3696"
                          CONTENT="derom,"/>
                  <SP HEIGHT="230" WIDTH="31" VPOS="3398" HPOS="4006"/>
                  <String HEIGHT="230"
                          WIDTH="217"
                          VPOS="3398"
                          HPOS="3913"
                          CONTENT="att"/>
                  <SP HEIGHT="230" WIDTH="31" VPOS="3398" HPOS="4131"/>
                  <String HEIGHT="230"
                          WIDTH="373"
                          VPOS="3398"
                          HPOS="4037"
                          CONTENT="Fredagen"/>
                  <SP HEIGHT="230" WIDTH="31" VPOS="3398" HPOS="4410"/>
                  <String HEIGHT="230"
                          WIDTH="155"
                          VPOS="3398"
                          HPOS="4286"
                          CONTENT="den"/>
               </TextLine>
               <TextLine ID="r2l36"
                         BASELINE="2516,3680 3656,3614 4416,3578"
                         HEIGHT="220"
                         WIDTH="1929"
                         VPOS="3485"
                         HPOS="2501">
                  <String HEIGHT="220"
                          WIDTH="210"
                          VPOS="3485"
                          HPOS="2466"
                          CONTENT="25"/>
                  <SP HEIGHT="220" WIDTH="35" VPOS="3485" HPOS="2676"/>
                  <String HEIGHT="220"
                          WIDTH="316"
                          VPOS="3485"
                          HPOS="2571"
                          CONTENT="denne"/>
                  <SP HEIGHT="220" WIDTH="35" VPOS="3485" HPOS="2887"/>
                  <String HEIGHT="220"
                          WIDTH="210"
                          VPOS="3485"
                          HPOS="2782"
                          CONTENT="på"/>
                  <SP HEIGHT="220" WIDTH="35" VPOS="3485" HPOS="2992"/>
                  <String HEIGHT="220"
                          WIDTH="281"
                          VPOS="3485"
                          HPOS="2887"
                          CONTENT="eft."/>
                  <SP HEIGHT="220" WIDTH="35" VPOS="3485" HPOS="3167"/>
                  <String HEIGHT="220"
                          WIDTH="316"
                          VPOS="3485"
                          HPOS="3062"
                          CONTENT="midd."/>
                  <SP HEIGHT="220" WIDTH="35" VPOS="3485" HPOS="3378"/>
                  <String HEIGHT="220"
                          WIDTH="210"
                          VPOS="3485"
                          HPOS="3273"
                          CONTENT="en"/>
                  <SP HEIGHT="220" WIDTH="35" VPOS="3485" HPOS="3483"/>
                  <String HEIGHT="220"
                          WIDTH="386"
                          VPOS="3485"
                          HPOS="3378"
                          CONTENT="obekant"/>
                  <SP HEIGHT="220" WIDTH="35" VPOS="3485" HPOS="3764"/>
                  <String HEIGHT="220"
                          WIDTH="491"
                          VPOS="3485"
                          HPOS="3658"
                          CONTENT="mansperson"/>
                  <SP HEIGHT="220" WIDTH="35" VPOS="3485" HPOS="4149"/>
                  <String HEIGHT="220"
                          WIDTH="421"
                          VPOS="3485"
                          HPOS="4044"
                          CONTENT="inkommit"/>
                  <SP HEIGHT="220" WIDTH="35" VPOS="3485" HPOS="4465"/>
                  <String HEIGHT="220"
                          WIDTH="105"
                          VPOS="3485"
                          HPOS="4325"
                          CONTENT="i"/>
               </TextLine>
               <TextLine ID="r2l37"
                         BASELINE="2528,3772 3003,3756 4144,3702 4430,3694"
                         HEIGHT="187"
                         WIDTH="1934"
                         VPOS="3619"
                         HPOS="2511">
                  <String HEIGHT="187"
                          WIDTH="407"
                          VPOS="3619"
                          HPOS="2477"
                          CONTENT="Salomans"/>
                  <SP HEIGHT="187" WIDTH="34" VPOS="3619" HPOS="2884"/>
                  <String HEIGHT="187"
                          WIDTH="305"
                          VPOS="3619"
                          HPOS="2782"
                          CONTENT="butik"/>
                  <SP HEIGHT="187" WIDTH="34" VPOS="3619" HPOS="3088"/>
                  <String HEIGHT="187"
                          WIDTH="238"
                          VPOS="3619"
                          HPOS="2986"
                          CONTENT="och"/>
                  <SP HEIGHT="187" WIDTH="34" VPOS="3619" HPOS="3224"/>
                  <String HEIGHT="187"
                          WIDTH="339"
                          VPOS="3619"
                          HPOS="3122"
                          CONTENT="begärt"/>
                  <SP HEIGHT="187" WIDTH="34" VPOS="3619" HPOS="3461"/>
                  <String HEIGHT="187"
                          WIDTH="238"
                          VPOS="3619"
                          HPOS="3359"
                          CONTENT="att"/>
                  <SP HEIGHT="187" WIDTH="34" VPOS="3619" HPOS="3597"/>
                  <String HEIGHT="187"
                          WIDTH="204"
                          VPOS="3619"
                          HPOS="3495"
                          CONTENT="få"/>
                  <SP HEIGHT="187" WIDTH="34" VPOS="3619" HPOS="3699"/>
                  <String HEIGHT="187"
                          WIDTH="271"
                          VPOS="3619"
                          HPOS="3597"
                          CONTENT="köpa"/>
                  <SP HEIGHT="187" WIDTH="34" VPOS="3619" HPOS="3868"/>
                  <String HEIGHT="187"
                          WIDTH="204"
                          VPOS="3619"
                          HPOS="3766"
                          CONTENT="en"/>
                  <SP HEIGHT="187" WIDTH="34" VPOS="3619" HPOS="3970"/>
                  <String HEIGHT="187"
                          WIDTH="373"
                          VPOS="3619"
                          HPOS="3868"
                          CONTENT="urkedja"/>
                  <SP HEIGHT="187" WIDTH="34" VPOS="3619" HPOS="4241"/>
                  <String HEIGHT="187"
                          WIDTH="238"
                          VPOS="3619"
                          HPOS="4140"
                          CONTENT="och"/>
                  <SP HEIGHT="187" WIDTH="34" VPOS="3619" HPOS="4377"/>
                  <String HEIGHT="187"
                          WIDTH="204"
                          VPOS="3619"
                          HPOS="4241"
                          CONTENT="att,"/>
               </TextLine>
            </TextBlock>
         </PrintSpace>
      </Page>
   </Layout>
</alto>
