5113 4042
539 221 269 102 20
674 221 404 102 sistl
943 221 494 102 Januari
1302 221 494 102 anmält,
1661 221 314 102 att
1841 221 404 102 samma
2110 221 314 102 dag
2244 221 180 102 på

523 349 429 100 förmid.
835 349 195 100 å
913 349 234 100 en
1030 349 312 100 låst
1225 349 312 100 vind
1420 349 312 100 till
1615 349 312 100 hans
1810 349 390 100 bostad
2083 349 312 100 från
2239 349 195 100 ho¬-

502 472 278 107 nom
661 472 637 107 tillgripits,
1179 472 239 107 en
1298 472 438 107 bonjour
1616 472 239 107 af
1735 472 358 107 svart
1974 472 358 107 kläde
2173 472 199 107 med

520 599 338 102 svart
746 599 638 102 lastingsfoder
1271 599 263 102 och
1421 599 375 102 svarta
1684 599 563 102 tygknappar,
2134 599 263 102 ett
2246 599 188 102 par

544 729 379 98 svarta
809 729 530 98 satinbyxor
1226 729 265 98 med
1377 729 568 98 ljusrandigt
1794 729 568 98 liningsfoder,

528 860 301 105 samt
716 860 225 105 en
829 860 338 105 svart
1054 860 488 105 satinväst
1430 860 263 105 med
1580 860 413 105 randigt
1881 860 338 105 foder
2106 860 263 105 och
2219 860 263 105 svart

533 1000 546 104 ryggstycke
962 1000 585 104 alltsammans
1430 1000 351 104 värdt
1664 1000 234 104 30
1781 1000 429 104 Kronor;
2093 1000 312 104 samt
2249 1000 195 104 att

546 1126 253 108 han
690 1126 253 108 för
835 1126 325 108 detta
1051 1126 469 108 tillgrepp
1412 1126 505 108 misstänkte
1809 1126 216 108 fe
1881 1126 541 108 Artilleristen

516 1274 382 105 Johan
770 1274 509 105 Knutsson
1152 1274 382 105 From,
1407 1274 297 105 som
1577 1274 382 105 samma
1832 1274 297 105 dag
1959 1274 467 105 tillgrep¬-

511 1408 275 121 pet
668 1408 275 121 egt
825 1408 275 121 rum
982 1408 354 121 varit
1218 1408 393 121 synlig
1494 1408 197 121 i
1533 1408 275 121 huset

628 1539 326 131 Sedan
845 1539 217 131 de
954 1539 507 131 tillgripne
1353 1539 435 131 kläderna
1679 1539 507 131 återfunnit
2041 1539 399 131 pantsatte

537 1673 652 127 ofvannämnde
1058 1673 304 127 dag
1232 1673 304 127 hos
1406 1673 739 127 Pantlånerskan
1971 1673 391 127 Johanna

544 1820 377 131 Nilsson
818 1820 171 131 i
887 1820 309 131 huset
1092 1820 206 131 No
1195 1820 206 131 82
1298 1820 206 131 af
1401 1820 377 131 Stadens
1675 1820 206 131 12
1778 1820 274 131 rote
1950 1820 240 131 för
2087 1820 206 131 10
2156 1820 274 131 Kronor

551 1972 228 129 och
682 1972 261 129 From
845 1972 359 129 blifvit
1106 1972 424 129 efterlyst
1432 1972 163 129 i
1497 1972 196 129 P.
1595 1972 196 129 U.
1693 1972 228 129 för
1823 1972 228 129 den
1954 1972 196 129 24
2051 1972 293 129 sistl
2214 1972 196 129 Jan.

534 2112 202 135 så
635 2112 303 135 hafva
837 2112 807 135 detektivkonstaplarne
1543 2112 202 135 J.
1644 2112 303 135 Bolin
1846 2112 235 135 och
1981 2112 202 135 E.
2048 2112 370 135 Hellström

533 2268 276 125 den
690 2268 236 125 25
808 2268 394 125 dennes
1084 2268 473 125 anhållit
1439 2268 591 125 ofvannämnde
1912 2268 315 125 From
2069 2268 355 125 hvilken

533 2422 385 115 tillhör
813 2422 420 115 Fässberg
1093 2422 315 115 Socken.

539 2555 257 121 Wid
686 2555 257 121 det
833 2555 257 121 med
979 2555 293 121 From
1163 2555 183 121 i
1236 2555 477 121 anledning
1603 2555 330 121 häraf
1823 2555 440 121 anstälda
2117 2555 293 121 förhör

541 2687 274 111 har
697 2687 274 111 han
854 2687 548 111 uppgifvit,
1285 2687 274 111 att
1441 2687 274 111 han
1598 2687 274 111 som
1754 2687 313 111 bodt
1950 2687 274 111 hos
2107 2687 274 111 som
2224 2687 196 111 mo¬-

531 2840 276 105 der
688 2840 197 105 i
767 2840 355 105 samma
1004 2840 276 105 hus
1162 2840 276 105 som
1320 2840 592 105 målsegaren,
1794 2840 592 105 förstnämnde
2229 2840 197 105 dag

537 2974 236 123 på
655 2974 196 123 f
733 2974 236 123 m.
851 2974 314 123 gått
1047 2974 275 123 upp
1204 2974 236 123 på
1322 2974 393 123 vinden
1597 2974 275 123 och
1754 2974 236 123 ur
1872 2974 236 123 en
1951 2974 471 123 klädskrubb

535 3108 250 131 till
691 3108 344 131 hvilken
941 3108 313 131 dörren
1160 3108 281 131 stått
1348 3108 281 131 öppen
1535 3108 438 131 tillgripit
1879 3108 500 131 ofvanberörde
2254 3108 188 131 klä¬-

547 3260 697 121 despersedlarne,
1134 3260 257 121 som
1281 3260 257 121 han
1428 3260 330 121 samma
1648 3260 257 121 dag
1795 3260 440 121 pantsatt
2125 3260 257 121 för
2235 3260 147 121 10

529 3401 366 126 kronor
786 3401 256 126 hos
932 3401 623 126 pantlanerskan
1445 3401 403 126 Johanna
1738 3401 403 126 Nilsson
1995 3401 403 126 hvarefter

549 3527 232 150 han
681 3527 397 150 begifvit
979 3527 232 150 sig
1111 3527 232 150 hit
1244 3527 265 150 till
1409 3527 331 150 staden
1641 3527 232 150 och
1773 3527 265 150 till
1939 3527 430 150 förtäring
2237 3527 165 150 an¬-

529 3664 370 151 vändt
775 3664 247 151 de
899 3664 452 151 sålunda
1227 3664 493 151 erhållne
1597 3664 575 151 penningar;
2049 3664 288 151 att
2173 3664 205 151 han

2683 155 417 124 dessutom
2996 155 521 124 derpåföljde
3412 155 243 124 dag
3551 155 278 124 från
3725 155 243 124 sin
3864 155 312 124 moder
4072 155 347 124 Helena
4280 155 278 124 Knuts¬-

2650 319 239 109 son
2787 319 479 109 tillgripit
3163 319 239 109 två
3299 319 376 109 stycken
3573 319 376 109 randiga
3846 319 547 109 ylleschalar,
4291 319 239 109 som
4393 319 171 109 han

2664 435 357 129 samma
2902 435 278 129 dag
3061 435 476 129 pantsatt
3418 435 278 129 för
3577 435 198 129 3
3656 435 397 129 Kronor
3933 435 278 129 hos
4052 435 516 129 ofvannämnda

2665 566 597 124 pantlanerska;
3157 566 281 124 samt
3332 566 246 124 att
3473 566 246 124 han
3613 566 422 124 derefter
3930 566 422 124 begifvit
4246 566 246 124 sig
4351 566 211 124 till

2689 691 374 130 Angereds
2969 691 311 130 Socken
3187 691 218 130 der
3311 691 218 130 han
3436 691 436 130 uppehållit
3778 691 218 130 sig
3903 691 218 130 med
4027 691 467 130 tillfälligt
4370 691 280 130 arbete.

2730 823 324 116 From,
2946 823 252 116 som
3090 823 252 116 vid
3234 823 504 116 anhållande
3630 823 432 116 innehade
3954 823 216 116 16
4062 823 360 116 Kronor
4314 823 216 116 47
4386 823 180 116 öre

2678 953 255 134 har
2823 953 219 134 om
2933 953 474 134 åtkomsten
3298 953 401 134 härtill
3589 953 511 134 uppgifvit,
3990 953 255 134 att
4136 953 255 134 han
4282 953 255 134 som
4392 953 182 134 nå¬-

2667 1089 256 136 gon
2814 1089 256 136 tid
2960 1089 293 136 haft
3143 1089 366 136 arbete
3400 1089 256 136 hos
3546 1089 622 136 Hemmansegaren
4059 1089 366 136 August
4278 1089 330 136 Larsson

2670 1231 188 136 å
2746 1231 376 136 gården
3009 1231 451 136 Kappered
3347 1231 188 136 i
3422 1231 414 136 Bergoms
3723 1231 376 136 socken
3986 1231 263 136 Ale
4136 1231 376 136 härad,
4362 1231 188 136 den

2673 1367 234 142 25
2790 1367 390 142 dennes
3063 1367 468 142 medföljt
3414 1367 351 142 honom
3649 1367 273 142 hit
3805 1367 312 142 till
4000 1367 390 142 staden
4273 1367 273 142 och
4390 1367 156 142 på

2672 1511 393 144 förmid.
2958 1511 393 144 blifvit
3244 1511 286 144 sänd
3423 1511 214 144 af
3530 1511 393 144 Larsson
3816 1511 250 144 att
3959 1511 429 144 försälja
4244 1511 322 144 omkring

2683 1663 185 138 9
2757 1663 259 138 fot
2905 1663 444 138 potatis,
3238 1663 296 138 samt
3423 1663 259 138 att
3571 1663 259 138 han
3719 1663 259 138 med
3867 1663 444 138 Larssons
4200 1663 296 138 häst
4348 1663 222 138 kört

2693 1814 475 123 potatisen
3059 1814 292 123 till
3242 1814 219 123 en
3352 1814 402 123 källare
3644 1814 256 123 vid
3790 1814 329 123 Lilla
4010 1814 366 123 Bommen
4266 1814 256 123 och
4375 1814 183 123 der

2671 1938 309 135 sålt
2865 1938 425 135 desamme
3174 1938 271 135 för
3329 1938 425 135 omkring
3638 1938 232 135 16
3754 1938 387 135 kronor
4025 1938 503 135 hvarefter
4373 1938 193 135 han

2697 2087 427 136 återvandt
3025 2087 263 136 till
3190 2087 525 136 Kungstorget,
3616 2087 230 136 der
3747 2087 230 136 han
3879 2087 361 136 träffat
4141 2087 361 136 Larsson
4371 2087 197 136 till

2677 2233 402 132 hvilken
2970 2233 256 132 han
3116 2233 292 132 dock
3298 2233 219 132 ej
3408 2233 365 132 lemnat
3663 2233 548 132 penningarne
4101 2233 183 132 i
4174 2233 365 132 afsigt
4393 2233 183 132 att

2692 2375 290 142 göra
2873 2375 326 142 detta
3090 2375 253 142 vid
3235 2375 326 142 något
3452 2375 326 142 annat
3669 2375 471 142 tillfälle
4031 2375 471 142 hvarifrån
4357 2375 181 142 han

2686 2523 317 140 dock
2884 2523 356 140 genom
3122 2523 555 140 häktningen
3558 2523 436 140 blifvit
3835 2523 515 140 förhindrad.

2833 2661 236 138 Då
2951 2661 629 138 ofvanberörde
3462 2661 432 138 Larsson
3776 2661 314 138 icke
3972 2661 393 138 kunnat
4248 2661 275 138 här
4365 2661 197 138 an¬-

2708 2805 430 146 träffas,
3031 2805 394 146 bifogas
3317 2805 251 146 här
3461 2805 573 146 ofvanberörde
3927 2805 215 146 16
4034 2805 358 146 Kronor
4285 2805 215 146 47
4357 2805 179 146 öre

2813 2939 246 142 På
2936 2939 369 142 grund
3182 2939 246 142 af
3304 2939 328 142 hvad
3509 2939 450 142 sålunda
3837 2939 573 142 förekommit
4246 2939 328 142 kommer

2713 3087 329 136 Johan
2933 3087 438 136 Knutsson
3261 3087 292 136 From
3444 3087 256 136 att
3590 3087 329 136 denna
3809 3087 256 136 dag
3955 3087 256 136 för
4101 3087 256 136 PKn
4210 3087 402 136 inställas

3320 3243 459 114 Göteborg
3664 3243 268 114 den
3817 3243 230 114 26
3932 3243 459 114 Februari
4238 3243 268 114 1880.

4590 3412 302 90 No
4690 3412 202 90 43

4555 3564 317 70 Johan
4731 3564 281 70 Gustaf

4510 3655 442 72 Börjesson

2790 3391 602 104 Arbetskarlen
3279 3391 338 104 Peter
3505 3391 451 104 Larsson,
3843 3391 414 104 anstäld
4144 3391 263 104 och
4257 3391 301 104 boende

2705 3525 246 106 hos
2845 3525 702 106 Slagtaremästaren
3442 3525 211 106 J.
3547 3525 175 106 F
3617 3525 421 106 Carlsson
3933 3525 175 106 å
4004 3525 526 106 Leontinedal
4390 3525 140 106 No

2723 3673 261 108 104
2872 3673 187 108 i
2947 3673 411 108 Stadens
3245 3673 224 108 12
3357 3673 299 108 Rote
3544 3673 261 108 har
3693 3673 448 108 Lördagen
4029 3673 261 108 den
4178 3673 187 108 7
4215 3673 299 108 dennes
