4997 4043
71 98 410 215 att,
327 98 461 215 sedan
634 98 614 215 Carlberg
1095 98 256 215 i
1197 98 665 215 anledning
1658 98 358 215 deraf

50 225 720 214 underrättat
626 225 336 214 sig
818 225 288 214 om
962 225 480 214 tiden,
1299 225 288 214 då
1443 225 528 214 brefvet
1779 225 240 214 in¬-

38 365 732 190 lemnats,
587 365 366 190 om
770 365 671 190 hvilken
1198 365 732 190 tjensteman

46 489 437 224 som
295 489 375 224 af
483 489 875 224 inlemnaren
1170 489 750 224 mottagit
1670 489 312 224 och

45 619 814 236 quitterat
671 619 751 236 detsamma
1235 619 501 236 samt
1485 619 501 236 hvilka

55 783 748 199 tjenstemän
643 783 1016 199 tillstädesvarit
1498 783 267 199 i
1551 783 428 199 rummet

69 903 473 226 efter
385 903 368 226 det
595 903 578 226 brefvet
1016 903 578 226 sednast
1437 903 473 226 varit
1700 903 316 226 syn¬-

52 1044 482 214 ligt,
374 1044 697 214 Carlberg,
910 1044 375 214 som
1124 1044 536 214 dervid
1446 1044 536 214 erfarit,

64 1189 380 216 att
281 1189 597 216 brefvet
715 1189 380 216 som
932 1189 706 216 inlemnats
1421 1189 597 216 föregåen¬-

48 1332 318 231 de
207 1332 370 231 dag
419 1332 318 231 på
577 1332 635 231 aftonen,
1054 1332 688 231 mottagits
1583 1332 318 231 af
1689 1332 318 231 Kon¬-

62 1446 969 241 torsskrifvaren
869 1446 646 241 Widholm,
1354 1446 538 241 gifvit
1676 1446 377 241 ordre

61 1640 364 198 att
269 1640 260 198 i
373 1640 364 198 den
582 1640 937 198 qvarbefintliga
1310 1640 417 198 posten

1458 1571 256 148 det
1604 1571 292 148 ifr.
1750 1571 329 148 brefvet

652 1733 457 212 skulle
972 1733 366 212 noga
1201 1733 685 212 eftersökas,
1703 1733 320 212 hvil¬-

37 1840 378 238 ket
253 1840 540 238 jemväl
631 1840 540 238 skett,
1009 1840 432 238 utan
1279 1840 378 238 att
1441 1840 486 238 brefvet

35 1985 569 216 dervid
433 1985 569 216 kunnat
831 1985 853 216 återfinnas;
1514 1985 455 216 samt
1742 1985 284 216 att

52 2110 734 247 Carlberg,
616 2110 395 247 som
842 2110 452 247 icke
1124 2110 508 247 kunde
1406 2110 621 247 misstänka

64 2254 425 246 någon
347 2254 378 246 viss
583 2254 472 246 person
913 2254 330 246 för
1102 2254 614 246 tillgrepp
1574 2254 283 246 af
1669 2254 330 246 bref¬-

60 2421 450 219 vet,
341 2421 450 219 dock
622 2421 506 219 ville
959 2421 506 219 hafva
1296 2421 618 219 anmärkt
1690 2421 337 219 att,

55 2549 541 224 enligt
434 2549 704 224 meddelade
975 2549 920 224 upplysningar,
1679 2549 325 224 Kon¬-

26 2724 731 197 torsskrifvaren

601 2671 228 108 Sven

776 2665 400 178 Uno
1005 2665 743 178 Frodlund,
1519 2665 515 178 hvilken

59 2788 454 245 under
361 2788 454 245 några
664 2788 454 245 dagar
966 2788 252 245 i
1067 2788 605 245 anseende
1521 2788 403 245 till
1722 2788 303 245 för¬-

66 2932 386 220 tedt
307 2932 725 220 läkarbevis,
887 2932 386 220 fått
1128 2932 531 220 åtnjuta
1467 2932 531 220 befrielse

57 3070 404 232 från
310 3070 809 232 Tjenstgöring
967 3070 708 232 Thorsdagen
1523 3070 354 232 den
1726 3070 303 232 16
1827 3070 202 232 ds

76 3220 390 151 kl.
299 3220 613 151 emellan
745 3220 279 151 2
856 3220 390 151 och
1079 3220 279 151 5
1191 3220 446 151 e.m.
1414 3220 557 151 infunnit

64 3325 396 215 sig
291 3325 283 215 å
404 3325 396 215 den
630 3325 792 215 förenämnde
1253 3325 623 215 lokalen
1649 3325 340 215 och,

82 3463 319 178 med
265 3463 685 178 tillsägelse
813 3463 365 178 till
1041 3463 365 178 e.o.
1223 3463 776 178 kontorsskrifva¬-

49 3553 382 235 ren
268 3553 492 235 Adolf
596 3553 382 235 von
814 3553 820 235 Proschwitz,
1415 3553 492 235 hvilken

75 3674 386 237 fått
316 3674 531 237 uppdrag
703 3674 338 237 att
896 3674 435 237 sköta
1186 3674 628 237 Frodlunds
1620 3674 435 237 tjenst,

2908 85 455 218 att
3168 85 780 218 Frodlund
3753 85 650 218 nämnde
4208 85 455 218 dag
4403 85 455 218 sjelf

2907 233 536 210 ämnade
3283 233 804 210 tjenstgöra,
3926 233 429 210 bedt
4193 233 375 210 den
4354 233 536 210 öfverta¬-

2907 365 415 240 git
3144 365 651 240 vakten,
3617 365 651 240 hvilken
4091 365 592 240 skolat
4446 365 415 240 räcka

2920 515 412 190 till
3177 515 360 190 kl.
3383 515 566 190 omkring
3794 515 360 190 1/2
4000 515 309 190 6,
4103 515 257 190 men

4109 473 261 104 att
4258 473 447 104 Frodlund
4556 473 224 104 dock

4360 500 348 169 redan
4554 500 348 169 klockan

2936 623 595 199 omkring
3369 623 271 199 4
3477 623 433 199 e.m.
3748 623 487 199 begif
4072 623 704 199 aflägsnat
4559 623 271 199 sig

2925 775 369 215 och
3136 775 685 215 sedermera
3663 775 422 215 icke
3927 775 475 215 låtit
4243 775 369 215 sig
4402 775 475 215 afhöra.

3255 917 424 184 att
3498 917 667 184 brefvet
3983 917 667 184 sednast
4407 917 424 184 varit

2930 993 637 258 synligt
3393 993 405 258 kl.
3625 993 290 258 2
3741 993 521 258 e.m.,
4088 993 347 258 då
4262 993 405 258 det
4436 993 405 258 legat

2926 1116 273 252 i
3036 1116 382 252 det
3254 1116 437 252 fack
3527 1116 273 252 i
3636 1116 655 252 pulpeten
4128 1116 328 252 en
4291 1116 382 252 uti
4455 1116 437 252 rummet

2933 1235 625 243 befintlig
3413 1235 481 243 pulpet
3750 1235 529 243 hvarest
4134 1235 673 243 assurerade
4615 1235 288 243 för¬-

2911 1356 731 261 sändelser
3473 1356 450 261 före
3754 1356 844 261 afsändandet
4373 1356 506 261 plägade

2917 1473 805 288 inläggas;
3536 1473 495 288 samt
3846 1473 433 288 att
4093 1473 371 288 då
4217 1473 619 288 Carlberg

2926 1595 511 303 samma
3267 1595 397 303 dag
3494 1595 341 303 på
3664 1595 625 303 aftonen
4119 1595 284 303 i
4175 1595 625 303 Frodlunds

2920 1830 550 174 bostad
3250 1830 715 174 underrättat

3862 1768 518 87 honom

4304 1746 506 145 derom
4585 1746 281 145 att

2931 1855 619 292 brefvet
3381 1855 788 292 förkommit,
4000 1855 394 292 han
4169 1855 675 292 förefallit

2930 1989 601 290 Carlberg
3381 1989 651 290 ytterligt
3882 1989 351 290 slö
4082 1989 351 290 och
4283 1989 501 290 slapp,
4583 1989 301 290 samt

2928 2149 357 271 med
3132 2149 714 271 synnerligt
3693 2149 408 271 lugn
3947 2149 561 271 yttrat:
4355 2149 408 271 "det
4559 2149 357 271 reder

2920 2316 454 233 sig
3180 2316 519 233 nog,
3504 2316 454 233 det
3764 2316 519 233 hade
4088 2316 584 233 varit
4413 2316 454 233 värre

2944 2406 350 244 om
3119 2406 525 244 någon
3469 2406 467 244 post
3760 2406 641 244 blifvit
4168 2406 700 244 försummad"

2951 2543 402 235 men,
3202 2543 302 235 på
3353 2543 654 235 Carlbergs
3856 2543 453 235 fråga
4158 2543 402 235 icke
4359 2543 553 235 uppgifvit

2942 2682 494 233 någon
3272 2682 549 233 skälig
3656 2682 494 233 orsak
3985 2682 604 233 dertill
4425 2682 384 233 att
4589 2682 275 233 han

2938 2788 737 224 tidigare
3490 2788 369 224 än
3675 2788 798 224 vederbort
4227 2788 676 224 aflägsnat

2929 2888 365 293 sig
3137 2888 417 293 från
3398 2888 886 293 Postkontoret;
4127 2888 417 293 samt
4388 2888 365 293 att
4544 2888 365 293 Carl¬-

2906 3144 290 172 berg

3252 3138 655 250 tillsagt
3744 3138 655 250 Frodlund
4236 3138 382 250 att
4399 3138 492 250 nästpå¬-

2962 3262 513 269 följde
3321 3262 359 269 dag
3526 3262 616 269 Fredagen
3988 3262 359 269 den
4193 3262 308 269 17
4347 3262 308 269 ds
4449 3262 462 269 infinna

2983 3371 369 250 sig
3194 3371 264 250 å
3300 3371 843 250 Postkontoret
3985 3371 369 250 för
4196 3371 422 250 till
4406 3371 422 250 förhör

2949 3463 395 247 utan
3195 3463 592 247 Frodlund
3640 3463 296 247 då
3788 3463 494 247 derst.
4133 3463 592 247 infunnit
4528 3463 296 247 sig.

2923 3638 376 242 la
3111 3638 753 242 Följande
3676 3638 753 242 personer
4241 3638 565 242 hafva
4554 3638 314 242 vid

2975 3741 603 218 förhör,
3414 3741 384 218 som
3633 3741 274 218 i
3742 3741 712 218 anledning
4290 3741 329 218 af
4400 3741 493 218 berörda
