5063 4057
548 135 304 193 dag
721 135 521 193 pantsatt
1112 135 434 193 västen
1416 135 304 193 och
1590 135 434 193 lifvet
1894 135 304 193 för
2068 135 261 193 75
2154 135 261 193 öre,

501 258 399 201 under
767 258 266 201 No
900 258 443 201 11937,
1210 258 310 201 och
1388 258 621 201 klädningen
1875 258 310 201 för
2053 258 266 201 en
2142 258 310 201 krona

517 431 372 151 under
765 431 248 151 No
889 431 372 151 11977
1137 431 289 151 hos
1302 431 455 151 Osberg,
1633 431 331 151 dels
1840 431 289 151 den
2005 431 207 151 6
2046 431 331 151 dennes

509 603 242 142 en
630 603 363 142 svart
872 603 323 142 rock
1074 603 283 142 och
1235 603 242 142 en
1356 603 484 142 kjortel,
1719 603 404 142 hvilka
2002 603 283 142 han
2123 603 323 142 genast

510 684 493 193 pantsatt
879 684 369 193 under
1126 684 246 193 No
1249 684 369 193 15493
1495 684 287 193 hos
1659 684 205 193 J
1741 684 410 193 Olsson
2029 684 287 193 för
2193 684 205 193 1
2234 684 164 193 kr

485 818 241 142 50
605 818 321 142 öre;
806 818 281 142 att
967 818 241 142 då
1088 818 281 142 han
1248 818 281 142 vid
1409 818 603 142 sistberörde
1851 818 442 142 tillfälle

504 945 603 148 utkommit
956 945 402 148 från
1208 945 553 148 Olssons
1610 945 704 148 lånekontor
2113 945 251 148 han

524 1066 780 180 sammanträffat
1166 1066 321 180 med
1350 1066 367 180 Axel
1579 1066 550 180 Eriksson
1992 1066 321 180 som
2130 1066 229 180 han

512 1202 297 192 med
681 1202 721 192 underrattelse
1275 1202 255 192 om
1403 1202 636 192 tillgreppen
1912 1202 255 192 då
1997 1202 339 192 gifvit

513 1343 231 216 75
628 1343 269 216 öre
782 1343 231 216 af
897 1343 269 216 det
1051 1343 384 216 belopp
1320 1343 269 216 som
1473 1343 269 216 han
1627 1343 231 216 af
1742 1343 384 216 Olsson
2011 1343 307 216 fått
2165 1343 269 216 emot¬-

525 1494 366 181 taga;
769 1494 285 181 att
932 1494 447 181 Larsson
1257 1494 285 181 och
1420 1494 325 181 Axel
1623 1494 488 181 Eriksson
1948 1494 407 181 derefter

522 1612 494 199 begifvit
892 1612 288 199 sig
1057 1612 329 199 till
1263 1612 576 199 ofvannämde
1716 1612 329 199 vind
1922 1612 288 199 der
2045 1612 371 199 Larsson

492 1718 384 195 medan
748 1718 341 195 Axel
962 1718 512 195 Eriksson
1345 1718 427 195 sadnat
1644 1718 469 195 utanför
1985 1718 213 195 å
2028 1718 341 195 vinden

502 1879 300 162 åter
690 1879 450 162 inkrupit
1028 1879 188 162 i
1103 1879 450 162 skrubben
1441 1879 263 162 och
1591 1879 525 162 tillgripit
2004 1879 225 162 en
2079 1879 300 162 paletå

506 1990 416 175 hvilken
809 1990 265 175 han
960 1990 378 175 lemnat
1225 1990 303 175 till
1414 1990 492 175 Eriksson,
1792 1990 529 175 hvarefter,
2170 1990 265 175 sedan

521 2117 212 182 de
627 2117 176 182 i
697 2117 459 182 Erikssons
1050 2117 353 182 bostad
1297 2117 423 182 tillsagt
1614 2117 388 182 Charles
1896 2117 423 182 Eriksson
2179 2117 176 182 att

494 2248 500 180 medfölja,
878 2248 346 180 denne
1109 2248 269 180 för
1262 2248 346 180 deras
1493 2248 423 180 räkning
1801 2248 269 180 för
1955 2248 192 180 5
1993 2248 346 180 kronor,

484 2360 509 176 pantsatt
865 2360 466 176 paletån
1204 2360 381 176 under
1458 2360 254 176 No
1585 2360 381 176 19597
1840 2360 297 176 hos
2009 2360 212 176 C
2094 2360 212 176 H
2136 2360 297 176 Hall¬-

506 2517 379 145 berg;
759 2517 295 145 att
927 2517 253 145 de
1054 2517 506 145 samtlige
1433 2517 295 145 den
1602 2517 211 145 7
1686 2517 422 145 dennes
1981 2517 464 145 uppgått
2277 2517 126 145 å

495 2618 396 147 vinden
773 2618 277 147 der
931 2618 475 147 Larsson,
1287 2618 356 147 efter
1525 2618 277 147 att
1683 2618 356 147 hafva
1921 2618 396 147 ingått
2158 2618 119 147 i

485 2749 485 139 skrubben
848 2749 283 139 och
1010 2749 566 139 tillgripit
1455 2749 242 139 en
1576 2749 364 139 svart
1818 2749 404 139 paletå
2101 2749 283 139 och
2222 2749 162 139 en

497 2877 271 170 grå
652 2877 426 170 kjortel
962 2877 581 170 öfverlemnat
1427 2877 426 170 paletån
1737 2877 310 170 till
1931 2877 310 170 Axel
2086 2877 310 170 Eriks¬-

479 3011 324 150 son
664 3011 324 150 som
849 3011 462 150 genast
1172 3011 555 150 pantsatt
1588 3011 555 150 densamma
2004 3011 416 150 under
2235 3011 185 150 No

487 3105 341 171 1095
701 3105 299 171 för
871 3105 213 171 2
957 3105 469 171 Kronor,
1298 3105 213 171 å
1383 3105 512 171 Majornas
1724 3105 683 171 pantlånekontor

491 3226 222 189 i
579 3226 400 189 huset
846 3226 267 189 No
980 3226 267 189 44
1113 3226 311 189 vid
1291 3226 667 189 Husargatan,
1825 3226 311 189 och
1958 3226 445 189 kjorteln

486 3351 335 154 till
696 3351 461 154 Charles
1031 3351 503 154 Eriksson
1408 3351 293 154 som
1575 3351 503 154 pantsatt
1952 3351 293 154 den
2078 3351 293 154 under

495 3518 244 136 No
617 3518 326 136 1093
821 3518 285 136 för
984 3518 204 136 2
1066 3518 407 136 kronor
1351 3518 204 136 å
1432 3518 367 136 samma
1677 3518 448 136 kontor,
2003 3518 285 136 att
2125 3518 285 136 Lars¬-

512 3666 272 140 son
668 3666 466 140 derefter
1017 3666 272 140 den
1173 3666 233 140 8.
1289 3666 233 140 9.
1406 3666 466 140 10,12.13
1755 3666 272 140 och
1911 3666 233 140 15
2027 3666 233 140 de
2105 3666 272 140 inne¬-

506 3781 480 122 varande
855 3781 349 122 Juli
1073 3781 349 122 åter
1291 3781 523 122 inkrupit
1683 3781 218 122 i
1727 3781 654 122 vindsskrubben

2655 155 283 170 och
2816 155 526 170 derstädes
3221 155 364 170 under
3464 155 283 170 det
3626 155 324 170 Axel
3828 155 526 170 Eriksson,
4192 155 364 170 Charles

2664 286 493 142 Eriksson
3034 286 287 142 och
3198 286 493 142 Svensson
3567 286 411 142 väntat
3855 286 452 142 utanför
4183 286 205 142 å
4224 286 329 142 vinden

2664 402 543 225 tillgripit
3091 402 271 225 den
3246 402 194 225 8
3323 402 388 225 dennes
3595 402 233 225 en
3711 402 271 225 röd
3866 402 465 225 klädning
4215 402 271 225 som
4331 402 233 225 Axel

2655 528 482 213 Eriksson
3016 528 482 213 pantsatt
3378 528 362 213 under
3619 528 241 213 No
3740 528 362 213 19819
3981 528 281 213 för
4141 528 201 213 2
4181 528 362 213 Kronor.

2668 651 257 174 hos
2815 651 220 174 C.
2925 651 220 174 H.
3035 651 477 174 Hallberg,
3402 651 257 174 den
3549 651 184 174 9
3623 651 367 174 dennes
3880 651 257 174 ett
4026 651 330 174 grått
4210 651 367 174 klädning

2659 796 304 237 lif
2832 796 304 237 som
3006 796 477 237 Larsson
3353 796 391 237 samma
3613 796 304 237 dag
3787 796 391 237 under
4047 796 260 237 No
4134 796 304 237 12149

2664 927 483 208 pantsatt
3026 927 282 208 för
3187 927 241 208 37
3308 927 282 208 öre
3469 927 282 208 hos
3630 927 443 208 Osberg,
3951 927 282 208 den
4112 927 241 208 10
4233 927 241 208 en
4314 927 241 208 väst

2677 1039 263 234 och
2828 1039 263 234 ett
2978 1039 564 234 klädninglif
3430 1039 376 234 hvilka
3693 1039 339 234 plagg
3919 1039 263 234 han
4070 1039 376 234 genast
4296 1039 263 234 pant¬-

2667 1194 319 199 satt
2866 1194 358 199 under
3105 1194 239 199 No
3225 1194 358 199 12174
3464 1194 279 199 för
3623 1194 239 199 50
3742 1194 279 199 öre
3902 1194 279 199 hos
4061 1194 438 199 Osberg,
4340 1194 199 199 den

2684 1323 230 214 12
2799 1323 268 214 två
2952 1323 268 214 par
3106 1323 345 214 byxor
3336 1323 268 214 och
3489 1323 230 214 en
3604 1323 307 214 väst
3796 1323 230 214 af
3911 1323 384 214 hvilka
4141 1323 422 214 persedlar

2679 1414 292 286 han
2846 1414 375 286 sjelf
3096 1414 375 286 samma
3347 1414 292 286 dag
3514 1414 501 286 pantsatt
3889 1414 292 286 ett
4056 1414 292 286 par
4181 1414 292 286 byxor

2661 1572 300 221 och
2832 1572 257 221 en
2961 1572 342 221 väst
3175 1572 300 221 hos
3346 1572 514 221 Hallberg
3731 1572 300 221 för
3903 1572 214 221 1
3988 1572 385 221 krona
4202 1572 300 221 under

2675 1698 259 234 No
2804 1698 475 234 20,069;
3149 1698 302 234 och
3322 1698 475 234 Charles
3667 1698 518 234 Eriksson
4056 1698 302 234 det
4185 1698 302 234 andra

2664 1860 392 237 puret
2926 1860 392 237 byxor
3187 1860 305 237 hus
3361 1860 653 237 pantlånaren
3884 1860 261 237 N.
4015 1860 523 237 Landgren
4363 1860 131 237 i

2679 2010 393 206 huset
2941 2010 262 206 No
3073 2010 262 206 53
3204 2010 306 206 vid
3378 2010 393 206 Andra
3641 2010 568 206 Långgatan
4077 2010 306 206 för
4252 2010 262 206 50
4340 2010 218 206 öre

2681 2135 376 237 under
2932 2135 250 237 No
3057 2135 417 237 15515;
3349 2135 292 237 den
3516 2135 250 237 13
3641 2135 250 237 en
3767 2135 334 237 hvit
3975 2135 501 237 kjortel,
4309 2135 209 237 som

2677 2255 498 208 Larsson
3039 2255 408 208 samma
3311 2255 317 208 dag
3492 2255 408 208 under
3764 2255 272 208 No
3900 2255 408 208 12253
4127 2255 453 208 pantsatt

2687 2400 258 265 för
2835 2400 221 265 57
2945 2400 258 265 öre
3093 2400 258 265 hos
3240 2400 406 265 Osberg;
3535 2400 258 265 och
3683 2400 258 265 den
3830 2400 221 265 15
3941 2400 258 265 ett
4088 2400 258 265 par
4199 2400 295 265 byxor,

2686 2507 318 247 som
2867 2507 499 247 Larsson
3230 2507 408 247 samma
3503 2507 318 247 dag
3684 2507 545 247 pantsatt
4093 2507 408 247 under
4319 2507 182 247 No

2671 2667 373 272 15582
2919 2667 290 272 för
3085 2667 249 272 50
3209 2667 290 272 öre
3375 2667 290 272 hos
3540 2667 538 272 Landgren;
3955 2667 290 272 att
4120 2667 249 272 de
4203 2667 373 272 bekomne

2695 2794 603 241 pantkvittona
3185 2794 377 241 städse
3449 2794 641 241 sönderifvits,
3977 2794 302 241 samt
4166 2794 264 241 att
4279 2794 226 241 alla

2689 2910 331 283 fyra
2895 2910 289 283 sig
3061 2910 455 283 emellan
3392 2910 331 283 lika
3598 2910 496 283 fördelat
3971 2910 248 283 de
4095 2910 372 283 genom
4302 2910 289 283 pant¬-

2677 3124 590 170 sättningen
3141 3124 506 170 erhållne
3478 3124 590 170 penningarne.

2748 3181 342 209 Axel
2962 3181 470 209 Leornad
3304 3181 555 209 Eriksson,
3731 3181 470 209 Charles
4030 3181 427 209 Frithiof

2729 3317 495 225 Eriksonn
3100 3317 289 225 och
3265 3317 413 225 Gustaf
3554 3317 413 225 Edvard
3843 3317 495 225 Svensson
4173 3317 289 225 hafva

2726 3352 490 299 vitsordat
3103 3352 565 299 riktigheten
3555 3352 226 299 af
3668 3352 414 299 Larsson
3969 3352 414 299 uppgift
4270 3352 188 299 i
4308 3352 226 299 hvar

2710 3635 323 138 dem
2848 3635 462 138 anginge.

2700 3653 522 240 Kläderna
3091 3653 391 240 hafva
3352 3653 217 240 å
3439 3653 261 240 de
3569 3653 261 240 af
3700 3653 478 240 Larsson
4004 3653 522 240 omförmälde
