4975 4065
454 259 639 184 mannen
901 259 575 184 Johan
1284 259 575 184 Peter
1604 259 702 184 Bengtsson

463 438 552 183 boende
849 438 276 183 i
959 438 496 183 huset
1290 438 331 183 No
1456 438 331 183 14
1621 438 386 183 vid
1786 438 552 183 Bergsga¬-

462 557 410 147 tan,
718 557 359 147 för
923 557 359 147 det
1128 557 359 147 han
1333 557 410 147 kort
1589 557 461 147 förut
1897 557 256 147 å
1948 557 359 147 öppna

478 667 602 171 platsen
916 667 383 171 vid
1135 667 820 171 Treklassiga
1736 667 547 171 Allmänna

473 769 736 195 läroverket
1052 769 315 195 ur
1209 769 736 195 Johanssons
1788 769 368 195 ena
1946 769 315 195 byx¬-

474 923 459 183 ficka
780 923 714 183 tillgripit
1341 923 306 183 en
1493 923 357 183 gul
1646 923 663 183 skinnporte¬-

462 1035 679 129 monnaie,
972 1035 906 129 innehållande
1707 1035 396 129 två
1877 1035 453 129 sedlar

473 1155 665 147 hvardera
971 1155 277 147 å
1082 1155 277 147 5
1193 1155 609 147 kronor,
1581 1155 720 147 medhafvande

476 1253 964 193 portemonnaien
1270 1253 794 193 springande
1837 1253 454 193 afläg¬-

466 1369 404 200 snat
718 1369 404 200 sig,
970 1369 505 200 dervid
1323 1369 353 200 han
1525 1369 555 200 blifvit
1929 1369 303 200 af
2030 1369 252 200 Jo¬-

461 1520 589 134 hansson
836 1520 643 134 eftersatt.

625 1613 824 141 Hemmasonen
1272 1613 765 141 Alexander
1802 1613 529 141 Johans¬-

448 1727 409 140 son
681 1727 467 140 från
973 1727 584 140 gården
1382 1727 409 140 Röd
1615 1727 292 140 i
1732 1727 525 140 Backa
2024 1727 233 140 sn

487 1840 286 150 på
630 1840 620 150 Hisingen,
1108 1840 334 150 har
1299 1840 430 150 sagde
1585 1840 334 150 dag
1776 1840 334 150 kl.
1967 1840 334 150 1/2
2110 1840 191 150 1.

473 1959 382 154 e.m.
712 1959 382 154 till
951 1959 907 154 Poliskonstapeln
1714 1959 286 154 No
1857 1959 286 154 21
1953 1959 334 154 Lund¬-

486 2110 420 155 gren
749 2110 630 155 aflemnat
1222 2110 735 155 Johanssons
1747 2110 578 155 portmona¬-

463 2227 334 169 ie,
654 2227 334 169 med
845 2227 764 169 inneliggande
1466 2227 286 169 10
1609 2227 334 169 Kr,
1800 2227 430 169 under
2039 2227 286 169 upp¬-

497 2318 415 195 gift,
774 2318 323 195 att
958 2318 323 195 han
1142 2318 369 195 kort
1373 2318 415 195 förut
1650 2318 231 195 å
1742 2318 415 195 öppna
1972 2318 323 195 plat¬-

467 2440 386 157 sen
688 2440 386 157 vid
908 2440 718 157 förenämde
1460 2440 662 157 läroverk
1902 2440 331 157 upp¬-

463 2548 549 224 hittat
848 2548 714 224 densamme,
1397 2548 604 224 hvilken
1782 2548 494 224 Bengts¬-

467 2695 428 192 son,
735 2695 321 192 då
896 2695 375 192 han
1110 2695 642 192 förföljd
1591 2695 321 192 af
1698 2695 589 192 Johansson

467 2818 531 168 fallit
839 2818 584 168 omkull,
1264 2818 691 168 derstädes
1742 2818 478 168 tappat.

549 2936 383 198 Wid
768 2936 383 198 det
987 2936 383 198 med
1206 2936 712 198 Bengtsson
1753 2936 274 198 i
1808 2936 438 198 anled¬-

470 3064 409 145 ning
726 3064 461 145 häraf
1033 3064 614 145 anstälde
1493 3064 563 145 förhör,
1903 3064 358 145 har
2056 3064 256 145 han

447 3168 662 194 förnekat
943 3168 386 194 all
1164 3168 662 194 kännedom
1660 3168 331 194 om
1770 3168 496 194 ifråga¬-

471 3307 453 168 komne
773 3307 705 168 tillgrepp,
1327 3307 453 168 under
1629 3307 554 168 uppgift
1982 3307 302 168 att,

455 3429 342 141 då
626 3429 399 141 han
854 3429 684 141 Onsdagen
1367 3429 399 141 den
1595 3429 342 141 24
1766 3429 342 141 ds
1880 3429 285 141 vid

455 3542 939 133 middagstiden
1218 3542 469 133 gått
1512 3542 293 133 å
1570 3542 763 133 Rosenlunds¬-

477 3647 588 165 gatan,
889 3647 412 165 han
1124 3647 470 165 hört
1418 3647 412 165 rop
1653 3647 529 165 bakom
1947 3647 294 165 sig

2630 301 379 120 att
2847 301 433 120 han,
3117 301 379 120 som
3334 301 542 120 dervid
3713 301 488 120 vändt
4039 301 379 120 sig
4201 301 271 120 om,

2616 379 428 163 sett
2884 379 321 163 en
3045 379 428 163 karl
3312 379 482 163 under
3633 379 589 163 hotande
4008 379 428 163 åtbör¬-

2598 506 421 185 der
2838 506 541 185 komma
3199 506 841 185 springande
3860 506 481 185 fram
4100 506 361 185 emot

2603 616 416 176 sig;
2863 616 364 176 att
3071 616 728 176 Bengtsson,
3643 616 364 176 som
3851 616 260 176 i
3903 616 572 176 anledning

2609 744 467 181 deraf
2921 744 571 181 blifvit
3336 744 467 181 rädd,
3648 744 519 181 börjat
3960 744 467 181 springa

2605 836 601 215 hvarvid
3042 836 382 215 han
3261 836 546 215 fallit
3643 836 546 215 omkull
4025 836 273 215 i
4079 836 328 215 när¬-

2601 965 532 205 heten
2955 965 354 205 af
3133 965 827 205 ofvannämde
3723 965 591 205 läroverk

2608 1069 495 198 samt
2917 1069 433 198 att
3165 1069 433 198 han
3412 1069 495 198 dock
3721 1069 371 198 så
3845 1069 495 198 mycket

2606 1199 563 187 mindre
3000 1199 563 187 kunnat
3394 1199 507 187 tappa
3731 1199 507 187 någon
4013 1199 450 187 porte¬-

2610 1319 706 154 monnaie,
3139 1319 412 154 som
3375 1319 412 154 han
3610 1319 470 154 icke
3845 1319 588 154 innehaft

2612 1437 533 206 någon
2908 1437 474 206 dylik.

2765 1501 673 198 Hustrun
3254 1501 490 198 Anna
3560 1501 796 198 Eriksson,
4111 1501 306 198 bo¬-

2607 1631 421 184 ende
2871 1631 263 184 i
2976 1631 474 184 huset
3292 1631 316 184 No
3450 1631 316 184 61
3608 1631 369 184 vid
3766 1631 632 184 Landsvägs¬-

2611 1738 531 236 gatan,
2982 1738 743 236 Sillhandl.
3566 1738 478 236 Adolf
3831 1738 584 236 Ferdinand

2600 1864 580 218 Brulin,
3022 1864 422 218 från
3286 1864 686 218 KalfsUnd,
3813 1864 369 218 och
3971 1864 475 218 Arbets¬-

2596 2009 577 176 karlen
3000 2009 577 176 Edvard
3404 2009 635 176 Amandus
3808 2009 635 176 Mattsson,

2600 2116 592 180 anstäld
3031 2116 269 180 å
3139 2116 592 180 Brulins
3569 2116 431 180 båt,
3839 2116 377 180 som
4000 2116 431 180 ligger

2608 2249 566 200 förtöjd
3019 2249 360 200 vid
3225 2249 771 200 Fisktorget,
3841 2249 463 200 hafva
4099 2249 308 200 sam¬-

2605 2345 969 203 manstämmande
3392 2345 726 203 berättat
3937 2345 424 203 att
4119 2345 242 203 de

2615 2462 691 238 Onsdagen
3134 2462 403 238 den
3364 2462 346 238 24
3537 2462 346 238 ds
3710 2462 403 238 vid
3883 2462 576 238 middags¬-

2612 2563 487 229 tiden
2937 2563 433 229 sett
3208 2563 704 229 Bengtsson
3749 2563 650 229 förföljd
4182 2563 217 229 af

2594 2702 962 201 målsegaren,
3363 2702 577 201 komma
3684 2702 769 201 springande

2594 2835 289 168 å
2710 2835 521 168 öppna
3057 2835 637 168 platsen
3520 2835 405 168 vid
3694 2835 752 168 Treklassiga

2598 2939 664 197 Allmänna
3096 2939 830 197 läroverket,
3759 2939 387 197 der
3925 2939 498 197 Bengts¬-

2608 3072 371 179 son
2820 3072 529 179 fallit
3190 3072 582 179 omkull,
3614 3072 371 179 att
3826 3072 476 179 efter
4090 3072 265 179 det

2619 3168 677 236 Bengtsson
3140 3168 417 236 rest
3400 3168 365 236 sig
3609 3168 417 236 upp,
3869 3168 365 236 och
4025 3168 365 236 fort¬-

2624 3306 420 164 satt
2887 3306 368 164 att
3097 3306 630 164 springa,
3570 3306 315 164 en
3675 3306 683 164 portmonnaie

2612 3410 687 205 qvarlegat
3141 3410 264 205 å
3246 3410 581 205 marken,
3669 3410 687 205 hvarifrån
4145 3410 264 205 den

2629 3533 546 178 genast
3012 3533 710 178 upptagits
3558 3533 328 178 af
3667 3533 656 178 ofvannämde

2618 3661 755 184 Alexander
3199 3661 813 184 Johansson,
3838 3661 407 184 som
4012 3661 349 184 lem¬
