5046 4076
477 181 315 168 Nyman,
697 181 441 168 tilltalade
1043 181 220 168 för
1169 181 378 168 olofligt
1453 181 409 168 tillgrepp
1768 181 189 168 af
1862 181 220 168 två
1988 181 315 168 säckar
2177 181 189 168 lump

504 267 255 180 från
664 267 479 180 Sjökaptenen
1047 267 192 180 A.
1142 267 383 180 Höglund,
1430 267 192 180 så
1525 267 223 180 har
1653 267 702 180 detektivkonstapeln
2228 267 223 180 Peter

477 381 378 197 Lindgren
760 381 220 197 den
886 381 157 197 2
949 381 189 197 ds
1043 381 220 197 för
1169 381 472 197 delaktighet
1547 381 157 197 i
1610 381 283 197 detta
1799 381 409 197 tillgrepp
2082 381 315 197 anhållit

483 483 496 193 arbetskarlen
886 483 310 193 August
1103 483 403 193 Johansson
1413 483 248 193 Pil,
1567 483 155 193 i
1629 483 310 193 saknad
1846 483 186 193 af
1939 483 341 193 bostad,
2156 483 279 193 hvilken

503 617 230 176 vid
634 617 230 176 det
766 617 230 176 med
897 617 295 176 honom
1094 617 164 176 i
1159 617 426 176 anledning
1487 617 295 176 häraf
1684 617 426 176 anställde
2012 617 328 176 förhör
2209 617 197 176 upp¬-

477 732 359 188 gifvit,
738 732 228 188 att
869 732 228 188 han
999 732 391 188 Måndagen
1293 732 228 188 den
1423 732 196 188 26
1521 732 294 188 sist.
1717 732 261 188 Juli
1880 732 196 188 på
1978 732 261 188 e.m.
2141 732 163 188 å
2174 732 228 188 Östra

461 842 431 170 Hamngatan
792 842 365 170 träffat
1057 842 331 170 Petrus
1289 842 431 170 Svensson,
1621 842 232 170 som
1753 842 199 170 då
1853 842 365 170 anmodat
2118 842 232 170 Pil
2217 842 166 170 att

483 964 261 196 vara
647 964 392 196 Svensson
940 964 457 196 behjelplig
1299 964 229 196 med
1430 964 229 196 att
1561 964 261 196 bära
1724 964 196 196 en
1822 964 261 196 säck
1985 964 294 196 lump,
2148 964 294 196 hvilken

487 1079 192 174 då
583 1079 224 174 var
711 1079 384 174 liggande
999 1079 160 174 å
1063 1079 288 174 kajen
1255 1079 224 174 vid
1383 1079 288 174 sagde
1575 1079 288 174 gata;
1767 1079 224 174 att
1895 1079 256 174 Pil,
2055 1079 224 174 som
2151 1079 256 174 efter¬-

480 1164 328 221 kommit
710 1164 427 221 Svenssons
1038 1164 394 221 begäran,
1333 1164 394 221 derefter
1629 1164 459 221 skiftesvis
1989 1164 230 221 med
2088 1164 328 221 Svensson

490 1320 294 140 burit
687 1320 327 140 säcken
916 1320 262 140 till
1079 1320 589 140 Luuphandlanden
1570 1320 425 140 Andersson
1897 1320 164 140 i
1962 1320 294 140 huset
2159 1320 196 140 No
2224 1320 131 140 12

489 1416 238 179 vid
625 1416 509 179 Husargatan,
1032 1416 238 179 der
1168 1416 204 179 de
1270 1416 272 179 sålt
1440 1416 441 179 densamma,
1779 1416 238 179 som
1915 1416 272 179 vägt
2085 1416 238 179 105
2220 1416 170 179 ℔
2254 1416 170 179 för

488 1525 170 156 6
556 1525 340 156 Kronor
794 1525 204 156 75
896 1525 272 156 öre;
1065 1525 238 156 att
1201 1525 306 156 under
1405 1525 238 156 det
1541 1525 204 156 de
1643 1525 306 156 varit
1847 1525 272 156 inne
2016 1525 170 156 i
2050 1525 340 156 lumphan¬-

485 1660 303 153 deln,
687 1660 371 153 bemälde
957 1660 303 153 Nyman
1159 1660 303 153 äfven
1361 1660 236 153 dit
1496 1660 438 153 inkommit,
1833 1660 438 153 hvarefter
2136 1660 270 153 Svens¬-

498 1756 209 186 son
618 1756 448 186 underrättat
976 1756 209 186 Pil
1095 1756 299 186 derom,
1304 1756 209 186 att
1424 1756 269 186 Nyman
1603 1756 239 186 vore
1752 1756 358 186 delaktig
2021 1756 149 186 i
2051 1756 328 186 tillgrep¬-

477 1887 267 162 pet,
644 1887 334 162 hvadan
878 1887 267 162 Pil,
1045 1887 234 162 som
1178 1887 401 162 mottagit
1479 1887 501 162 penningarne
1880 1887 234 162 för
2014 1887 234 162 den
2114 1887 301 162 försål¬-

471 1980 207 212 da
574 1980 379 212 lumpen,
850 1980 345 212 gifvit
1091 1980 310 212 Nyman
1298 1980 207 212 37
1402 1980 241 212 öre
1540 1980 241 212 och
1678 1980 345 212 bjudit
1919 1980 310 212 honom
2126 1980 207 212 på
2195 1980 207 212 för¬-

488 2115 312 175 täring
706 2115 187 175 af
800 2115 406 175 brännvin,
1112 2115 250 175 samt
1269 2115 250 175 att,
1425 2115 281 175 sedan
1612 2115 375 175 Svensson
1893 2115 219 175 och
2018 2115 219 175 Pil
2143 2115 250 175 lika
2268 2115 156 175 sig

469 2201 378 202 emellan
743 2201 412 202 fördelat
1052 2201 206 202 de
1155 2201 343 202 öfrige
1396 2201 549 202 penningarne,
1842 2201 343 202 jemväl
2048 2201 343 202 Svensson

467 2332 332 226 gifvit
699 2332 298 226 Nyman
898 2332 298 226 något
1097 2332 199 226 af
1196 2332 265 226 hvad
1362 2332 398 226 Svensson
1660 2332 365 226 sålunda
1926 2332 265 226 fått
2058 2332 365 226 emottaga.

556 2450 216 212 På
664 2450 324 212 grund
880 2450 216 212 af
988 2450 288 212 hvad
1167 2450 396 212 sålunda
1455 2450 539 212 förekommit,
1887 2450 360 212 kommer
2102 2450 288 212 August

463 2556 441 224 Johansson
802 2556 238 224 Pil
938 2556 238 224 att
1074 2556 305 224 denna
1278 2556 238 224 dag
1413 2556 238 224 för
1549 2556 238 224 PKn
1651 2556 407 224 inställas.

71 2722 285 170 No
165 2722 285 170 166.

60 2871 245 150 August
207 2871 270 150 Andersson

49 2968 166 143 och
144 2968 190 143 Axel
239 2968 262 143 Svensson.

611 2722 431 153 Följande
934 2722 431 153 personer
1258 2722 323 153 hafva
1438 2722 323 153 anmält:

485 2832 205 182 1o
587 2832 445 182 Sjömannen
930 2832 342 182 Daniel
1169 2832 445 182 Johansson
1511 2832 274 182 från
1683 2832 376 182 Arnenäs
1956 2832 171 182 i
1991 2832 376 182 Forshälla

480 2940 325 138 Socken
707 2940 227 138 och
837 2940 422 138 Christian
1161 2940 454 138 Martinsen,
1518 2940 292 138 begge
1713 2940 227 138 för
1843 2940 454 138 närvarande
2167 2940 195 138 utan

474 3047 459 158 anställning
842 3047 214 158 och
964 3047 306 158 boende
1178 3047 153 158 i
1240 3047 275 158 huset
1423 3047 184 158 No
1515 3047 184 158 13
1607 3047 214 158 vid
1729 3047 428 158 Sillgatan:
2066 3047 214 158 att
2158 3047 214 158 sedan

486 3151 175 169 de
573 3151 350 169 Lördagen
836 3151 204 169 den
953 3151 175 169 31
1040 3151 263 169 sist.
1216 3151 234 169 Juli
1361 3151 204 169 kl.
1478 3151 321 169 omkring
1712 3151 175 169 11
1799 3151 234 169 e.m.
1945 3151 146 169 i
2004 3151 350 169 sällskap
2237 3151 146 169 med

443 3235 237 170 två
579 3235 407 170 obekanta
884 3235 475 170 fruntimmer
1257 3235 373 170 förtärt
1528 3235 203 170 öl
1630 3235 237 170 och
1766 3235 373 170 porter,
2037 3235 203 170 så
2139 3235 237 170 att
2240 3235 136 170 de

469 3361 291 151 deraf
663 3361 356 151 blifvit
922 3361 291 151 något
1116 3361 421 151 berusade,
1439 3361 194 151 de
1536 3361 291 151 jemte
1731 3361 485 151 fruntimren,
2086 3361 324 151 begifvit

459 3436 224 216 sig
587 3436 256 216 till
747 3436 448 216 Hagaheden,
1099 3436 320 216 dervid
1323 3436 448 216 Martinssen
1674 3436 288 216 burit
1866 3436 448 216 åtskilliga
2186 3436 192 216 dels

455 3555 246 201 honom
619 3555 191 201 och
728 3555 218 201 dels
864 3555 355 201 Johansson
1137 3555 382 201 tillhörige
1438 3555 546 201 klädespersedlar,
1902 3555 300 201 inlagde
2121 3555 137 201 i
2148 3555 273 201 Paketer,

478 3682 369 171 omslagne
755 3682 215 171 med
878 3682 307 171 papper
1093 3682 215 171 och
1216 3682 430 171 segelgarn;
1554 3682 215 171 att
1677 3682 184 171 de
1769 3682 307 171 dervid
1985 3682 184 171 på
2077 3682 307 171 gatan,
2261 3682 154 171 som

2586 141 273 194 leder
2768 141 212 194 upp
2889 141 212 194 för
3010 141 212 194 den
3131 141 182 194 s.
3222 141 182 194 k.
3313 141 546 194 Skojarebacken,
3768 141 333 194 blifvit
4011 141 182 194 af
4102 141 273 194 några
4253 141 273 194 obekan¬-

2571 271 194 176 ta
2668 271 324 176 karlar
2895 271 486 176 öfverfallne
3284 271 227 176 och
3413 271 357 176 slagne,
3673 271 357 176 hvarvid
3932 271 259 176 alla
4094 271 227 176 tre
4191 271 292 176 paketen

2594 356 335 215 blifvit
2837 356 426 215 Martensson
3172 356 457 215 frånstulne;
3537 356 213 215 att
3659 356 152 215 i
3720 356 213 215 två
3842 356 183 215 af
3933 356 396 215 paketerna
4207 356 335 215 förvarats

2609 475 409 199 Johanssons
2930 475 380 199 persedlar
3223 475 205 199 och
3340 475 146 199 i
3398 475 205 199 den
3515 475 292 199 tredje
3720 475 439 199 Martinsens,
4070 475 351 199 nemligen
4334 475 146 199 i
4363 475 146 199 ett

2592 590 187 235 af
2685 590 437 235 Johanssons
3029 590 343 235 paketer
3279 590 187 235 en
3372 590 406 235 stortröja
3684 590 187 235 af
3778 590 406 235 mörkrutig
4090 590 375 235 korderoj
4340 590 156 235 med

2582 688 271 230 svart
2763 688 391 230 klotfoder
3064 688 211 230 och
3184 688 211 230 ett
3305 688 211 230 par
3425 688 271 230 byxor
3606 688 211 230 och
3726 688 151 230 i
3786 688 211 230 det
3907 688 271 230 andra
4088 688 181 230 en
4148 688 331 230 grårandig

2590 777 428 262 ylleskjorta
2933 777 200 262 och
3047 777 171 262 en
3132 777 200 262 blå
3246 777 456 262 yllehalsduk,
3617 777 428 262 tillsammans
3960 777 257 262 värdt
4131 777 171 262 39
4216 777 200 262 Kr.
4330 777 171 262 25
4387 777 143 262 öre

2601 881 260 276 samt
2763 881 162 276 i
2828 881 454 276 Martinsens
3185 881 292 276 paket
3379 881 227 276 ett
3509 881 227 276 par
3639 881 454 276 mörkrutiga
3996 881 325 276 byxor,
4223 881 195 276 en
4288 881 195 276 väst

2590 1016 202 270 af
2691 1016 270 270 mörk
2860 1016 405 270 korderoj
3164 1016 236 270 och
3299 1016 236 270 ett
3433 1016 236 270 par
3568 1016 270 270 blåa
3737 1016 438 270 hängslen,
4041 1016 438 270 tillsammans

2601 1093 301 256 värdt
2801 1093 201 256 16
2901 1093 368 256 Kronor,
3169 1093 267 256 samt
3336 1093 234 256 att
3469 1093 267 256 alla
3637 1093 201 256 de
3737 1093 368 256 mistade
4004 1093 368 256 plaggen
4238 1093 234 256 varit

2595 1237 300 232 samma
2795 1237 234 232 dag
2928 1237 200 232 af
3028 1237 467 232 Målsegarne
3395 1237 367 232 inköpte
3662 1237 167 232 i
3729 1237 367 232 Bazaren
3996 1237 234 232 vid
4096 1237 467 232 Kungstorget.

2584 1305 196 265 2o
2682 1305 425 265 Drängarne
3009 1305 327 265 Alfred
3238 1305 425 265 Johansson
3565 1305 392 265 Almqvist
3860 1305 229 265 och
3990 1305 327 265 Svante
4187 1305 294 265 Olsson,

2606 1440 295 264 begge
2803 1440 426 264 anställde
3131 1440 229 264 och
3262 1440 328 264 boende
3491 1440 229 264 hos
3622 1440 328 264 Åkaren
3852 1440 426 264 Brattfors
4179 1440 164 264 i
4245 1440 295 264 huset
4409 1440 131 264 No

2623 1560 195 209 16
2720 1560 162 209 i
2785 1560 487 209 Brandtdala;
3174 1560 227 209 att
3304 1560 325 209 natten
3531 1560 357 209 emellan
3791 1560 227 209 den
3921 1560 195 209 31
4018 1560 292 209 sist.
4213 1560 260 209 Juli
4343 1560 162 209 och

2612 1679 232 196 den
2744 1679 165 196 1
2810 1679 331 196 dennes
3042 1679 298 196 genom
3241 1679 364 196 inbrott
3505 1679 165 196 i
3571 1679 232 196 ett
3704 1679 298 196 stall
3902 1679 199 196 på
4002 1679 331 196 gården
4233 1679 165 196 i
4266 1679 265 196 nämnde

2600 1792 259 204 hus,
2761 1792 259 204 till
2923 1792 356 204 hvilket
3182 1792 291 204 stall
3376 1792 356 204 tjufven
3635 1792 323 204 beredt
3861 1792 226 204 sig
3990 1792 356 204 inträde
4217 1792 291 204 medelst

2616 1895 234 216 att
2749 1895 368 216 klättra
3017 1895 234 216 upp
3151 1895 234 216 för
3284 1895 234 216 ena
3418 1895 535 216 gafvelväggen
3853 1895 234 216 och
3986 1895 401 216 derefter
4254 1895 234 216 genom

2601 1986 217 213 en
2709 1986 398 213 öppning
2999 1986 326 213 under
3216 1986 398 213 takåsen
3506 1986 362 213 krupit
3759 1986 217 213 in
3868 1986 181 213 å
3940 1986 543 213 stallrännet
4339 1986 217 213 der¬-

2607 2177 330 157 städes
2805 2177 429 157 tillgripits

2611 2196 245 225 från
2765 2196 399 225 Almqvist:
3071 2196 215 225 ett
3194 2196 215 225 par
3317 2196 429 225 mörkrutiga
3654 2196 552 225 korderojbyxor,
4115 2196 276 225 värde
4299 2196 184 225 En
4360 2196 184 225 Kro¬-

2598 2310 227 234 na,
2727 2310 227 234 ett
2857 2310 227 234 par
2987 2310 292 234 gamla
3182 2310 649 234 mollskinnsbyxor,
3734 2310 292 234 värde
3929 2310 195 234 25
4026 2310 227 234 öre
4156 2310 227 234 och
4286 2310 195 234 en
4351 2310 162 234 blå

2614 2444 223 216 och
2742 2444 446 216 hvitrandig
3092 2444 383 216 skjorta,
3379 2444 255 216 värd
3539 2444 223 216 Två
3666 2444 319 216 Kronor
3858 2444 159 216 och

2629 2544 245 230 från
2783 2544 338 230 Olsson:
3028 2544 184 230 en
3120 2544 245 230 hvit
3274 2544 552 230 fårskinnsväst,
3734 2544 245 230 värd
3887 2544 215 230 Tre
4010 2544 338 230 Kronor,
4256 2544 215 230 ett
4348 2544 153 230 par

2620 2631 598 224 linnekalsonger,
3123 2631 283 224 värde
3312 2631 189 224 En
3406 2631 315 224 Krona,
3627 2631 189 224 en
3721 2631 504 224 yllehalsduk,
4130 2631 252 224 värd
4288 2631 189 224 25
4351 2631 157 224 öre

2613 2758 224 225 och
2741 2758 192 225 en
2837 2758 256 225 väst
2998 2758 192 225 af
3094 2758 288 225 blått
3286 2758 320 225 kläde,
3510 2758 256 225 värd
3671 2758 160 225 4
3703 2758 288 225 Kronor.

2744 2820 241 253 Wid
2881 2820 241 253 den
3019 2820 207 253 af
3122 2820 826 253 detektivkonstaplarne
3845 2820 207 253 J.
3948 2820 413 253 Rönnbäck
4258 2820 241 253 och
4361 2820 138 253 C.

2603 2965 425 214 Hellström
2930 2965 425 214 företagna
3257 2965 556 214 efterspaning,
3715 2965 294 214 hafva
3911 2965 392 214 följande
4173 2965 327 214 personer

2604 3116 365 186 blifvit
2869 3116 299 186 hörde
3069 3116 232 186 och
3168 3116 332 186 upplyst:

2601 3152 208 263 1o
2705 3152 346 263 Ogifta
2947 3152 727 263 Cigarrarbeterskan
3570 3152 311 263 Hanna
3778 3152 346 263 Lorén,
4020 3152 346 263 boende
4262 3152 173 263 i
4297 3152 242 263 huset

2604 3270 197 239 No
2703 3270 230 239 105
2834 3270 263 239 Litt
2999 3270 165 239 A
3065 3270 230 239 vid
3197 3270 560 239 Landalaledet,
3657 3270 230 239 att
3789 3270 395 239 Lördagen
4085 3270 230 239 den
4217 3270 197 239 31
4283 3270 230 239 sist.

2603 3402 267 245 Juli
2770 3402 201 245 på
2870 3402 401 245 aftonen,
3171 3402 301 245 sedan
3371 3402 234 245 han
3505 3402 234 245 och
3639 3402 735 245 Fabriksarbeterskan
4241 3402 267 245 Amalia

2599 3496 402 256 Jonsson,
2900 3496 335 256 boende
3135 3496 168 256 i
3202 3496 302 256 huset
3403 3496 201 256 No
3503 3496 235 256 101
3637 3496 168 256 å
3704 3496 436 256 Hagaheden
4006 3496 503 256 sammanträffat

2607 3644 236 150 med
2742 3644 236 150 tre
2877 3644 405 150 obekanta
3181 3644 371 150 sjöman,
3451 3644 337 150 hvilka
3687 3644 337 150 bjudit
3923 3644 236 150 dem
4058 3644 202 150 på
4125 3644 405 150 förtäring,

2612 3709 246 192 den
2753 3709 246 192 ena
2893 3709 211 192 af
2999 3709 458 192 Sjömännen
3351 3709 352 192 lemnat
3598 3709 317 192 Lorén
3809 3709 246 192 ett
3950 3709 317 192 paket
4161 3709 246 192 att
4267 3709 246 192 bära,
