5120 4082
544 305 368 115 gen
755 305 368 115 den
965 305 316 115 12
1123 305 526 115 dennes
1491 305 631 115 anhållit
1912 305 578 115 ofvannäm¬-

541 353 347 187 de
715 353 463 187 Axel
1004 353 578 187 Ludvig
1408 353 752 187 Svensson,
1929 353 520 187 hvilken

531 482 401 145 vid
760 482 401 145 det
989 482 401 145 med
1218 482 516 145 honom
1562 482 688 145 anstälde
2021 482 458 145 förhör

542 595 574 165 erkänt,
959 595 365 165 att
1168 595 365 165 han
1377 595 365 165 som
1586 595 313 165 är
1742 595 418 165 född
2003 595 365 165 den
2160 595 313 165 15de

543 702 604 202 Februari
996 702 453 202 1868,
1298 702 604 202 Lördagen
1750 702 352 202 den
1952 702 302 202 19
2052 702 403 202 dennes

534 844 332 137 på
700 844 665 137 aftonen,
1199 844 332 137 på
1365 844 443 137 sätt
1642 844 554 137 anmält
1974 844 499 137 blifvit

538 931 379 201 från
774 931 615 201 Christine
1248 931 615 201 Svensson,
1721 931 663 201 tillgripit
2194 931 284 201 den¬-

510 1061 401 190 nas
739 1061 917 190 portemonnaie
1484 1061 401 190 med
1656 1061 802 190 inneliggande

532 1199 263 109 1
638 1199 473 109 krona
953 1199 368 109 och
1163 1199 631 109 Beckmans
1636 1199 315 109 20
1794 1199 578 109 kronor,
2162 1199 315 109 samt

529 1296 341 203 att
724 1296 341 203 han
919 1296 341 203 som
1114 1296 779 203 sönderrifvit
1747 1296 341 203 den
1893 1296 585 203 tillgripne

543 1456 862 168 portmonnaien,
1253 1456 304 168 af
1406 1456 304 168 de
1558 1456 507 168 stulna
1862 1456 609 168 penningar¬-

519 1589 328 139 ne
683 1589 602 139 användt
1121 1589 328 139 10
1285 1589 547 139 kronor
1668 1589 438 139 till
1942 1589 492 139 inköp
2215 1589 219 139 af

517 1709 777 152 bakelser,
1115 1709 418 152 och
1354 1709 478 152 till
1652 1709 478 152 Emma
1891 1709 538 152 Beckman

521 1838 787 113 återlemnat
1139 1838 337 113 11
1252 1838 506 113 kronor.

632 1913 324 153 På
794 1913 485 153 grund
1118 1913 324 153 af
1279 1913 432 153 hvad
1549 1913 593 153 sålunda
1927 1913 539 153 förekom¬-

525 2030 415 134 mit
762 2030 593 134 kommer
1177 2030 474 134 Axel
1473 2030 593 134 Ludvig
1828 2030 593 134 Svensson

529 2145 370 175 att
740 2145 475 175 denna
1057 2145 370 175 dag
1269 2145 370 175 för
1480 2145 898 175 Poliskammaren
2167 2145 264 175 in¬-

535 2251 610 109 ställas.
993 2251 610 109 Göteborg
1450 2251 356 109 den
1654 2251 305 109 13
1806 2251 508 109 oktob.
2111 2251 356 109 1880.

70 2350 361 138 No
190 2350 301 138 220

110 2501 361 134 Anders
326 2501 217 134 Pet¬-

24 2619 503 103 tersson

588 2335 600 172 Hyrhusken
1049 2335 277 172 C.
1188 2335 600 172 Wincrantz
1649 2335 231 172 i
1741 2335 415 172 huset
2018 2335 277 172 No
2156 2335 277 172 66
2248 2335 231 172 vid

535 2485 927 198 Drottninggatan
1308 2485 412 198 samt
1566 2485 361 198 hos
1772 2485 464 198 honom
2029 2485 464 198 anstäld

522 2589 331 160 och
711 2589 472 160 boende
1041 2589 567 160 kuskerne
1466 2589 472 160 August
1797 2589 614 160 Andersson
2222 2589 236 160 Al¬-

523 2705 407 207 fred
778 2705 611 207 Svensson
1236 2705 356 207 och
1440 2705 407 207 Carl
1694 2705 611 207 Claesson
2102 2705 356 207 hafva

541 2876 564 125 anmält,
951 2876 359 125 att
1156 2876 256 125 i
1258 2876 461 125 samma
1566 2876 256 125 å
1668 2876 718 125 nedannämde
2181 2876 256 125 ti¬-

539 2970 279 189 der
699 2970 279 189 och
858 2970 439 189 ställen
1177 2970 319 189 från
1377 2970 279 189 dem
1536 2970 598 189 tillgripits
1975 2970 399 189 nemligen

529 3115 374 139 från
763 3115 608 139 Wincrantz
1231 3115 374 139 dels
1465 3115 468 139 natten
1793 3115 515 139 emellan
2120 3115 234 139 den

531 3208 286 151 30
674 3208 476 151 sistl.
1008 3208 619 151 September
1484 3208 333 151 och
1675 3208 333 151 den
1865 3208 238 151 1
1961 3208 476 151 dennes
2246 3208 191 151 en

536 3317 404 209 wäst
788 3317 303 209 af
940 3317 455 209 svart
1243 3317 505 209 sammet
1596 3317 404 209 värd
1849 3317 303 209 10
1950 3317 455 209 kronor.

518 3445 402 176 från
769 3445 502 176 August
1121 3445 653 176 Andersson
1623 3445 301 176 en
1724 3445 703 176 vinteröfver¬-

529 3543 370 215 rock
760 3543 277 215 af
898 3543 323 215 grå
1083 3543 462 215 doffel
1407 3543 323 215 och
1591 3543 231 215 i
1684 3543 601 215 densammas
2099 3543 370 215 fickor

540 3652 632 218 förvarade
1026 3652 340 218 två
1221 3652 778 218 cigarrfodral
1804 3652 632 218 tillsammans

2685 146 370 180 värd
2916 146 601 180 50kronor,
3378 146 277 180 en
3516 146 508 180 lifrock
3886 146 323 180 och
4071 146 277 180 en
4209 146 370 180 väst
4394 146 185 180 af

2666 271 451 183 svart
2966 271 751 183 kamgarnstyg
3567 271 401 183 värd
3818 271 301 183 30
3968 271 551 183 kronor,
4319 271 200 183 en

2662 373 501 235 lifrock
3027 373 273 235 af
3163 373 546 235 gråbrunt
3573 373 637 235 kostymtyg,
4074 373 364 235 värd
4301 373 273 235 20
4392 373 228 235 kr,

2664 531 343 202 och
2860 531 294 202 en
3007 531 932 202 sommaröfverrock
3792 531 294 202 af
3939 531 343 202 grå
4086 531 490 202 meleradt

2675 637 684 228 diagonaltyg
3223 637 365 228 värd
3451 637 274 228 25
3588 637 456 228 kronor
3907 637 456 228 hvilka
4181 637 410 228 persed¬-

2673 727 310 286 lar
2850 727 576 286 förvarats
3293 727 222 286 i
3382 727 266 286 in
3514 727 532 286 garderob
3913 727 222 286 å
4002 727 266 286 en
4135 727 354 286 låst
4312 727 310 286 vind.

2642 882 411 253 från
2899 882 617 253 Svensson
3361 882 308 253 en
3515 882 514 253 gammal
3875 882 463 253 svart
4132 882 514 253 filthatt

2661 981 207 267 4
2743 981 290 267 st.
2909 981 745 267 öfverskjortor,
3530 981 207 267 2
3613 981 704 267 nattskjortor,
4192 981 290 267 ett
4316 981 207 267 par

2664 1093 401 251 lakan,
2945 1093 281 251 ett
3105 1093 562 251 bulstervar
3547 1093 281 251 och
3707 1093 281 251 ett
3868 1093 401 251 putvar
4108 1093 522 251 tillsammans

2666 1255 380 202 värdt
2919 1255 254 202 16
3046 1255 465 202 kronor,
3384 1255 465 202 hvilket
3722 1255 338 202 gods
3933 1255 549 202 förvarats
4356 1255 211 202 i
4398 1255 169 202 en

2663 1359 380 281 låst
2900 1359 570 281 draglåda
3328 1359 333 281 som
3518 1359 428 281 stått
3803 1359 238 281 i
3898 1359 285 281 en
3993 1359 618 281 selkammare,

2682 1474 338 280 dels
2893 1474 296 280 och
3062 1474 381 280 någon
3316 1474 296 280 dag
3486 1474 212 280 i
3570 1474 423 280 midten
3866 1474 254 280 af
3993 1474 423 280 sistl.
4247 1474 381 280 Septem¬-

2667 1620 321 263 ber
2850 1620 412 263 månad
3125 1620 367 263 från
3355 1620 550 263 Claesson
3767 1620 321 263 ett
3950 1620 321 263 par
4134 1620 412 263 byxor
4363 1620 183 263 af

2680 1725 640 281 mörkrandig
3183 1725 594 281 korderoj,
3640 1725 366 281 värd
3869 1725 229 281 6
3960 1725 457 281 Kronor
4234 1725 366 281 hvilka

2680 1875 361 283 byxor
2920 1875 361 283 legat
3161 1875 200 283 i
3241 1875 280 283 ett
3401 1875 361 283 paket
3641 1875 280 283 vid
3802 1875 240 283 en
3922 1875 401 283 trappa
4202 1875 200 283 i
4242 1875 361 283 gården.

2682 1935 399 307 Sedan
2948 1935 266 307 af
3081 1935 266 307 de
3214 1935 355 307 från
3435 1935 576 307 Andersson
3879 1935 621 307 tillgripne
4322 1935 266 307 klä¬-

2671 2128 395 234 derna
2935 2128 659 234 återfunnits
3462 2128 571 234 pantsatte
3857 2128 747 234 vinteröfverroc¬-

2691 2219 319 259 ken
2874 2219 319 259 den
3056 2219 228 259 1
3147 2219 456 259 dennes
3467 2219 319 259 för
3649 2219 274 259 20
3786 2219 456 259 kronor
4105 2219 319 259 hos
4242 2219 319 259 pant¬-

2671 2359 516 238 lånaren
3046 2359 281 238 P.
3187 2359 281 238 M.
3328 2359 610 238 Lindström
3797 2359 235 238 i
3891 2359 422 238 huset
4172 2359 281 238 No
4313 2359 281 238 43
4406 2359 188 238 af

2685 2447 540 327 Majornas
3090 2447 450 327 tredje
3405 2447 360 327 rote
3630 2447 315 327 och
3810 2447 315 327 den
3990 2447 540 327 gråbruna
4350 2447 270 327 lif¬-

2680 2566 487 271 rocken
3021 2566 438 271 samma
3313 2566 341 271 dag
3508 2566 341 271 för
3702 2566 243 271 5
3800 2566 487 271 kronor
4140 2566 341 271 hos
4286 2566 341 271 pant¬-

2663 2701 492 260 lånaren
3021 2701 268 260 W.
3155 2701 402 260 Karth
3423 2701 223 260 i
3513 2701 402 260 huset
3781 2701 268 260 No
3915 2701 223 260 5
4004 2701 313 260 vid
4138 2701 492 260 Wallgatan

2672 2844 411 227 hafva
2946 2844 1096 227 Detektivkonstaplarna
3906 2844 640 227 P.Lindgren
4363 2844 228 227 och

2661 2997 263 246 E
2767 2997 263 246 H
2872 2997 316 246 C.
3030 2997 316 246 G.
3188 2997 527 246 Andrén
3557 2997 369 246 den
3768 2997 316 246 11
3926 2997 527 246 dennes
4242 2997 369 246 såsom

2670 3117 640 233 misstänkt
3162 3117 345 233 för
3359 3117 443 233 dessa
3655 3117 640 233 tillgrepp
4098 3117 493 233 anhållit

2683 3256 318 260 för
2864 3256 409 260 andra
3137 3256 409 260 resan
3410 3256 409 260 stöld
3682 3256 591 260 straffade
4137 3256 273 260 fe
4227 3256 364 260 Krono¬-

2686 3396 758 245 arbetskarlen
3302 3396 474 245 Anders
3633 3396 663 245 Pettersson
4155 3396 474 245 boende
4439 3396 142 245 i

2691 3511 452 224 Enkan
2992 3511 602 224 Carolina
3443 3511 552 224 Olssons
3845 3511 351 224 hus
3995 3511 552 224 backstuga

2689 3659 448 168 under
2988 3659 349 168 Rud
3187 3659 697 168 Mellangård
3735 3659 249 168 i
3834 3659 597 168 Frölunda
4233 3659 398 168 socken

2697 3759 485 197 hvilken
3049 3759 308 197 vid
3226 3759 661 197 anhållandet
3754 3759 308 197 var
3930 3759 440 197 iklädd
4195 3759 485 197 Wincrantz
