5097 4114
506 227 240 97 och
643 227 342 97 endast
882 227 205 97 en
985 227 274 97 gång
1156 227 308 97 varit
1361 227 376 97 åtföljd
1635 227 205 97 af
1738 227 240 97 hos
1874 227 308 97 Rolin
2080 227 342 97 jemväl
2285 227 171 97 an¬-

472 359 373 93 ställde
743 359 441 93 lärlingen
1082 359 305 93 James
1286 359 373 93 Severin
1557 359 441 93 Svensson,
1896 359 373 93 hvilken
2167 359 203 93 då
2235 359 237 93 stått

474 481 193 97 på
570 481 257 97 vakt
731 481 225 97 vid
859 481 289 97 bron,
1052 481 225 97 som
1180 481 257 97 från
1341 481 417 97 Korsgatan
1662 481 289 97 leder
1854 481 289 97 öfver
2015 481 417 97 Wallgrafven

489 601 343 93 hvarför
738 601 280 93 denne
925 601 218 93 och
1050 601 187 93 af
1143 601 187 93 de
1236 601 187 93 af
1330 601 374 93 Eriksson
1610 601 218 93 vid
1735 601 280 93 detta
1922 601 405 93 tillfälle
2202 601 218 93 till¬-

507 713 327 105 gripne
736 713 196 105 17
835 713 327 105 Kronor
1064 713 393 105 erhållit
1358 713 229 105 Sju
1489 713 327 105 Kronor
1719 713 229 105 och
1849 713 393 105 dessutom
2144 713 229 105 vid
2242 713 164 105 ett

510 829 287 111 annat
702 829 415 111 tillfälle
1021 829 160 111 4
1085 829 351 111 Kronor;
1340 829 255 111 samt
1500 829 224 111 att
1628 829 224 111 han
1755 829 351 111 användt
2011 829 192 111 de
2075 829 383 111 tillgripne

484 943 474 113 penningarne
864 943 253 113 till
990 943 380 113 förtäring.

710 1057 161 89 I
774 1057 419 89 anledning
1097 1057 290 89 häraf
1290 1057 226 89 har
1419 1057 612 89 Poliskonstapeln
1935 1057 419 89 Jakobsson
2225 1057 193 89 jem¬-

501 1167 244 103 väl
641 1167 244 103 den
780 1167 175 103 2
850 1167 349 103 dennes
1095 1167 210 103 på
1200 1167 384 103 aftonen
1479 1167 419 103 anhållit
1793 1167 524 103 ofvannämnde
2178 1167 244 103 James

497 1285 319 107 Severin
729 1285 377 107 Svensson,
1018 1285 319 107 hvilken
1250 1285 174 107 är
1337 1285 232 107 född
1482 1285 203 107 den
1598 1285 145 107 6
1656 1285 319 107 Januari
1888 1285 232 107 1866
2032 1285 203 107 och
2148 1285 203 107 bor
2264 1285 145 107 i
2293 1285 145 107 hu¬-

489 1405 215 117 set
612 1405 184 117 No
704 1405 215 117 110
827 1405 184 117 C.
919 1405 153 117 a
980 1405 153 117 å
1042 1405 399 117 Hagaheden
1348 1405 215 117 hos
1471 1405 307 117 fadren
1686 1405 276 117 förre
1870 1405 491 117 Månadskarlen
2238 1405 184 117 Carl

490 1529 396 105 Svensson;
794 1529 213 105 och
916 1529 213 105 har
1037 1529 365 105 Svensson
1311 1529 213 105 vid
1433 1529 213 105 det
1554 1529 213 105 med
1676 1529 274 105 honom
1859 1529 396 105 anställde
2133 1529 243 105 förhör

508 1633 384 117 vidgått,
796 1633 224 117 att
924 1633 384 117 Eriksson
1212 1633 288 117 någon
1404 1633 224 117 dag
1532 1633 160 117 i
1596 1633 416 117 sistlidne
1916 1633 352 117 Januari
2140 1633 224 117 månad

505 1723 218 143 för
630 1723 281 143 honom
817 1723 343 143 omtalat
1066 1723 218 143 det
1190 1723 218 143 han
1315 1723 156 143 i
1378 1723 312 143 afsigt
1596 1723 218 143 att
1720 1723 312 143 stjäla
1939 1723 312 143 ämnade
2126 1723 281 143 begifva

488 1839 211 141 sig
608 1839 241 141 till
759 1839 421 141 Anderssons
1090 1839 361 141 Bagarbod
1361 1839 211 141 och
1481 1839 331 141 anmodat
1722 1839 361 141 Svensson
1993 1839 331 141 åtfölja
2204 1839 150 141 sig

498 1951 236 137 dit,
646 1951 325 137 hvilket
883 1951 355 137 Svensson
1149 1951 207 137 ock
1267 1951 296 137 gjort,
1474 1951 207 137 att
1592 1951 207 137 han
1710 1951 266 137 stådt
1888 1951 177 137 på
1976 1951 236 137 vakt
2124 1951 207 137 vid
2213 1951 177 137 bron

502 2081 209 123 som
621 2081 238 123 från
770 2081 387 123 Korsgatan
1068 2081 268 123 leder
1247 2081 268 123 öfver
1426 2081 447 123 Wallgrafven
1784 2081 268 123 under
1963 2081 209 123 det
2052 2081 298 123 Eriksson

491 2201 380 117 innevarit
783 2201 146 117 i
841 2201 292 117 boden;
1046 2201 204 117 att
1162 2201 204 117 han
1279 2201 175 117 af
1367 2201 380 117 Eriksson,
1659 2201 204 117 som
1776 2201 175 117 då
1863 2201 380 117 uppgifvit
2155 2201 204 117 sig
2243 2201 175 117 haf¬-

478 2319 180 115 va
568 2319 420 115 tillgripit
898 2319 180 115 20
989 2319 330 115 Kronor,
1229 2319 360 115 erhållit
1499 2319 210 115 Sju
1619 2319 300 115 Kronor
1829 2319 210 115 och
1950 2319 210 115 vid
2070 2319 210 115 ett
2160 2319 210 115 annat

484 2421 416 123 tillfälle
804 2421 256 123 fyra
964 2421 352 123 Kronor;
1219 2421 256 123 samt
1379 2421 224 123 att
1507 2421 384 123 Eriksson
1795 2421 192 123 en
1891 2421 288 123 annan
2082 2421 288 123 afton
2242 2421 192 123 upp¬-

486 2531 310 141 manat
692 2531 310 141 honom
898 2531 310 141 följa
1105 2531 241 141 sig
1242 2531 275 141 till
1414 2531 413 141 Bazaren,
1724 2531 241 141 men
1862 2531 241 141 att
1999 2531 206 141 då
2068 2531 344 141 Svensson

473 2629 300 161 ämnat
673 2629 333 161 besöka
906 2629 533 161 aftonskolan,
1339 2629 200 161 ha
1439 2629 200 161 ej
1539 2629 300 161 velat
1738 2629 466 161 efterkomma
2072 2629 366 161 Erikssons

434 2807 446 91 uppmaning.

621 2879 211 123 På
726 2879 316 123 grund
937 2879 211 123 af
1043 2879 281 123 hvad
1219 2879 387 123 sålunda
1500 2879 527 123 förekommit,
1922 2879 352 123 kommer
2133 2879 281 123 August

488 3005 386 122 Eriksson
777 3005 225 122 att
906 3005 290 122 denna
1099 3005 225 122 dag
1228 3005 225 122 för
1356 3005 225 122 PKn
1485 3005 450 122 inställas,
1839 3005 193 122 då
1936 3005 290 122 James
2096 3005 290 122 Severin

478 3126 405 106 Svensson
782 3126 203 106 är
884 3126 338 106 kallad
1120 3126 237 106 att
1255 3126 338 106 jemväl
1458 3126 338 106 närvara.

856 3229 402 79 Göteborg
1158 3229 235 79 den
1292 3229 168 79 4
1359 3229 402 79 Februari
1627 3229 235 79 1880.

122 3335 262 103 No
210 3335 218 103 23.

99 3464 207 68 Adolf
214 3464 276 68 Andreasson

43 3547 247 65 Åsberg.

493 3362 470 83 Drängen
835 3362 256 83 G.
963 3362 513 83 Holmberg
1348 3362 214 83 i
1433 3362 427 83 tjenst
1732 3362 299 83 hos
1861 3362 555 83 arrendatorn

487 3465 347 120 Erik
704 3465 564 120 Johansson
1138 3465 217 120 å
1225 3465 434 120 gården
1528 3465 304 120 Böö
1702 3465 217 120 i
1789 3465 478 120 Örgryte
2136 3465 260 120 sn
2223 3465 217 120 har

470 3569 574 117 Tisdagen
901 3569 335 117 den
1092 3569 239 117 3
1188 3569 287 117 ds
1331 3569 526 117 anmält,
1714 3569 335 117 att
1906 3569 431 117 samma
2145 3569 239 117 dag

496 3677 299 112 på
646 3677 599 112 morgonen
1095 3677 249 112 i
1195 3677 698 112 dervarande
1694 3677 698 112 drängkammare

477 3773 314 120 som
656 3773 403 120 varit
925 3773 403 120 olåst
1194 3773 358 120 från
1418 3773 403 120 honom
1687 3773 672 120 tillgripits
2180 3773 224 120 ett

2752 253 645 86 cylinderur
3259 253 277 86 af
3397 253 645 86 nysilfver,
3904 253 415 86 märkt
4181 253 231 86 å
4227 253 415 86 kapseln

2755 357 248 90 G.
2879 357 248 90 H.
3003 357 289 90 och
3168 357 372 90 värdt
3416 357 248 90 10
3540 357 289 90 Kr.
3705 357 331 90 samt
3912 357 289 90 att
4077 357 289 90 han
4243 357 289 90 för
4367 357 289 90 detta

2783 464 538 91 tillgrepp
3196 464 579 91 misstänkte
3651 464 290 91 fre
3817 464 703 91 Artilleristen
4354 464 290 91 Adolf

2754 575 620 88 Andreasson
3241 575 487 88 Åsberg,
3595 575 487 88 hvilken
3949 575 399 88 någon
4215 575 310 88 tid
4348 575 310 88 varit

2753 671 538 80 anstäld
3144 671 342 80 hos
3340 671 733 80 ofvannämnde
3927 671 685 80 Johansson,
4416 671 244 80 men

2747 779 223 85 i
2837 779 446 85 slutet
3149 779 268 85 af
3282 779 401 85 sistl
3550 779 490 85 Januari
3907 779 312 85 för
4040 779 580 85 oordentligt

2744 873 641 83 uppförande
3248 873 367 83 fått
3477 873 412 83 lemna
3752 873 321 83 sin
3890 873 367 83 plats,

2716 979 412 103 Sedan
2991 979 686 103 ifrågakomne
3540 979 275 103 ur
3677 979 686 103 återfunnits
4180 979 458 103 pantsatt

2735 1083 313 102 för
2914 1083 223 102 3
3003 1083 447 102 Kronor
3316 1083 313 102 hos
3495 1083 670 102 Pantlånaren
4031 1083 268 102 C.
4165 1083 268 102 H.
4299 1083 357 102 Berg
4478 1083 134 102 i

2741 1185 370 115 huset
2988 1185 247 115 No
3111 1185 247 115 57
3234 1185 288 115 vid
3399 1185 576 115 Sillgatan,
3851 1185 288 115 har
3975 1185 699 115 poliskonstapeln

2710 1296 300 114 No
2860 1296 300 114 71
3010 1296 501 114 Thorin
3361 1296 450 114 samma
3661 1296 350 114 dag
3861 1296 300 114 på
4011 1296 601 114 middagen
4412 1296 250 114 an¬-

2721 1412 492 93 hållit
3065 1412 737 93 ofvannämnde
3655 1412 541 93 Åsberg,
4048 1412 541 93 hvilken
4392 1412 246 93 vid

2743 1516 643 85 anhållandet
3258 1516 515 85 innehade
3644 1516 214 85 2
3729 1516 257 85 Kr
3858 1516 214 85 6
3944 1516 300 85 öre
4115 1516 300 85 och
4287 1516 300 85 har
4416 1516 214 85 Ås¬-

2726 1604 386 89 berg
2967 1604 337 89 vid
3160 1604 337 89 det
3353 1604 337 89 med
3545 1604 434 89 honom
3835 1604 579 89 anstälde
4220 1604 386 89 förhör

2744 1719 470 75 uppgifvit,
3114 1719 235 75 att
3248 1719 235 75 han
3383 1719 302 75 sedan
3584 1719 235 75 den
3719 1719 202 75 27
3819 1719 302 75 sistl
4021 1719 302 75 Juni,
4222 1719 202 75 då
4323 1719 235 75 han
4424 1719 168 75 med

2726 1831 451 101 fångskjuts
3080 1831 419 101 hitkommit
3402 1831 258 101 från
3563 1831 290 101 Malmö
3756 1831 290 101 efter
3950 1831 225 101 att
4078 1831 161 101 i
4143 1831 419 101 Köpenhamn
4433 1831 193 101 haf¬-

2715 1945 172 125 va
2801 1945 373 125 undergått
3088 1945 459 125 bestraffning
3460 1945 201 125 för
3575 1945 258 125 andra
3747 1945 258 125 resan
3919 1945 287 125 stöld,
4120 1945 229 125 haft
4263 1945 287 125 arbete
4435 1945 143 125 hos

2709 2067 462 125 arrendatorn
3078 2067 400 125 Johansson
3386 2067 154 125 å
3448 2067 246 125 Böö,
3601 2067 369 125 förnekat
3878 2067 185 125 så
3971 2067 215 125 väl
4094 2067 215 125 all
4217 2067 369 125 kännedom
4463 2067 123 125 om

2705 2195 458 116 ifrågakmne
3065 2195 425 116 tillgrepp
3392 2195 229 116 som
3522 2195 229 116 att
3653 2195 229 116 han
3784 2195 392 116 pantsatt
4045 2195 229 116 uret.

2872 2319 456 87 Bokhållaren
3236 2319 243 87 John
3388 2319 243 87 Berg
3540 2319 213 87 och
3662 2319 395 87 ynglingen
3966 2319 304 87 Gustaf
4179 2319 274 87 Adolf
4330 2319 274 87 Olsson,

2696 2433 273 103 båda
2867 2433 444 103 anställde
3209 2433 239 103 hos
3345 2433 513 103 Pantlånaren
3755 2433 205 103 C.
3858 2433 205 103 H.
3961 2433 273 103 Berg
4131 2433 308 103 hafva
4302 2433 308 103 samman¬-

2654 2549 436 113 stämmande
2990 2549 403 113 upplyst,
3292 2549 235 113 att
3426 2549 369 113 bemälde
3695 2549 336 113 Åsberg
3929 2549 235 113 den
4064 2549 168 113 3
4131 2549 336 113 dennes
4366 2549 201 113 på
4433 2549 201 113 för¬-

2699 2657 377 127 middagen
2981 2657 408 127 innevarit
3295 2657 157 127 å
3358 2657 283 127 Bergs
3546 2657 565 127 pantlånekontor
4017 2657 220 127 och
4143 2657 220 127 för
4269 2657 220 127 Tre
4363 2657 251 127 Kronor

2676 2797 356 104 belånt
2926 2797 535 104 ifrågakomne
3318 2797 178 104 ur.

2850 2871 296 132 Åsberg
3058 2871 207 132 har
3176 2871 207 132 vid
3295 2871 444 132 ytterligare
3650 2871 296 132 förhör
3857 2871 326 132 erkänt,
4094 2871 207 132 att
4213 2871 207 132 han
4331 2871 148 132 i
4361 2871 237 132 dräng¬-

2657 2987 368 141 kammaren
2933 2987 153 141 å
2994 2987 245 141 Böö,
3148 2987 215 141 dit
3270 2987 215 141 han
3393 2987 245 141 gått
3546 2987 153 141 i
3607 2987 306 141 afsigt
3822 2987 215 141 att
3944 2987 337 141 stjäla,
4190 2987 215 141 den
4312 2987 153 141 3
4343 2987 245 141 dennes

2659 3126 461 126 tillgripit
3022 3126 297 126 uret,
3219 3126 231 126 som
3351 3126 231 126 han
3483 3126 428 126 sedermera
3780 3126 363 126 pantsatt.

2849 3228 186 117 Af
2942 3228 310 117 Åsberg
3159 3228 403 117 innehafde
3469 3228 217 117 Två
3593 3228 310 117 Kronor
3810 3228 155 117 6
3872 3228 217 117 öre
3996 3228 279 117 hafva
4182 3228 310 117 blivit
4368 3228 186 117 till

2670 3363 449 111 Målsägaren,
3029 3363 210 111 som
3149 3363 300 111 utlöst
3359 3363 270 111 uret,
3509 3363 449 111 öfverlemnade.

2739 3475 219 133 På
2849 3475 329 133 grund
3068 3475 219 133 af
3178 3475 292 133 hvad
3360 3475 402 133 sålunda
3652 3475 548 133 förekommit,
4091 3475 365 133 kommer
4310 3475 292 133 Åsberg

2654 3629 278 117 att
2813 3629 357 117 denna
3051 3629 278 117 dag
3210 3629 278 117 för
3369 3629 675 117 Poliskammaren
3885 3629 477 117 inställas.

2975 3743 489 103 Göteborg
3342 3743 286 103 den
3505 3743 204 103 4
3587 3743 449 103 Januari
3873 3743 286 103 1880.
