5113 4063
140 195 288 79 No
236 195 240 79 72.

127 319 246 75 Niklas
275 319 271 75 Johansson

113 426 264 60 Nyman
288 426 205 60 och
376 426 176 60 Carl

115 498 266 71 August
275 498 293 71 Johansson

670 220 605 82 Poliskonstapeln
1179 220 191 82 No
1275 220 191 82 38
1370 220 318 82 Hagman
1593 220 223 82 har
1720 220 382 82 Onsdagen
2007 220 223 82 den
2134 220 191 82 31
2197 220 255 82 sistl.

584 324 255 96 Mars
744 324 383 96 anhållit
1031 324 223 96 för
1158 324 383 96 snatteri
1445 324 415 96 straffade
1764 324 510 96 arbetskarlen
2147 324 255 96 Niklas

580 422 442 114 Johansson
920 422 340 114 Nyman,
1157 422 340 114 boende
1395 422 170 114 i
1463 422 306 114 huset
1667 422 204 114 No
1769 422 170 114 9
1837 422 204 114 10
1939 422 238 114 vid
2040 422 374 114 Nordliden

568 528 172 126 å
636 528 516 126 Otterhällan
1050 528 241 126 och
1187 528 551 126 arbetskarlen
1635 528 275 126 Carl
1807 528 344 126 August
2013 528 379 126 Johansson

550 656 260 108 från
712 656 422 108 Fässbergs
1036 656 357 108 socken,
1296 656 227 108 för
1426 656 390 108 olofligt
1718 656 422 108 tillgrepp
2043 656 195 108 af
2108 656 292 108 omkring

565 770 196 96 50
663 770 164 96 ℔
729 770 294 96 hafre
925 770 196 96 ur
1023 770 196 96 en
1121 770 523 96 jernvägsvagn
1547 770 229 96 vid
1678 770 294 96 Lilla
1874 770 327 96 Bomen;
2103 770 229 96 och
2201 770 229 96 hafva

547 904 293 62 Nyman
743 904 228 62 och
873 904 423 62 Johansson
1165 904 163 62 vid

1331 853 107 41 det

1344 901 252 39 med
1488 901 252 39 dem
1632 901 180 39 i
1703 901 467 39 anledning
2063 901 323 39 häraf
2242 901 180 39 an¬-

550 988 372 108 ställde
821 988 338 108 förhör
1057 988 372 108 erkänt,
1328 988 237 108 att
1463 988 304 108 sedan
1666 988 304 108 Nyman
1869 988 271 108 fått
2038 988 372 108 uppdrag
2275 988 135 108 af

545 1102 208 104 en
649 1102 381 104 person,
926 1102 311 104 hvars
1134 1102 277 104 namn
1307 1102 242 104 han
1445 1102 277 104 icke
1618 1102 277 104 vill
1791 1102 450 104 uppgifva,
2137 1102 242 104 att
2241 1102 173 104 an¬-

559 1222 335 104 skaffa
793 1222 301 104 hafre
993 1222 268 104 till
1161 1222 435 104 utfodring
1495 1222 201 104 af
1596 1222 335 104 dennes
1830 1222 301 104 höns,
2031 1222 234 104 han
2164 1222 234 104 och
2265 1222 167 104 Jo¬-

546 1362 384 71 hansson,
834 1362 352 71 hvilken
1091 1362 224 71 han
1219 1362 481 71 underrättat
1603 1362 192 71 om
1699 1362 256 71 sitt
1859 1362 384 71 erhållna
2116 1362 288 71 uppdrag

560 1484 364 75 begifvit
833 1484 213 75 sig
954 1484 243 75 till
1106 1484 334 75 platsen
1349 1484 152 75 i
1410 1484 304 75 fråga,
1622 1484 213 75 der
1714 1484 121 75 de

1745 1419 148 39 ur
1819 1419 148 39 en
1918 1419 123 39 j
1967 1419 246 39 lastad
2115 1419 345 39 jernvägsvagn

1854 1482 407 53 tillgripit
2145 1482 262 53 uppgif¬-

545 1596 201 90 ne
645 1596 435 90 myckenhet
979 1596 334 90 hafre,
1213 1596 234 90 som
1347 1596 234 90 de,
1481 1596 167 90 i
1547 1596 301 90 följd
1748 1596 201 90 af
1848 1596 234 90 det
1982 1596 401 90 erhållna
2249 1596 201 90 upp¬-

552 1698 392 112 draget,
838 1698 321 112 ämnat
1051 1698 321 112 lemna
1265 1698 285 112 till
1444 1698 250 112 den
1586 1698 392 112 person,
1871 1698 250 112 som
2014 1698 321 112 Nyman
2192 1698 214 112 icke

553 1858 301 56 velat
753 1858 301 56 lemna
953 1858 367 56 uppgift
1187 1858 167 56 om.

721 1854 235 96 Hafren
885 1854 258 96 tillhör
1073 1854 329 96 Handlanden
1331 1854 141 96 C.
1401 1854 141 96 L.
1471 1854 282 96 Berggren
1683 1854 117 96 i
1730 1854 211 96 huset
1870 1854 141 96 No
1941 1854 117 96 3
1988 1854 164 96 vid
2058 1854 352 96 Magazinsgatan

507 1976 142 30 och

910 1954 206 45 har
1027 1954 324 45 blifvit
1233 1954 177 45 till

1738 1908 146 30 denne

1787 1924 551 43 återlemnad.

615 2040 224 106 På
727 2040 336 106 grund
950 2040 224 106 af
1062 2040 298 106 hvad
1249 2040 410 106 sålunda
1547 2040 559 106 förekommit,
1994 2040 373 106 kommer
2218 2040 224 106 Carl

540 2170 324 118 August
767 2170 422 118 Johansson
1091 2170 227 118 att
1221 2170 292 118 denna
1415 2170 227 118 dag
1545 2170 227 118 för
1675 2170 227 118 PKn
1804 2170 454 118 inställas;
2161 2170 227 118 och
2258 2170 130 118 är

532 2301 360 115 Niklas
784 2301 469 115 Johansson
1145 2301 324 115 Nyman
1361 2301 360 115 kallad
1613 2301 252 115 att
1757 2301 252 115 vid
1901 2301 360 115 dervid
2154 2301 252 115 hos
2262 2301 180 115 PKn

517 2437 244 98 sig
657 2437 418 98 infinna.
970 2437 418 98 Göteborg
1284 2437 244 98 den
1424 2437 174 98 1
1494 2437 314 98 April
1668 2437 244 98 1880.

159 2557 224 77 No
233 2557 187 77 73.

108 2695 287 70 Johan
267 2695 255 70 August

93 2767 373 68 Hermansson.

630 2548 407 106 Lördagen
935 2548 237 106 den
1071 2548 170 106 3
1139 2548 339 106 dennes
1376 2548 237 106 vid
1512 2548 543 106 middagstiden
1953 2548 373 106 infunno
2224 2548 237 106 sig
2326 2548 102 106 å

537 2658 293 104 Andra
733 2658 489 104 distriktets
1124 2658 619 104 Polisvaktkontor
1645 2658 228 104 vid
1775 2658 456 104 Stampgatan
2101 2658 293 104 arbets¬-

522 2778 344 104 karlen
762 2778 310 104 Johan
969 2778 378 104 Larsson
1244 2778 275 104 från
1416 2778 344 104 torpet
1657 2778 344 104 Ålstad
1898 2778 172 104 i
1967 2778 447 104 Halsbergs
2276 2778 138 104 Sn

535 2890 332 106 Örebro
767 2890 232 106 Län
900 2890 232 106 och
1033 2890 531 106 arbetskarlen
1464 2890 299 106 Johan
1663 2890 332 106 August
1895 2890 498 106 Hermansson,
2260 2890 166 106 bo¬-

527 2986 264 134 ende
692 2986 165 134 i
758 2986 297 134 huset
956 2986 198 134 No
1056 2986 165 134 4
1122 2986 231 134 vid
1254 2986 429 134 Långgatan
1584 2986 165 134 i
1650 2986 595 134 Landalabergen,
2113 2986 297 134 hvarvid

530 3142 227 88 de
606 3142 340 88 anmälde

532 3218 193 106 1o
628 3218 387 106 Larsson:
919 3218 226 106 att
1048 3218 226 106 han
1177 3218 290 106 sagde
1370 3218 226 106 dag
1499 3218 193 106 på
1596 3218 193 106 f.
1692 3218 290 106 midd.
1886 3218 161 106 å
1950 3218 419 106 Sillgatan
2241 3218 193 106 sam¬-

513 3326 465 114 manträffat
878 3326 232 114 med
1011 3326 498 114 Hermansson,
1409 3326 365 114 hvilken
1674 3326 199 114 då
1774 3326 299 114 varit
1973 3326 166 114 i
2006 3326 332 114 sällskap

509 3432 260 128 med
657 3432 223 128 en
769 3432 334 128 annan
992 3432 334 128 okänd
1215 3432 557 128 mansperson;
1660 3432 260 128 att
1809 3432 520 128 Hermansson
2180 3432 186 128 och

505 3554 229 122 den
636 3554 294 122 andre
832 3554 392 122 personen
1126 3554 392 122 erbjudit
1421 3554 229 122 sig
1551 3554 327 122 skaffa
1780 3554 360 122 Larsson
2042 3554 360 122 arbete,
2271 3554 163 122 för

503 3682 360 108 hvilket
765 3682 360 108 ändamål
1027 3682 196 108 de
1125 3682 262 108 alla
1288 3682 229 108 tre
1419 3682 393 108 begifvit
1714 3682 229 108 sig
1844 3682 262 108 till
1975 3682 491 108 Gullbergsvass

2718 224 396 99 hvarest
3006 224 252 99 den
3150 224 360 99 okände
3402 224 324 99 invid
3618 224 216 99 en
3726 224 468 99 halmstack
4050 224 504 99 omkullslagit

2709 350 244 107 och
2848 350 487 107 fasthållit
3231 350 418 107 Larsson,
3544 350 313 107 under
3753 350 244 107 det
3892 350 487 107 Hermansson
4275 350 209 107 ur
4344 350 244 107 Lars¬-

2703 472 260 107 sons
2866 472 228 107 ena
2996 472 390 107 byxficka
3289 472 423 107 uppdragit
3614 472 228 107 och
3744 472 260 107 till
3907 472 228 107 den
4037 472 325 107 okände
4232 472 358 107 öfverlem¬-

2723 585 259 119 nat
2871 585 222 119 en
2982 585 555 119 portmonnaie
3426 585 222 119 af
3537 585 333 119 blått
3760 585 333 119 skinn
3982 585 259 119 med
4093 585 481 119 messingslås

2711 689 233 131 och
2844 689 533 131 innehållande
3277 689 166 131 4
3343 689 333 131 Kronor
3576 689 200 131 23
3676 689 233 131 öre
3809 689 166 131 i
3876 689 333 131 silver
4109 689 233 131 och
4209 689 399 131 kopparmynt

2721 804 301 125 jemte
2921 804 201 125 en
3021 804 501 125 orlofsedel;
3423 804 267 125 samt
3590 804 234 125 att
3723 804 234 125 den
3857 804 334 125 okände
4091 804 401 125 derefter
4359 804 267 125 sprun¬-

2708 924 239 123 git
2845 924 308 123 bort,
3050 924 410 123 hvaremot
3357 924 479 123 Hermansson
3733 924 205 123 af
3836 924 376 123 Larsson
4110 924 410 123 hindrats
4383 924 171 123 af¬-

2710 1042 321 117 lägsna
2934 1042 224 117 sig
3063 1042 257 117 utan
3223 1042 160 117 i
3287 1042 353 117 stället
3544 1042 257 117 fått
3704 1042 353 117 åtfölja
3961 1042 289 117 denne
4153 1042 257 117 till
4281 1042 321 117 vaktkon¬-

2704 1190 274 89 toret
2856 1190 152 89 och

2696 1240 193 143 2o
2792 1240 484 143 Hermansson:
3179 1240 226 143 att
3308 1240 258 143 han,
3470 1240 226 143 som
3599 1240 484 143 oftaberörde
3986 1240 226 143 dag
4115 1240 258 143 gått
4276 1240 161 143 å
4308 1240 258 143 Stamp¬-

2697 1362 314 149 gatan,
2917 1362 314 149 dervid
3137 1362 346 149 blifvit
3388 1362 189 149 af
3483 1362 346 149 Larsson
3734 1362 377 149 antastad
4017 1362 220 149 och
4143 1362 377 149 beskylld
4395 1362 157 149 för

2704 1472 385 159 olofligt
2993 1472 449 159 tillgrepp;
3346 1472 257 159 samt
3506 1472 225 159 att
3635 1472 193 159 då
3731 1472 289 159 denne
3924 1472 482 159 fortfarande
4277 1472 321 159 föroläm¬-

2711 1592 233 155 pat
2844 1592 332 155 honom,
3076 1592 233 155 han
3209 1592 332 155 ansett
3442 1592 233 155 sig
3575 1592 266 155 böra
3741 1592 366 155 medtaga
4007 1592 366 155 Larsson
4272 1592 266 155 till
4405 1592 233 155 Vakt¬-

2700 1726 387 148 kontoret
2990 1726 226 148 för
3119 1726 226 148 att
3248 1726 226 148 stå
3377 1726 258 148 till
3539 1726 323 148 ansvar
3765 1726 226 148 för
3894 1726 226 148 sin
3991 1726 387 148 beskyllan.

2778 1822 391 154 Larsson
3063 1822 249 154 har
3205 1822 462 154 vidhållit
3560 1822 249 154 sin
3702 1822 391 154 anmälan
3986 1822 426 154 angående
4305 1822 249 154 det
4412 1822 142 154 af

2707 1946 461 151 Hermansson
3069 1946 263 151 från
3234 1946 296 151 honom
3432 1946 461 151 föröfvande
3794 1946 527 151 tillgreppet,
4222 1946 362 151 hvilket
4452 1946 132 151 af

2718 2062 286 154 denne
2909 2062 445 154 bestridts,
3259 2062 286 154 under
3449 2062 381 154 uppgift,
3735 2062 223 154 att
3863 2062 223 154 han
3990 2062 318 154 aldrig
4212 2062 254 154 förr
4339 2062 191 154 sett

2690 2186 308 148 eller
2895 2186 480 148 sällskapat
3272 2186 240 148 med
3409 2186 377 148 Larsson
3683 2186 343 148 förrän
3923 2186 240 148 han
4060 2186 206 148 af
4163 2186 308 148 denne
4334 2186 240 148 blif¬-

2699 2324 259 123 vit
2847 2324 185 123 å
2921 2324 517 123 Stampgatan
3290 2324 480 123 förolämpad.

2833 2406 210 159 På
2938 2406 316 159 grund
3148 2406 210 159 af
3254 2406 280 159 hvad
3429 2406 386 159 sålunda
3709 2406 526 159 förekommit,
4130 2406 351 159 kommer
4341 2406 245 159 Johan

2701 2518 312 179 August
2919 2518 468 179 Hermansson,
3293 2518 374 179 hvilken,
3574 2518 312 179 enligt
3792 2518 249 179 PKns
3948 2518 312 179 beslut
4166 2518 218 179 den
4290 2518 187 179 16
4353 2518 249 179 sistl.

2698 2644 363 163 Februari
2970 2644 273 163 skall
3152 2644 212 163 vid
3273 2644 485 163 anträffandet
3667 2644 394 163 inställas
3970 2644 182 163 om
4061 2644 363 163 försvar,
4333 2644 212 163 att
4424 2644 182 163 den¬-

2678 2757 192 162 na
2774 2757 224 162 dag
2902 2757 288 162 inför
3094 2757 224 162 PKn
3222 2757 448 162 inställas,
3574 2757 192 162 då
3670 2757 288 162 Johan
3862 2757 352 162 Larsson
4118 2757 192 162 är
4214 2757 320 162 kallad
4406 2757 160 162 att

2688 2903 249 105 sig
2831 2903 356 105 jemväl
3080 2903 428 105 infinna.
3401 2903 428 105 Göteborg
3722 2903 249 105 den
3864 2903 178 105 5
3935 2903 321 105 April
4114 2903 249 105 1880.

4535 2994 353 86 No
4653 2994 235 86 74

4559 3135 201 66 Carl
4685 3135 276 66 Fredrik
4860 3135 126 66 Sa¬-

4529 3215 293 60 muelsson.

2764 3008 637 131 Poliskonstapeln
3301 3008 201 131 No
3402 3008 168 131 2
3469 3008 369 131 Staberg
3737 3008 235 131 har
3871 3008 470 131 Thorsdagen
4240 3008 235 131 den
4374 3008 168 131 1
4408 3008 134 131 ds

2679 3132 228 129 kl.
2810 3132 228 129 1/2
2940 3132 163 129 6
3005 3132 260 129 e.m.
3168 3132 293 129 efter
3363 3132 358 129 anmälan
3623 3132 195 129 af
3721 3132 683 129 Trädgårdsmästaren
4274 3132 228 129 Edvin

2691 3248 426 129 Bergqvist
3019 3248 262 129 från
3183 3248 295 129 Östra
3379 3248 328 129 Takene
3608 3248 164 129 i
3674 3248 393 129 Vermland
3969 3248 229 129 och
4100 3248 295 129 stadd
4296 3248 197 129 på
4362 3248 197 129 resa

2677 3362 277 141 till
2851 3362 381 141 Amerika
3128 3362 277 141 samt
3301 3362 346 141 boende
3543 3362 242 141 hos
3682 3362 658 141 Emigrantombudet
4236 3362 208 141 C.
4340 3362 208 141 G.
4409 3362 173 141 Ah¬-

2673 3487 247 128 lin
2814 3487 176 128 i
2884 3487 318 128 huset
3096 3487 212 128 No
3202 3487 176 128 8
3273 3487 247 128 vid
3414 3487 459 128 Götgatan,
3766 3487 423 128 anhållit
4049 3487 529 128 Måleriarbeta¬-

2675 3613 247 106 ren
2816 3613 282 106 Carl
2992 3613 388 106 Fredrik
3274 3613 529 106 Samuelsson,
3698 3613 353 106 boende
3944 3613 176 106 i
4015 3613 317 106 huset
4227 3613 212 106 No
4332 3613 176 106 8
4368 3613 176 106 vid

2681 3733 478 97 Änggatan,
3049 3733 257 97 för
3196 3733 257 97 det
3343 3733 257 97 han
3490 3733 294 97 kort
3674 3733 331 97 förut
3894 3733 368 97 skulle
4152 3733 331 97 hafva
4335 3733 221 97 inne
