5130 4094
526 231 335 92 förhör
761 231 637 92 sammanstämmande
1298 231 470 92 uppgifvit,
1667 231 235 92 att
1801 231 201 92 de
1901 231 503 92 visserligen
2270 231 168 92 den

539 343 155 90 6
601 343 310 90 dennes
818 343 186 90 på
910 343 340 90 aftonen
1158 343 433 90 uppehållit
1499 343 217 90 sig
1622 343 217 90 vid
1746 343 464 90 Henrikssons
2118 343 310 90 kista,
2303 343 155 90 der

538 451 387 86 Eriksson
828 451 322 86 passat
1054 451 226 86 ett
1183 451 226 86 par
1312 451 290 86 skor,
1505 451 226 86 som
1634 451 226 86 han
1763 451 290 86 ämnat
1956 451 290 86 köpa,
2150 451 226 86 men
2247 451 193 86 att,

537 561 209 94 då
642 561 243 94 han
781 561 209 94 ej
885 561 243 94 med
1024 561 487 94 Henriksson
1407 561 348 94 kommit
1650 561 417 94 öfverens
1963 561 209 94 om
2067 561 383 94 priset,
2311 561 139 94 de

525 665 426 100 aflägsnat
853 665 262 100 sig,
1017 665 262 100 samt
1181 665 229 100 att
1312 665 197 100 de
1410 665 197 100 ej
1508 665 229 100 ega
1639 665 295 100 någon
1836 665 393 100 kännedom
2131 665 197 100 om
2197 665 229 100 till¬-

540 777 357 110 greppet
799 777 195 110 af
864 777 292 110 skorna.

616 868 395 103 Eriksson,
920 868 274 103 gjord
1102 868 426 103 uppmärksam
1437 868 274 103 derå,
1619 868 213 103 att
1741 868 243 103 han,
1893 868 213 103 som
2014 868 213 103 vid
2106 868 334 103 anhållan¬-

544 975 208 100 det
663 975 178 100 ej
752 975 356 100 innehade
1019 975 267 100 några
1197 975 416 100 penningar,
1524 975 327 100 således
1761 975 178 100 ej
1850 975 297 100 kunnat
2058 975 237 100 köpa
2177 975 267 100 skorna,

532 1078 208 111 har
651 1078 416 111 förklarat,
978 1078 208 111 att
1097 1078 208 111 han
1216 1078 297 111 endast
1425 1078 238 111 haft
1573 1078 208 111 för
1692 1078 297 111 afsigt
1900 1078 238 111 utse
2049 1078 208 111 sig
2168 1078 208 111 ett
2257 1078 149 111 par

524 1188 325 111 dylika;
761 1188 237 111 samt
909 1188 207 111 att
1027 1188 207 111 han
1145 1188 266 111 efter
1323 1188 207 111 det
1441 1188 207 111 han
1559 1188 177 111 af
1648 1188 207 111 sin
1766 1188 266 111 fader
1943 1188 355 111 erhållit
2180 1188 266 111 pennin¬-

534 1301 270 110 gar,
703 1301 303 110 ämnat
905 1301 270 110 köpa
1074 1301 202 110 de
1175 1301 371 110 utsedda
1411 1301 303 110 skorna.

657 1407 206 104 Det
774 1407 294 104 skulle
980 1407 206 104 här
1097 1407 411 104 antecknas,
1421 1407 206 104 att
1538 1407 206 104 PKn
1656 1407 206 104 den
1773 1407 176 104 26
1862 1407 265 104 sist.
2038 1407 323 104 Januari
2244 1407 176 104 till

527 1523 402 90 Säfvedals
836 1523 309 90 Härads
1052 1523 247 90 Rätt
1207 1523 463 90 öfverlemnat
1577 1523 216 90 den
1701 1523 309 90 vidare
1917 1523 494 90 ransakningen
2288 1523 154 90 an¬-

522 1621 282 106 gående
719 1621 338 106 Eriksson
972 1621 197 106 och
1085 1621 282 106 Krantz
1282 1621 197 106 för
1395 1621 169 106 af
1479 1621 197 106 dem
1592 1621 338 106 föröfvat
1845 1621 394 106 tillgrepp,
2155 1621 310 106 hvilket

512 1727 224 118 mål
640 1727 256 118 åter
800 1727 448 118 förekommer
1151 1727 288 118 inför
1343 1727 288 118 sagde
1535 1727 256 118 Rätt
1695 1727 224 118 den
1823 1727 192 118 22
1919 1727 352 118 dennes,
2174 1727 224 118 att
2270 1727 160 118 PKn

513 1841 216 112 den
637 1841 185 112 12
729 1841 278 112 sist.
914 1841 370 112 Februari
1192 1841 247 112 till
1346 1841 216 112 RRn
1470 1841 463 112 öfverlemnat
1840 1841 216 112 den
1963 1841 309 112 vidare
2148 1841 278 112 ransak¬-

518 1945 320 126 ningen
742 1945 384 126 angående
1030 1945 384 126 Eriksson
1318 1945 224 126 för
1446 1945 192 126 af
1542 1945 288 126 honom
1734 1945 288 126 jemte
1926 1945 512 126 arbetskarlen
2310 1945 128 126 O¬-

504 2051 259 136 skar
666 2051 453 136 Zachrisson
1022 2051 389 136 föröfvat
1313 2051 453 136 tillgrepp,
1669 2051 324 136 hvarom
1896 2051 324 136 Rådhus
2123 2051 324 136 Rätten
2317 2051 97 136 i

524 2171 284 122 utslag
723 2171 199 122 den
836 2171 171 122 19
922 2171 142 122 i
978 2171 568 122 sistberördemånad
1462 2171 370 122 förklarat
1746 2171 341 122 Eriksson
2002 2171 199 122 och
2087 2171 341 122 Zachrisson

516 2287 239 116 icke
666 2287 269 116 kunna
845 2287 239 116 till
995 2287 269 116 saken
1175 2287 329 116 fällas;
1414 2287 239 116 samt
1564 2287 210 116 att
1684 2287 389 116 Eriksson,
1983 2287 210 116 som
2073 2287 329 116 sedermera

489 2407 235 116 haft
636 2407 470 116 föreläggande
1017 2407 206 116 att
1135 2407 294 116 bereda
1341 2407 206 116 sig
1458 2407 235 116 laga
1605 2407 353 116 försvar,
1869 2407 206 116 den
1987 2407 147 116 2
2046 2407 294 116 dennes
2222 2407 176 116 fri¬-

498 2538 332 108 gifvits
739 2538 241 108 från
860 2538 482 108 cellfängelset.

644 2634 172 96 I
712 2634 447 96 anledning
1056 2634 309 96 häraf
1262 2634 309 96 komma
1468 2634 309 96 Johan
1675 2634 447 96 Ferdinand
2018 2634 412 96 Eriksson

512 2741 223 108 och
639 2741 318 108 Gustaf
862 2741 255 108 Emil
1021 2741 414 108 Andersson
1340 2741 350 108 Krantz,
1594 2741 318 108 hvilka
1817 2741 223 108 äro
1944 2741 223 108 för
2040 2741 318 108 allmänna

497 2859 428 98 säkerheten
833 2859 275 98 högst
1017 2859 336 98 vådliga
1261 2859 397 98 personer,
1567 2859 214 98 att
1689 2859 275 98 denna
1872 2859 214 98 dag
1994 2859 275 98 inför
2178 2859 214 98 PKn
2269 2859 153 98 in¬-

507 2955 420 92 ställas.
822 2955 420 92 Göteborg
1137 2955 245 92 den
1276 2955 175 92 8
1346 2955 280 92 Mars
1486 2955 245 92 1880.

71 3098 294 74 No
169 3098 245 74 54.

45 3198 156 78 Frans
149 3198 191 78 Theodor
271 3198 243 78 Zetterqvist,

55 3287 181 64 Carl
169 3287 295 64 Apelqvist
373 3287 113 64 och

64 3359 215 70 Börje
184 3359 287 70 Andersson.

569 3059 447 116 Följande
904 3059 447 116 personer
1240 3059 336 116 hafva
1426 3059 336 116 anmält:

523 3153 173 128 1o
610 3153 633 128 Stationsskrifvaren
1156 3153 173 128 G.
1243 3153 461 128 Torstensson,
1617 3153 345 128 anställd
1876 3153 201 128 vid
1991 3153 317 128 Statens
2193 3153 201 128 jern¬-

496 3263 444 130 vägsstation
852 3263 385 130 härstädes
1148 3263 207 130 att
1267 3263 237 130 dels
1415 3263 296 130 natten
1622 3263 237 130 till
1770 3263 207 130 den
1889 3263 178 130 25
1978 3263 267 130 sist.
2126 3263 296 130 Februari

493 3382 172 117 ur
579 3382 287 117 balar,
781 3382 316 117 lastade
1011 3382 144 117 å
1068 3382 172 117 en
1154 3382 489 117 jernvägsvagn,
1557 3382 201 117 som
1672 3382 259 117 stått
1844 3382 144 117 å
1901 3382 402 117 bangården,
2189 3382 201 117 till¬-

501 3486 321 121 gripits
734 3486 321 121 omkring
968 3486 175 121 15
1055 3486 146 121 ℔
1114 3486 321 121 fårull,
1347 3486 263 121 värdt
1522 3486 175 121 En
1610 3486 263 121 Krona
1785 3486 175 121 50
1873 3486 204 121 öre
1989 3486 146 121 ℔
2048 3486 175 121 på
2135 3486 175 121 så
2194 3486 204 121 sätt,

504 3586 210 123 att
624 3586 270 123 balen
804 3586 511 123 sönderskurits
1225 3586 210 123 och
1345 3586 240 123 dels
1495 3586 300 123 natten
1705 3586 240 123 till
1855 3586 210 123 den
1976 3586 180 123 27
2066 3586 150 123 i
2126 3586 270 123 samma
2276 3586 150 123 må¬-

493 3703 215 110 nad
616 3703 184 110 på
708 3703 368 110 enahanda
984 3703 245 110 sätt
1138 3703 460 110 ytterligare
1506 3703 337 110 omkring
1751 3703 184 110 20
1843 3703 153 110 ℔
1905 3703 215 110 ull
1997 3703 153 110 och

2700 238 183 99 2o
2791 238 487 99 Ostmånglaren
3187 238 183 99 A.
3278 238 183 99 M.
3370 238 426 99 Petersson,
3705 238 305 99 boende
3918 238 152 99 i
3979 238 274 99 huset
4162 238 183 99 No
4253 238 183 99 15
4344 238 213 99 vid
4436 238 152 99 Ry¬-

2724 344 270 99 gatan
2904 344 150 99 i
2964 344 360 99 Annedal,
3233 344 210 99 att
3353 344 330 99 inbrott
3593 344 390 99 föröfvats
3893 344 150 99 i
3953 344 240 99 hans
4073 344 539 99 försäljningsvagn

2724 456 151 105 å
2784 456 452 105 Kungstorget
3146 456 301 105 natten
3357 456 241 105 till
3507 456 211 105 den
3628 456 151 105 3
3688 456 331 105 dennes,
3929 456 331 105 hvarvid
4170 456 362 105 krampan,
4411 456 211 105 hvar¬-

2718 572 211 94 med
2838 572 391 94 hänglåset
3139 572 211 94 var
3260 572 361 94 fästadt,
3531 572 391 94 utdragits
3831 572 211 94 och
3952 572 301 94 dörren
4163 572 241 94 till
4313 572 271 94 någon
4464 572 150 94 del

2723 674 493 111 sönderbrutits
3129 674 232 111 samt
3274 674 203 111 att
3390 674 174 111 ur
3477 674 290 111 vagnen
3681 674 435 111 tillgripits
4029 674 203 111 tre
4145 674 203 111 st.
4232 674 348 111 sötmjölks¬-

2709 776 260 115 ostar
2882 776 202 115 och
2998 776 144 115 8
3055 776 144 115 à
3113 776 173 115 10
3200 776 202 115 st.
3315 776 577 115 skummjölksostar,
3805 776 260 115 värde
3978 776 433 115 tillsammans
4325 776 173 115 80
4382 776 260 115 Kronor.

2819 890 206 101 Den
2936 890 147 101 3
2995 890 295 101 dennes
3202 890 206 101 har
3320 890 560 101 Poliskonstapeln
3791 890 177 101 No
3880 890 177 101 75
3968 890 383 101 Petersson
4233 890 413 101 rapporterat,

2718 1006 211 105 att
2838 1006 211 105 han
2959 1006 211 105 den
3080 1006 151 105 2
3140 1006 302 105 dennes
3351 1006 211 105 kl.
3472 1006 211 105 1/2
3593 1006 181 105 12
3683 1006 181 105 på
3773 1006 302 105 natten
3985 1006 151 105 å
4045 1006 452 105 Mellangatan
4407 1006 151 105 i
4437 1006 181 105 Lan¬-

2697 1116 432 109 dalabergen
3036 1116 493 109 varseblifvit
3437 1116 216 109 två
3561 1116 370 109 obekanta
3838 1116 524 109 manspersoner,
4270 1116 185 109 af
4331 1116 247 109 hvilka

2708 1230 225 111 den
2836 1230 225 111 ene
2965 1230 289 111 burit
3158 1230 193 111 en
3254 1230 289 111 säck,
3447 1230 257 111 samt
3608 1230 225 111 att
3736 1230 193 111 då
3833 1230 450 111 Petersson,
4186 1230 225 111 som
4283 1230 353 111 misstänkt

2712 1340 476 109 ifrågakomne
3093 1340 413 109 personer,
3411 1340 318 109 närmat
3633 1340 222 109 sig
3760 1340 222 109 och
3887 1340 413 109 tilltalat
4205 1340 254 109 dem,
4364 1340 191 109 de
4427 1340 159 109 ka¬-

2688 1456 257 109 stat
2849 1456 321 109 säcken
3074 1456 257 109 från
3234 1456 225 109 sig
3363 1456 225 109 och
3491 1456 386 109 sprungit
3781 1456 225 109 sin
3877 1456 193 109 väg.

2847 1558 342 101 Berörde
3095 1558 248 101 säck
3251 1558 217 101 har
3375 1558 404 101 befunnits
3685 1558 404 101 innehålla
3996 1558 217 101 två
4120 1558 435 101 sötmjölks-
4431 1558 155 101 och

2712 1658 199 123 två
2825 1658 398 123 skumostar,
3138 1658 313 123 vägande
3366 1658 427 123 tillsammans
3707 1658 171 123 82
3793 1658 199 123 1/2
3907 1658 171 123 ℔,
3992 1658 285 123 hvilka
4191 1658 256 123 ostar
4333 1658 285 123 Ostmång¬-

2710 1772 269 117 laren
2890 1772 389 117 Petersson
3189 1772 389 117 sedermera
3488 1772 359 117 igenkänt
3757 1772 239 117 vara
3906 1772 179 117 af
3996 1772 179 117 de
4086 1772 239 117 från
4235 1772 269 117 honom
4385 1772 209 117 till¬-

2674 1916 270 83 gripna.

2864 1984 162 113 I
2928 1984 420 113 anledning
3252 1984 291 113 häraf
3446 1984 291 113 hafva
3640 1984 776 113 detektivkonstaplarna
4319 1984 194 113 V.
4384 1984 226 113 Bruun

2715 2094 216 119 och
2839 2094 185 119 C.
2931 2094 402 119 Hellström
3241 2094 278 119 efter
3426 2094 371 119 erhållna
3704 2094 495 119 upplysningar
4106 2094 216 119 att
4230 2094 216 119 tre
4323 2094 247 119 okända

2701 2202 228 117 män
2832 2202 260 117 till
2994 2202 293 117 flera
3190 2202 390 117 personer
3482 2202 390 117 utbjudit
3775 2202 325 117 fårull
4003 2202 260 117 till
4166 2202 293 117 salu,
4328 2202 228 117 såsom

2686 2310 442 117 misstänkte
3034 2310 221 117 för
3160 2310 284 117 dessa
3350 2310 411 117 tillgrepp
3666 2310 379 117 anhållit
3950 2310 284 117 förre
4108 2310 474 117 Artilleristen

2687 2414 276 125 Frans
2871 2414 337 125 Theodor
3116 2414 460 125 Zetterqvist
3484 2414 245 125 samt
3637 2414 551 125 arbetskarlarne
4097 2414 245 125 Carl
4219 2414 337 125 Apelqvist

2698 2539 210 113 och
2818 2539 270 113 Börje
2998 2539 390 113 Andersson
3298 2539 240 113 fårn
3448 2539 330 113 Surteby
3688 2539 330 113 Socken,
3928 2539 270 113 Marks
4108 2539 240 113 härd
4258 2539 270 113 härad
4408 2539 150 113 och

2694 2639 412 123 Elfsborgs
3011 2639 253 123 län,
3169 2639 380 123 samtlige
3454 2639 317 123 boende
3676 2639 158 123 i
3739 2639 285 123 huset
3929 2639 190 123 No
4024 2639 190 123 27
4119 2639 253 123 Litt
4277 2639 158 123 H
4340 2639 158 123 i
4372 2639 190 123 Lan¬-

2688 2748 473 133 dalabergen,
3067 2748 347 133 hvarest
3319 2748 221 133 vid
3446 2748 379 133 anställd
3730 2748 442 133 visitation
4077 2748 442 133 anträffats
4392 2748 158 133 om¬-

2679 2913 263 79 kring
2854 2913 146 79 7
2912 2913 146 79 ℔
2941 2913 263 79 fårull.

2875 2973 233 103 Vid
3008 2973 233 103 det
3141 2973 233 103 med
3274 2973 200 103 de
3374 2973 400 103 anhållne
3674 2973 433 103 anställde
4007 2973 333 103 förhör
4240 2973 300 103 hafva
4407 2973 133 103 de

2660 3107 346 78 uppgifvit:

2681 3157 200 108 1o
2781 3157 301 108 Frans
2981 3157 367 108 Theodor
3248 3157 534 108 Zetterqvist,
3682 3157 234 108 att
3816 3157 234 108 han
3950 3157 234 108 med
4083 3157 267 108 Carl
4217 3157 367 108 Apelqvist

2691 3255 216 113 och
2814 3255 277 113 Börje
2999 3255 400 113 Andersson
3307 3255 370 113 tisdagen
3584 3255 216 113 den
3708 3255 185 113 23
3800 3255 277 113 sist.
3985 3255 370 113 Februari
4231 3255 339 113 öfverens¬-

2693 3345 314 121 kommit
2913 3345 220 121 att
3038 3345 189 121 gå
3133 3345 251 121 till
3290 3345 409 121 bangården
3604 3345 220 121 för
3730 3345 220 121 att
3855 3345 220 121 der
3981 3345 409 121 tillgripa
4295 3345 251 121 ull;
4421 3345 157 121 att

2673 3447 199 118 de
2772 3447 233 118 för
2905 3447 332 118 sådant
3138 3447 365 118 ändamål
3404 3447 365 118 omkring
3669 3447 233 118 kl.
3802 3447 199 118 10
3902 3447 199 118 på
4001 3447 365 118 aftonen
4267 3447 266 118 gått
4400 3447 166 118 ner

2672 3545 252 120 till
2830 3545 442 120 Stationen,
3177 3545 221 120 der
3303 3545 473 120 Zetterqvist
3682 3545 221 120 och
3808 3545 410 120 Apelqvist
4092 3545 442 120 sönderskurit

2695 3649 198 106 en
2794 3649 231 106 vid
2926 3649 363 106 ullbal,
3190 3649 231 106 som
3321 3649 297 106 varit
3519 3649 330 106 lastad
3750 3649 165 106 å
3816 3649 198 106 en
3915 3649 527 106 jernvägsvagn
4343 3649 264 106 inne
4475 3649 99 106 å

2656 3749 445 102 bangården,
3006 3749 413 102 hvarefter
3323 3749 191 102 de
3419 3749 286 102 derur
3609 3749 445 102 tillgripit
3959 3749 222 102 och
4086 3749 254 102 lagt
4245 3749 286 102 ullen
4435 3749 159 102 i
4467 3749 127 102 en
