4997 4049
530 158 247 132 den
671 158 212 132 11
777 158 177 132 i
848 158 318 132 denna
1060 158 318 132 månad
1272 158 212 132 på
1378 158 601 132 eftermiddagen
1873 158 283 132 från
2050 158 212 132 en
2121 158 247 132 hand¬-

503 216 341 117 kärra,
742 216 375 117 stående
1014 216 307 117 invid
1219 216 648 117 Slagteriidkaren
1764 216 409 117 Bernhard
2037 216 341 117 Zachris¬-

512 313 265 164 sons
678 313 431 164 salustånd
1009 313 166 164 å
1076 313 531 164 Kungstorget,
1507 313 431 164 olofligen
1839 313 464 164 tillgripit
2170 313 166 164 ett

459 396 486 121 swinhufwud.

557 463 244 161 Wid
697 463 244 161 det
836 463 244 161 med
976 463 384 161 Nilsson
1255 463 175 161 i
1325 463 454 161 anledning
1674 463 314 161 häraf
1883 463 419 161 anstälda
2163 463 209 161 för¬-

523 566 238 159 hör
659 566 238 159 har
795 566 238 159 han
932 566 409 159 widgått,
1238 566 238 159 att
1374 566 238 159 han
1511 566 511 159 sistberörde
1919 566 238 159 dag
2055 566 204 159 på
2158 566 204 159 e.
2226 566 136 159 m.

512 661 323 173 under
727 661 251 173 det
871 661 251 173 han
1014 661 502 173 uppehållit
1409 661 251 173 sig
1553 661 179 173 å
1624 661 574 173 Kungstorget,
2091 661 215 173 ur
2163 661 179 173 Za¬-

499 753 411 180 chrissons
815 753 411 180 derstädes
1131 753 348 180 stående
1384 753 411 180 handkärra
1700 753 442 180 tillgripit
2048 753 221 180 ett
2143 753 221 180 Swin¬-

479 883 397 145 hufwud
757 883 278 145 men
916 883 516 145 uppgifwit
1313 883 278 145 att
1471 883 278 145 han
1630 883 278 145 som
1789 883 278 145 wid
1908 883 476 145 ifrågakom¬-

493 936 216 177 na
601 936 467 177 tillfälle
960 936 323 177 varit
1176 936 359 177 rusig,
1428 936 288 177 icke
1607 936 323 177 kunde
1823 936 359 177 erinra
2074 936 252 177 sig
2182 936 144 177 om

477 1043 253 144 han
621 1043 289 144 sålt
802 1043 325 144 eller
1019 1043 362 144 tappat
1236 1043 398 144 detsamma;

578 1162 335 135 Sedan
801 1162 521 135 upplysning
1210 1162 409 135 wunnits
1508 1162 260 135 att
1656 1162 409 135 Nilsson
1954 1162 372 135 jemwäl
2177 1162 186 135 den

499 1233 234 138 11
616 1233 390 138 dennes
889 1233 234 138 på
1006 1233 234 138 e.
1123 1233 234 138 m.
1240 1233 195 138 å
1318 1233 780 138 Bolagsvärdshuset
1982 1233 234 138 No
2099 1233 195 138 5
2138 1233 195 138 wid

496 1326 552 133 Kungstorget
938 1326 294 133 från
1121 1326 919 133 Wärdshusföreståndaren
1930 1326 221 133 C.
2041 1326 221 133 M.
2114 1326 221 133 Tode

501 1410 470 158 tillgripit
871 1410 235 158 ett
1005 1410 504 158 punschglas,
1408 1410 235 158 som
1543 1410 269 158 dock
1710 1410 336 158 genast
1912 1410 403 158 fråntagits

485 1521 360 160 honom
725 1521 240 160 af
845 1521 200 160 å
925 1521 360 160 sagde
1165 1521 480 160 wärdshus
1525 1521 480 160 anstälda
1885 1521 360 160 pigan
2085 1521 240 160 Anna

494 1599 477 176 Johansson,
868 1599 238 176 har
1005 1599 408 176 Nilsson,
1311 1599 306 176 härom
1515 1599 306 176 hörd,
1719 1599 477 176 uppgifvit,
2094 1599 238 176 att
2196 1599 170 176 han

471 1695 262 171 som
620 1695 337 171 sagde
845 1695 300 171 dag,
1032 1695 562 171 tillsammans
1482 1695 262 171 med
1631 1695 337 171 några
1856 1695 337 171 andra
2043 1695 300 171 karlar

481 1794 390 133 inköpt
754 1794 273 133 1/4
910 1794 351 133 kanna
1145 1794 469 133 bränwin,
1496 1794 390 133 ingått
1769 1794 195 133 å
1847 1794 429 133 berörde
2121 1794 195 133 Bo¬-

486 1911 553 106 lagswärdshus
936 1911 242 106 för
1074 1911 242 106 att
1213 1911 242 106 der
1351 1911 346 106 skaffa
1593 1911 242 106 sig
1731 1911 242 106 ett
1870 1911 415 106 supglas,
2146 1911 173 106 att

460 1976 211 80 sedan

501 1994 248 115 han
642 1994 460 115 derstädes
996 1994 354 115 begärt
1244 1994 248 115 och
1385 1994 283 115 fått
1562 1994 283 115 till
1739 1994 248 115 sig
1880 1994 425 115 utlemnad
2163 1994 142 115 en

486 2078 260 156 sup
634 2078 445 156 bränwin,
968 2078 260 156 han
1117 2078 297 156 från
1302 2078 260 156 ett
1451 2078 297 156 bord
1636 2078 334 156 tagit
1859 2078 260 156 ett
1970 2078 334 156 punsch¬-

489 2181 344 176 glas,
718 2181 268 176 som
871 2181 268 176 han
1024 2181 421 176 nedlagt
1330 2181 191 176 å
1407 2181 268 176 sin
1559 2181 459 176 byxficka
1904 2181 306 176 samt
2057 2181 229 176 att,

474 2269 217 185 då
582 2269 253 185 han
727 2269 434 185 derefter
1053 2269 543 185 medhafwande
1488 2269 362 185 glaset
1741 2269 326 185 ämnat
1922 2269 362 185 aflägsna

485 2374 287 151 sig,
664 2374 323 151 Pigan
879 2374 287 151 Anna
1059 2374 502 151 Johansson,
1453 2374 394 151 hvilken
1740 2374 323 151 under
1955 2374 323 151 tiden
2134 2374 215 151 sak¬-

487 2462 278 163 natt
661 2462 348 163 glasat
905 2462 453 163 antastade
1253 2462 313 163 honom
1462 2462 244 163 och
1601 2462 453 163 fråntagit
1949 2462 313 163 honom
2123 2462 209 163 det¬-

410 2575 404 113 samma.

589 2617 250 184 Det
732 2617 608 184 ifrågawarande
1233 2617 501 184 tillgripna
1626 2617 358 184 godset
1876 2617 250 184 har
2019 2617 215 184 af
2091 2617 250 184 Måls¬-

494 2735 443 141 egandena
827 2735 517 141 värderats,
1233 2735 591 141 Svinhufwudet
1713 2735 296 141 till
1898 2735 259 141 Sex
2009 2735 296 141 kronor

500 2818 231 122 och
632 2818 330 122 glaset
863 2818 264 122 till
1027 2818 198 122 16
1093 2818 198 122 öre.

597 2911 214 156 På
704 2911 321 156 grund
919 2911 214 156 af
1026 2911 286 156 hvad
1204 2911 393 156 sålunda
1490 2911 536 156 förekommit.
1883 2911 214 156 etc.

1011 3018 426 176 Göteborg
1330 3018 249 176 den
1472 3018 213 176 15
1579 3018 426 176 December
1863 3018 249 176 1880.

19 3077 308 175 No
121 3077 308 175 263.

509 3152 678 192 Poliskonstapeln
1080 3152 214 192 No
1187 3152 214 192 29
1294 3152 392 192 Losell,
1580 3152 250 192 har
1722 3152 428 192 onsdagen
2043 3152 250 192 den
2150 3152 143 192 15

464 3258 401 137 dennes
745 3258 281 137 wid
905 3258 361 137 Lilla
1145 3258 401 137 Bommen
1426 3258 481 137 anhållit
1747 3258 561 137 Arbetskarlen

488 3373 285 150 Carl
666 3373 321 150 Oskar
880 3373 463 150 Sandberg,
1236 3373 356 150 boende
1486 3373 178 150 i
1557 3373 321 150 huset
1770 3373 214 150 No
1877 3373 178 150 1
1948 3373 249 150 Ltt
2091 3373 214 150 H.
2162 3373 107 150 i

473 3493 405 100 stadens
767 3493 221 100 12
878 3493 294 100 rote
1062 3493 257 100 för
1209 3493 257 100 det
1356 3493 257 100 han
1503 3493 441 100 innehaft
1834 3493 184 100 1
1907 3493 257 100 1/2
2055 3493 184 100 ℔
2091 3493 221 100 Ame¬-

460 3560 415 135 rikanskt
771 3560 346 135 Fläsk,
1013 3560 242 135 för
1152 3560 380 135 åtkomst
1428 3560 415 135 hvartill
1739 3560 242 135 han
1877 3560 276 135 icke
2016 3560 276 135 kunnat

453 3693 310 148 redogöra.

571 3717 245 207 Wid
711 3717 245 207 det
851 3717 245 207 med
991 3717 421 207 Sandberg
1307 3717 175 207 i
1377 3717 456 207 anledning
1727 3717 315 207 häraf
1903 3717 385 207 anställda

2679 101 332 194 förhör
2911 101 232 194 har
3044 101 232 194 han
3176 101 431 194 uppgifvit
3508 101 232 194 att
3641 101 332 194 natten
3873 101 265 194 till
4039 101 232 194 den
4171 101 199 194 15
4238 101 265 194 dennes

2664 226 218 169 då
2773 226 255 169 han
2918 226 327 169 varit
3137 226 509 169 sysselsatt
3537 226 255 169 med
3682 226 655 169 stufweriarbete
4192 226 291 169 ombord

2660 322 175 161 å
2730 322 525 161 ångfartyget
3150 322 455 161 "Norden",
3500 322 245 161 som
3641 322 350 161 ligger
3886 322 420 161 förtöjdt
4201 322 245 161 wid
4306 322 175 161 Ro¬-

2650 431 398 97 sendahls
2948 431 464 97 Magasiner,
3313 431 531 97 warseblifvit
3744 431 199 97 en
3844 431 298 97 säck,
4043 431 232 97 som
4142 431 398 97 innehållit

2647 496 344 133 Fläsk,
2887 496 378 133 stående
3163 496 172 133 i
3231 496 413 133 närheten
3541 496 206 133 af
3644 496 550 133 Tullskjulet,
4091 496 275 133 samt
4263 496 241 133 att
4366 496 138 133 då

2643 617 249 124 han
2786 617 605 124 derpåföljande
3284 617 356 124 morgon
3533 617 391 124 klockan
3817 617 213 124 6,
3924 617 356 124 slutat
4137 617 356 124 arbetet,

2656 680 238 136 han
2792 680 408 136 begifwit
3098 680 238 136 sig
3235 680 272 136 till
3405 680 408 136 stället,
3711 680 238 136 der
3847 680 340 136 säcken
4086 680 238 136 med
4188 680 306 136 fläsket

2666 779 332 128 warit
2887 779 443 128 liggande
3219 779 258 128 och
3367 779 221 128 då
3477 779 332 128 tagit
3699 779 443 128 detsamma
4031 779 258 128 för
4178 779 258 128 att
4289 779 221 128 med¬-

2658 885 291 162 föra
2839 885 254 162 det
2985 885 254 162 hem
3130 885 291 162 till
3311 885 254 162 sin
3457 885 363 162 bostad
3711 885 254 162 men
3856 885 363 162 derwid
4110 885 400 162 blifwit
4365 885 145 162 af

2656 979 647 137 Poliskonstapeln
3201 979 341 137 Losell
3405 979 375 137 anhållen.

2731 1077 636 151 Aktiebolaget
3248 1077 397 151 Swensk
3526 1077 477 151 Express,
3884 1077 278 151 som
4043 1077 278 151 har
4162 1077 318 151 kontor

2660 1191 220 181 i
2748 1191 397 181 huset
3013 1191 264 181 No
3145 1191 793 181 Magasinsgatan,
3806 1191 309 181 har
3982 1191 441 181 anmält
4247 1191 220 181 sig

2651 1293 246 183 som
2791 1293 316 183 egare
3002 1293 281 183 till
3178 1293 527 183 ifrågakomne
3599 1293 316 183 Fläsk
3810 1293 316 183 under
4020 1293 421 183 uppgift,
4301 1293 176 183 att

2669 1405 309 139 det,
2863 1405 271 139 som
3017 1405 309 139 wore
3211 1405 348 139 värdt
3443 1405 193 139 6
3520 1405 387 139 Kronor
3791 1405 232 139 80
3907 1405 271 139 öre
4062 1405 271 139 L℔,
4178 1405 309 139 natten

2668 1509 264 132 till
2833 1509 231 132 den
2965 1509 198 132 15
3064 1509 363 132 dennes,
3328 1509 495 132 tillgripits
3723 1509 198 132 ur
3822 1509 198 132 en
3921 1509 363 132 Söndrig
4152 1509 330 132 Fläsklå¬-

2666 1619 245 168 da,
2806 1619 245 168 som
2946 1619 315 168 warit
3156 1619 385 168 upplagd
3435 1619 245 168 wid
3575 1619 350 168 Kajen,
3820 1619 175 168 i
3890 1619 420 168 närheten
4204 1619 210 168 af
4274 1619 245 168 Tull¬-

2626 1719 291 136 huset.

2736 1781 386 173 Fläsket
3017 1781 246 173 har
3157 1781 492 173 återstälts
3544 1781 281 173 till
3720 1781 386 173 Bolaget
3966 1781 386 173 Expresse.

2663 1935 239 172 På
2783 1935 358 172 grund
3021 1935 239 172 af
3140 1935 318 172 hvad
3339 1935 437 172 sålunda
3617 1935 517 172 förekommit.

3217 2037 371 151 Göteborg
3495 2037 217 151 den
3619 2037 186 151 17
3712 2037 371 151 December
3959 2037 217 151 1880.

4445 2097 327 151 No
4553 2097 327 151 264.

2674 2068 318 190 Extra
2886 2068 636 190 Stationskarlen
3416 2068 212 190 J.
3522 2068 495 190 Johansson,
3911 2068 353 190 boende
4158 2068 177 190 i
4194 2068 247 190 huset

2675 2222 212 152 No
2781 2222 212 152 73
2887 2222 283 152 Litt
3063 2222 212 152 Z.
3169 2222 247 152 wid
3311 2222 318 152 Södra
3523 2222 495 152 Bangårdan;
3911 2222 247 152 har
4053 2222 247 152 den
4194 2222 212 152 14
4265 2222 247 152 sist.

2676 2332 340 159 april
2903 2332 415 159 anmält,
3205 2332 264 159 att
3356 2332 378 159 natten
3621 2332 302 159 till
3809 2332 264 159 den
3960 2332 227 159 13
4074 2332 189 159 i
4149 2332 340 159 samma
4338 2332 189 159 må¬-

2667 2414 240 185 nad
2804 2414 308 185 genom
3009 2414 377 185 inbrott
3283 2414 171 185 å
3352 2414 205 185 en
3454 2414 171 185 å
3523 2414 445 185 förstugan
3865 2414 274 185 till
4037 2414 308 185 sagde
4242 2414 240 185 hus
4345 2414 171 185 be¬-

2664 2522 347 156 fintlig
2916 2522 252 156 låst
3073 2522 410 156 garderod,
3388 2522 252 156 från
3546 2522 284 156 honom
3703 2522 441 156 tillgripits:

2657 2616 203 187 En
2759 2616 643 187 Sommaröfwerrock
3300 2616 203 187 af
3402 2616 440 187 mörkgrått
3740 2616 271 187 tyg,
3876 2616 203 187 värd

4229 2656 199 105 15
4295 2656 166 105 Kr:

2666 2718 217 173 En
2774 2718 326 173 svart
2991 2718 362 173 Klädes
3208 2718 326 173 Bonjour

4222 2746 285 112 12
4317 2746 143 112 "

2688 2808 212 136 En
2794 2808 318 136 svart
2971 2808 424 136 Klädeswäst

4256 2837 243 84 1.
4337 2837 122 84 "

2675 2911 215 187 En
2783 2911 286 187 wäst
2962 2911 215 187 af
3069 2911 322 187 svart
3284 2911 251 187 och
3427 2911 537 187 gråprickigt
3821 2911 179 187 tyg

4270 2920 246 123 1.
4352 2920 123 123 "

2678 3020 229 159 En
2792 3020 420 159 Lifrock
3098 3020 229 159 af
3212 3020 344 159 grått
3403 3020 191 159 tyg

4290 3019 190 105 3
4328 3019 114 105 "

2677 3118 266 173 och
2829 3118 266 173 ett
2981 3118 266 173 par
3132 3118 266 173 blå
3284 3118 379 173 byxor,
3512 3118 266 173 wärda

4212 3106 248 130 3.

2666 3221 307 169 samt
2857 3221 268 169 att
3011 3221 268 169 han
3164 3221 268 169 för
3317 3221 345 169 detta
3547 3221 498 169 tillgrepp
3930 3221 536 169 misstänkte
4313 3221 192 169 Ar¬-

2657 3327 487 166 betskarlen
3040 3327 278 166 Sven
3214 3327 348 166 August
3457 3327 487 166 Johansson,
3840 3327 383 166 hvilken
4118 3327 313 166 någon
4292 3327 174 166 tid

2645 3431 340 175 förut
2872 3431 303 175 bott
3061 3431 265 175 hos
3213 3431 567 175 Målsegaren,
3667 3431 265 175 men
3818 3431 265 175 den
3969 3431 227 175 14
4083 3431 189 175 i
4121 3431 340 175 berörde

2656 3544 337 157 månad
2880 3544 374 157 afrest
3142 3544 300 157 från
3292 3544 337 157 staden.

2683 3606 321 162 Sedan
2897 3606 499 162 upplysning
3289 3606 463 162 erhållits
3645 3606 249 162 att
3788 3606 285 162 Swen
3966 3606 356 162 August
4179 3606 321 162 Johans¬-

2666 3744 231 155 son
2798 3744 397 155 begifwit
3096 3744 231 155 sig
3228 3744 264 155 till
3393 3744 430 155 Halmstad,
3724 3744 364 155 aflätet
3988 3744 231 155 den
4120 3744 165 155 4
4153 3744 331 155 December
