4989 4062
524 101 246 203 hus
665 101 317 203 märke
876 101 281 203 samt
1051 101 246 203 att
1192 101 281 203 han,
1368 101 246 203 som
1509 101 281 203 ofta
1685 101 492 203 sysselsatt
2072 101 246 203 sig
2177 101 176 203 med

523 216 384 166 lagning
802 216 210 166 af
907 216 594 166 pressenningar
1396 216 244 166 för
1536 216 489 166 åtskillige
1920 216 419 166 personer
2199 216 175 166 och

519 312 371 150 dervid
778 312 519 150 uppehållit
1186 312 259 150 sig
1334 312 185 150 å
1408 312 408 150 Franska
1705 312 408 150 Tomten,
2001 312 259 150 wid
2113 312 259 150 dessa

537 393 456 174 tillfällen
896 393 522 174 sönderskurit
1320 393 196 174 de
1418 393 456 174 tillgripne
1776 393 619 174 pressenningarne
2265 393 98 174 i

524 486 384 176 mindre
792 486 461 176 stycken,
1138 486 384 176 hvilka
1406 486 269 176 han
1560 486 537 176 sedermera,
1982 486 269 176 wid
2097 486 269 176 olika

525 575 409 155 tillfällen
817 575 292 155 försålt.

627 645 237 187 Wid
763 645 441 187 företagne
1102 645 611 187 efterspaningar
1611 645 237 187 har
1746 645 475 187 upplysning
2086 645 305 187 wunnits

530 758 245 172 att
670 758 315 172 nedan
880 758 490 172 uppräknade
1265 758 420 172 personer
1580 758 280 172 till
1755 758 420 172 följande
2070 758 280 172 pris
2210 758 140 172 af

527 872 371 147 Nilsson
797 872 270 147 köpt
965 872 371 147 stycken
1235 872 202 147 af
1336 872 606 147 pressenningar,
1807 872 270 147 neml.:

515 943 225 160 1o
627 943 375 160 ogifta
889 943 300 160 Anna
1077 943 525 160 Andersson,
1489 943 375 160 boende
1752 943 187 160 i
1827 943 337 160 huset
2052 943 225 160 No
2164 943 187 160 4
2202 943 187 160 wid

522 1040 312 169 Lilla
730 1040 554 169 Landalagatan
1180 1040 173 169 ,
1249 1040 242 169 ett
1388 1040 346 169 stycke
1630 1040 242 169 för
1768 1040 173 169 4
1803 1040 277 169 kronor

504 1134 223 177 2o
615 1134 409 177 Hustrun
913 1134 484 177 Elisabeth
1285 1134 409 177 Ekberg,
1583 1134 372 177 boende
1843 1134 186 177 i
1918 1134 335 177 samma
2141 1134 260 177 hus
2252 1134 112 177 -

524 1231 234 142 ett
657 1231 335 142 stycke
892 1231 234 142 för
1026 1231 167 142 4
1093 1231 335 142 kronor
1327 1231 201 142 50
1394 1231 201 142 öre.

511 1308 243 146 3o
632 1308 405 146 Hustru
915 1308 567 146 Wilhelmina
1361 1308 486 146 Hansson,
1725 1308 405 146 boende
2008 1308 202 146 i
2049 1308 283 146 huset

515 1433 206 119 No
618 1433 206 119 18
721 1433 241 119 wid
858 1433 481 119 Albogatan-
1236 1433 241 119 ett
1374 1433 344 119 stycke
1614 1433 241 119 för
1752 1433 172 119 3
1821 1433 344 119 kronor
2061 1433 206 119 75
2130 1433 206 119 öre.

519 1529 226 144 4o
632 1529 415 144 Hustrun
934 1529 377 144 Aurora
1198 1529 453 144 Persson,
1538 1529 377 144 boende
1802 1529 189 144 i
1877 1529 340 144 huset
2104 1529 226 144 No
2179 1529 151 144 30

486 1618 249 175 wid
629 1618 533 175 Bergsgatan-
1055 1618 249 175 ett
1197 1618 355 175 stycke
1446 1618 249 175 för
1588 1618 178 175 2
1659 1618 355 175 Kronor
1908 1618 213 175 50
1979 1618 213 175 öre.

503 1714 222 173 5o
614 1714 740 173 Charcuterihandl.
1243 1714 222 173 S.
1354 1714 222 173 P.
1464 1714 518 173 Zakrisson,
1871 1714 370 173 boende
2130 1714 185 173 i
2167 1714 185 173 hu¬-

494 1813 254 151 set
639 1813 218 151 No
748 1813 218 151 24
856 1813 254 151 vid
1001 1813 471 151 Albogatan
1364 1813 181 151 -
1437 1813 254 151 ett
1582 1813 363 151 stycke
1835 1813 254 151 för
1980 1813 181 151 4
2017 1813 326 151 kronor.

512 1895 240 183 6o
632 1895 680 183 Osthandlanden
1192 1895 400 183 August
1472 1895 560 183 Johansson,
1912 1895 400 183 boende
2152 1895 120 183 i

497 2004 348 150 huset
729 2004 232 150 No
845 2004 232 150 27
961 2004 271 150 vid
1116 2004 503 150 Långgatan
1502 2004 193 150 i
1580 2004 657 150 Landalabergen
2121 2004 193 150 -
2160 2004 193 150 ett

496 2090 344 156 stycke
736 2090 240 156 för
874 2090 172 156 4
908 2090 309 156 kronor.

489 2143 238 192 7o
608 2143 753 192 Mångleriidkaren
1243 2143 396 192 Anders
1520 2143 555 192 Börjesson,
1956 2143 396 192 boende
2194 2143 119 192 i

500 2271 184 176 i
574 2271 332 176 huset
795 2271 221 176 No
905 2271 221 176 15
1016 2271 258 176 vid
1163 2271 368 176 Westra
1421 2271 516 176 Skansgatan
1826 2271 184 176 -
1900 2271 258 176 ett
2010 2271 295 176 stycke

489 2364 256 136 för
636 2364 183 136 4
672 2364 329 136 kronor.

492 2414 217 214 8o
600 2414 398 214 Hustrun
889 2414 398 214 Johanna
1179 2414 506 214 Andersson,
1576 2414 361 214 boende
1829 2414 181 214 i
1901 2414 325 214 huset
2118 2414 217 214 No
2191 2414 108 214 9

481 2538 220 163 wid
606 2538 471 163 Bergsgatan:
983 2538 220 163 att
1108 2538 314 163 stycke
1328 2538 220 163 för
1453 2538 157 163 4
1485 2538 282 163 kronor.

488 2630 236 168 9o
606 2630 354 168 Enkan
842 2630 275 168 Eva
999 2630 354 168 Sofia
1235 2630 512 168 Ericsson,
1629 2630 393 168 boende
1904 2630 197 168 i
1983 2630 354 168 huset
2180 2630 157 168 No

512 2726 219 185 15
621 2726 255 185 wid
767 2726 547 185 Brunnsgatan
1204 2726 182 185 i
1277 2726 401 185 Annedal
1569 2726 182 185 -
1642 2726 255 185 ett
1788 2726 365 185 stycke
2043 2726 255 185 för
2152 2726 146 185 En

495 2811 287 116 krona
687 2811 192 116 50
750 2811 160 116 öre

491 2866 252 178 10o
635 2866 648 178 Smörhandlanden
1175 2866 216 178 W.
1283 2866 216 178 H.
1391 2866 504 178 Johansson,
1787 2866 360 178 boende
2039 2866 180 178 i
2075 2866 252 178 huset

517 2991 194 166 No
614 2991 194 166 22
711 2991 226 166 vid
840 2991 291 166 Södra
1034 2991 291 166 Liden
1228 2991 162 166 -
1293 2991 226 166 ett
1422 2991 323 166 stycke
1648 2991 226 166 för
1778 2991 162 166 2
1842 2991 323 166 kronor
2069 2991 194 166 50
2133 2991 162 166 öre

475 3082 374 149 hvilket
747 3082 443 149 sedermera
1088 3082 374 149 blifwit
1360 3082 204 149 af
1462 3082 443 149 Johansson
1802 3082 408 149 försåldt
2075 3082 204 149 till

482 3167 622 159 Glashandlanden
1001 3167 207 159 C.
1104 3167 207 159 J.
1208 3167 484 159 Josefsson,
1588 3167 242 159 som
1726 3167 242 159 har
1864 3167 311 159 butik
2072 3167 173 159 i
2106 3167 242 159 huset

458 3247 215 145 No
566 3247 215 145 3.
673 3247 251 145 vid
781 3247 466 145 Kungstorget

467 3334 251 177 11o
610 3334 466 177 Skepparen
969 3334 322 177 Claes
1184 3334 466 177 Johansson
1542 3334 287 177 från
1721 3334 430 177 Forswik,
2008 3334 322 177 förande

482 3436 406 131 Galeasen
786 3436 237 131 "A.
922 3436 203 131 P.
1023 3436 473 131 Lundström"
1395 3436 169 131 -
1463 3436 237 131 ett
1598 3436 338 131 stycke
1835 3436 237 131 för
1970 3436 203 131 10
2038 3436 270 131 Kronor

488 3534 196 135 25
586 3534 261 135 öre,
750 3534 359 135 hvilket
1011 3534 327 135 stycke
1240 3534 229 135 han
1371 3534 359 135 användt
1632 3534 261 135 till
1795 3534 556 135 öfvertäckning
2220 3534 131 135 af

487 3618 531 129 lastlucken
904 3618 190 129 å
980 3618 379 129 nämnde
1245 3618 379 129 Galeas
1473 3618 190 129 och

458 3702 237 168 12o
593 3702 338 168 Åkaren
830 3702 203 168 O.
932 3702 203 168 F.
1033 3702 474 168 Andersson,
1405 3702 338 168 boende
1642 3702 169 168 i
1710 3702 304 168 huset
1913 3702 203 168 No
2014 3702 203 168 30
2082 3702 169 168 wid

2675 123 507 188 Skolgatan-
3073 123 253 188 två
3218 123 398 188 stycken
3508 123 253 188 för
3652 123 543 188 tillsammans
4087 123 181 188 5
4123 123 326 188 kronor;

2664 237 296 132 samt
2849 237 259 132 att
2997 237 444 132 samtlige
3330 237 222 132 de
3441 237 185 132 i
3515 237 444 132 momenten
3848 237 259 132 1-9
3996 237 259 132 här
4144 237 333 132 ofwan
4329 237 185 132 om¬-

2648 341 439 156 förmälde
2978 341 476 156 personer,
3344 341 403 156 användt
3637 341 220 156 de
3747 341 220 156 af
3857 341 256 156 dem
4003 341 403 156 inköpte
4260 341 256 156 pres¬-

2669 425 646 165 senningsstyckena
3218 425 258 165 till
3379 425 226 165 tak
3508 425 291 165 öfver
3702 425 646 165 försäljningsbord
4251 425 161 165 å
4284 425 258 165 Kungs¬-

2645 528 252 146 torget.

2731 558 213 208 De
2838 558 213 208 af
2945 558 356 208 ogifta
3194 558 285 208 Anna
3372 558 498 208 Andersson,
3763 558 462 208 Hustrurna
4083 558 391 208 Elisabeth

2663 714 414 134 Ekberg,
2965 714 527 134 Wilhelmina
3379 714 452 134 Hansson,
3718 714 264 134 och
3869 714 377 134 Aurora
4095 714 339 134 Persson

2656 787 283 149 samt
2833 787 850 149 Charcuterihandlanden
3576 787 212 149 S.
3683 787 212 149 P.
3789 787 496 149 Zachrisson
4178 787 248 149 och
4285 787 212 149 ost¬-

2652 883 515 159 handlanden
3057 883 368 159 August
3314 883 478 159 Johansson
3681 883 404 159 inköpta
3975 883 404 159 stycken
4233 883 257 159 hafva

2649 974 463 139 igenkänts
3005 974 427 139 tillhöra
3326 974 392 139 Statens
3611 974 463 139 Jernvägar
3966 974 249 139 och
4109 974 214 139 de
4216 974 214 139 af
4287 974 249 139 Mång¬-

2649 1070 534 139 leridkaren
3068 1070 381 139 Anders
3335 1070 534 139 Börjesson,
3755 1070 420 139 Hustrun
4060 1070 420 139 Johanna
4327 1070 191 139 An¬-

2667 1166 433 165 dersson,
2992 1166 325 165 Enkan
3209 1166 253 165 Eva
3353 1166 325 165 Sofia
3570 1166 433 165 Ericsson
3895 1166 181 165 ,
3931 1166 578 165 Smörhandlanden

2651 1261 223 156 W.
2762 1261 223 156 H.
2874 1261 483 156 Johansson
3245 1261 260 156 och
3393 1261 483 156 Skepparen
3765 1261 334 156 Claes
3987 1261 483 156 Johansson
4321 1261 186 156 in¬-

2677 1359 305 129 köpte
2880 1359 372 129 stycken
3151 1359 305 129 hafwa
3354 1359 440 129 igenkänts
3692 1359 406 129 tillhöra
3997 1359 440 129 Göteborgs
4301 1359 237 129 Pack¬-

2631 1501 210 98 hus.

2729 1506 377 171 Nilsson
3003 1506 411 171 härefter
3311 1506 514 171 ytterligare
3722 1506 308 171 hörd,
3927 1506 240 171 har
4064 1506 377 171 widgådt
4304 1506 171 171 att

2660 1622 260 133 han
2809 1622 298 133 till
2995 1622 558 133 ofwannämnde
3441 1622 447 133 personer
3776 1622 409 133 försålt
4037 1622 447 133 ifrågakom¬-

2662 1712 206 162 ne
2765 1712 825 162 pressenningsstycken,
3486 1712 447 162 hvarjemte
3830 1712 241 162 han
3967 1712 378 162 tillagt
4242 1712 241 162 att
4345 1712 172 162 han

2656 1802 380 153 jemwäl
2922 1802 304 153 till
3112 1802 380 153 okände
3378 1802 494 153 landtbor,
3757 1802 456 153 Skeppare
4099 1802 304 153 samt
4251 1802 266 153 Åkare

2674 1898 244 163 här
2814 1898 175 163 i
2884 1898 349 163 staden
3128 1898 384 163 försålt
3407 1898 489 163 åtskillige
3792 1898 349 163 mindre
4036 1898 384 163 stycken
4315 1898 210 163 af
4385 1898 140 163 i¬-

2661 2014 590 145 frågawarande
3104 2014 590 145 pressenningar.

2750 2089 829 157 Öfverinspektören
3454 2089 290 157 vid
3620 2089 705 157 Tullpackhuset
4159 2089 166 157 W.

3538 2193 175 149 har
3638 2193 250 149 anmält
3814 2193 175 149 sig
3914 2193 225 149 såsom
4064 2193 325 149 målsegare
4289 2193 150 149 till

2690 2297 212 158 de
2796 2297 283 158 från
2973 2297 460 158 Packhuset
3326 2297 495 158 tillgripne
3715 2297 637 158 pressenningar,
4210 2297 248 158 under

2686 2388 445 147 uppgift
3009 2388 283 147 att
3171 2388 445 147 desamma
3494 2388 283 147 som
3656 2388 324 147 wore
3858 2388 324 147 wärd
4061 2388 243 147 80
4141 2388 324 147 kronor

2671 2487 407 167 stycket,
2976 2487 474 167 antagligen
3349 2487 508 167 tillgripits
3755 2487 237 167 wid
3891 2487 237 167 det
4027 2487 169 167 å
4060 2487 407 167 Skeppsbron

2664 2581 463 193 uppförda
3012 2581 347 193 skjul
3243 2581 270 193 för
3398 2581 540 193 förwarande
3822 2581 232 193 af
3900 2581 540 193 tullpligtigt

2620 2704 316 152 gods.

2760 2779 210 176 På
2865 2779 315 176 grund
3075 2779 210 176 af
3181 2779 280 176 hvad
3356 2779 386 176 sålunda
3636 2779 456 176 förkommit
3987 2779 245 176 etc
4127 2779 175 176 .
4162 2779 105 176 .

3057 2898 428 193 Göteborg
3379 2898 250 193 den
3521 2898 214 193 14
3629 2898 428 193 December
3914 2898 250 193 1880.

4492 2908 264 136 No
4580 2908 264 136 262.

2686 3045 210 134 På
2791 3045 491 134 angifvelse
3177 3045 210 134 af
3282 3045 631 134 Arbetskarlarne
3807 3045 280 134 Carl
3982 3045 385 134 Olsson,
4228 3045 245 134 boen¬-

2665 3143 229 122 de
2779 3143 191 122 i
2856 3143 343 122 huset
3084 3143 229 122 No
3199 3143 229 122 17
3313 3143 229 122 af
3427 3143 343 122 Roten
3656 3143 191 122 E
3733 3143 191 122 i
3809 3143 458 122 Mölndahl
4152 3143 267 122 och
4266 3143 191 122 An¬-

2684 3240 410 151 dersson,
2991 3240 341 151 boende
3230 3240 171 151 i
3298 3240 307 151 huset
3503 3240 205 151 No
3606 3240 205 151 13
3708 3240 205 151 af
3810 3240 307 151 samma
4015 3240 307 151 rote,
4220 3240 239 151 har
4322 3240 171 151 Po¬-

2664 3332 709 177 liskonstapeln
3248 3332 250 177 No
3373 3332 250 177 27
3498 3332 542 177 Melander,
3915 3332 500 177 Måndagen
4249 3332 208 177 den

2685 3430 205 186 13
2787 3430 376 186 dennes,
3061 3430 376 186 klockan
3335 3430 205 186 12
3438 3430 205 186 på
3540 3430 342 186 dagen,
3780 3430 411 186 anhållit
4088 3430 240 186 för
4190 3430 274 186 första

2670 3547 311 163 resan
2878 3547 415 163 snatteri
3189 3547 449 163 straffade
3535 3547 311 163 förre
3742 3547 588 163 artilleristen
4191 3547 277 163 August

2668 3637 433 158 Bernhard
2993 3637 433 158 Nilsson,
3318 3637 361 158 boende
3571 3637 181 158 i
3643 3637 397 158 Muraren
3932 3637 506 158 Johanssons
4293 3637 181 158 hus

2673 3720 186 166 i
2747 3720 334 166 Burås
2970 3720 186 166 i
3044 3720 743 166 Galgkrogsbergen,
3676 3720 260 166 för
3824 3720 260 166 det
3973 3720 260 166 han
4085 3720 371 166 Lördagen
