5145 4092
578 296 333 102 han
769 296 618 102 återvändt
1244 296 333 102 hit
1434 296 333 102 och
1624 296 333 102 den
1814 296 285 102 28
1909 296 475 102 November

571 404 299 84 med
742 404 641 84 ångfartyget
1255 404 470 84 "Konung
1598 404 428 84 Oskar"
1897 404 428 84 afrest
2153 404 257 84 till

558 504 476 106 Malmö,
892 504 619 106 hvarifrån
1368 504 333 106 han
1559 504 572 106 begifvit
1987 504 333 106 sig
2130 504 286 106 till

554 625 482 111 Lund,
876 625 375 111 der
1090 625 375 111 han
1304 625 375 111 den
1518 625 321 111 15
1679 625 482 111 sist.
1947 625 535 111 December

561 751 580 111 blifvit
983 751 685 111 anhållen;
1510 751 421 111 samt
1773 751 369 111 att
1984 751 369 111 han
2142 751 316 111 icke

554 871 351 111 haft
773 871 307 111 för
949 871 438 111 afsigt
1255 871 570 111 tillgripa
1693 871 657 111 ifrågakomne
2175 871 307 111 byxor

533 993 371 109 och
745 993 424 109 wäst
1010 993 424 109 utan
1274 993 476 109 ämnat
1592 993 741 109 återställa
2121 993 265 109 dem

556 1121 381 101 till
747 1121 572 101 Andersson.

570 1229 644 111 Andersson
1066 1229 347 111 har
1264 1229 694 111 förklarat,
1809 1229 347 111 att
1958 1229 446 111 Persson

562 1349 289 115 af
706 1349 433 115 honom
995 1349 385 115 fått
1235 1349 385 115 låna
1476 1349 770 115 öfverrocken,
2053 1349 337 115 hvar¬-

570 1459 419 121 emot
831 1459 471 121 denne
1146 1459 419 121 utan
1407 1459 733 121 Anderssons
1931 1459 471 121 vetskap

554 1575 429 127 tagit
840 1575 763 127 skörtrocken,
1460 1575 525 127 byxorna
1842 1575 334 127 och
1985 1575 429 127 västen.

542 1739 298 121 På
691 1739 448 121 grund
990 1739 298 121 af
1139 1739 398 121 hvad
1388 1739 547 121 sålunda
1736 1739 646 121 förekommit,

547 1851 514 125 kommer
906 1851 462 125 Bengt
1214 1851 616 125 Persson,
1677 1851 565 125 hvilken
2036 1851 360 125 fort¬-

560 1969 523 121 farande
941 1969 571 121 förvaras
1369 1969 238 121 å
1464 1969 856 121 Cellfängelset,
2130 1969 238 121 att

545 2103 419 115 denna
825 2103 326 115 dag
1011 2103 419 115 inför
1290 2103 326 115 Pkm
1477 2103 652 115 inställas.
1942 2103 466 115 Göteborg

544 2241 310 101 den
721 2241 222 101 2
810 2241 487 101 Januari
1120 2241 310 101 1880.

120 2368 326 104 No
228 2368 218 104 2.

110 2507 283 89 Alfred
279 2507 255 89 Nilsson

92 2597 198 85 m
132 2597 198 85 fl.

567 2432 986 93 Detektivkonstapeln
1418 2432 269 93 C.
1553 2432 269 93 G.
1687 2432 448 93 Andrén
2001 2432 314 93 har
2135 2432 269 93 idag

540 2536 297 105 på
689 2536 595 105 morgonen
1135 2536 595 105 anhållit
1581 2536 644 105 ynglingen
2027 2536 397 105 Alfred

514 2649 554 85 Nilsson,
929 2649 462 85 boende
1252 2649 231 85 i
1345 2649 415 85 huset
1622 2649 277 85 No
1760 2649 277 85 61
1898 2649 231 85 i
1991 2649 277 85 Ms
2083 2649 277 85 1ste

519 2762 422 88 rote,
800 2762 328 88 för
988 2762 328 88 det
1175 2762 328 88 han
1363 2762 562 88 innehaft
1785 2762 281 88 en
1878 2762 516 88 rödrandig

530 2867 709 102 ylleskjorta,
1106 2867 310 102 för
1283 2867 488 102 åtkomst
1638 2867 532 102 hvartill
2037 2867 310 102 han
2170 2867 266 102 icke

511 2978 549 89 kunnat
840 2978 604 89 redogöra.

509 3088 344 93 Vid
705 3088 344 93 det
902 3088 344 93 med
1098 3088 540 93 Nilsson
1492 3088 246 93 i
1590 3088 639 93 anledning
2032 3088 344 93 häraf

519 3196 565 95 anstälde
943 3196 471 95 förhör
1273 3196 330 95 har
1461 3196 330 95 han
1649 3196 659 95 uppgifvit,
2120 3196 236 95 att

515 3303 326 115 han
702 3303 326 115 den
888 3303 279 115 31
1027 3303 419 115 sist.
1307 3303 559 115 December
1726 3303 233 115 i
1819 3303 559 115 sällskap
2191 3303 233 115 med

502 3414 724 113 ynglingarne
1081 3414 435 113 Adolf
1371 3414 628 113 Eliasson,
1854 3414 483 113 boende
2143 3414 145 113 i

496 3530 393 97 huset
758 3530 262 97 No
889 3530 262 97 22
1020 3530 218 97 i
1107 3530 262 97 Ms
1238 3530 349 97 2dre
1456 3530 349 97 rote
1674 3530 305 97 och
1849 3530 393 97 Johan
2067 3530 305 97 Peter

473 3632 632 105 Bergström
959 3632 243 105 i
1056 3632 437 105 huset
1348 3632 777 105 Timmermannen
1931 3632 437 105 Magnus¬

2795 334 408 73 sons
3050 334 357 73 nya
3254 334 357 73 hus
3458 334 357 73 vid
3662 334 867 73 Gråbergsgatan
4375 334 255 73 i
4426 334 204 73 Ms

2816 440 370 93 1ste
3047 440 370 93 rote
3278 440 555 93 begifvit
3695 440 324 93 sig
3880 440 370 93 till
4111 440 509 93 Bazaren
4435 440 231 93 vid

2795 580 725 58 Kungstorget,
3384 580 317 58 der
3565 580 544 58 Eliasson
3973 580 408 58 ämnat
4244 580 362 58 köpa
4426 580 227 58 sig

2785 703 342 40 en
2956 703 571 40 mössa,
3356 703 399 40 att
3527 703 228 40 de

3697 622 207 56 dervid

3710 703 723 42 öfverenskommit

4195 620 201 81 att
4310 620 172 81 ur
4396 620 401 81 Bazarboden
4711 620 172 81 No
4797 620 172 81 22
4883 620 143 81 &
4911 620 115 81 23

4444 703 172 42 till¬-

2809 806 422 45 gripa
3091 806 282 45 en
3231 806 563 45 skjorta,
3654 806 328 45 för
3841 806 516 45 hvilket
4170 806 422 45 ändamål

2810 919 567 53 Elisasson
3203 919 436 53 framgått

3568 835 189 56 fram

3643 910 380 50 till
3881 910 665 50 frågakomne
4356 910 238 50 bod

2812 1016 282 79 och
2973 1016 603 79 efterfrågat
3455 1016 402 79 priset
3737 1016 201 79 å
3817 1016 684 79 ylleskjortor,
4340 1016 282 79 hvar¬-

2790 1159 448 58 under
3089 1159 547 58 Nilsson
3487 1159 697 58 tillgripit
4034 1159 299 58 en
4134 1159 348 58 dylik

2771 1285 405 52 samt
3024 1285 354 52 att
3227 1285 557 52 Nilsson
3632 1285 354 52 för
3834 1285 405 52 egen
4037 1285 253 52 del

4272 1196 140 50 fått

4288 1277 370 40 behålla

2784 1391 629 69 skjortan
3255 1391 367 69 mot
3465 1391 367 69 det
3675 1391 367 69 han
3884 1391 524 69 lofvat
4199 1391 367 69 gifva

2826 1502 525 73 Eliasson
3220 1502 306 73 och
3395 1502 569 73 Bergström
3833 1502 394 73 någon
4051 1502 569 73 ersättning.

2793 1654 615 75 Eliasson
3254 1654 359 75 och
3459 1654 666 75 Bergström
3971 1654 256 75 i
4022 1654 564 75 anledning

2799 1772 441 77 häraf
3093 1772 441 77 hörde
3387 1772 441 77 hafva
3681 1772 686 77 uppgifvit,
4221 1772 343 77 att
4368 1772 196 77 de

2809 1894 612 73 visserligen
3299 1894 285 73 den
3462 1894 245 73 31
3584 1894 367 73 sist.
3829 1894 489 73 December
4196 1894 204 73 i
4236 1894 408 73 sällskap

2805 2000 332 89 med
2994 2000 522 89 Nilsson
3374 2000 665 89 uppehållit
3896 2000 332 89 sig
4086 2000 332 89 vid
4229 2000 427 89 Bazaren

2795 2114 234 89 å
2889 2114 749 89 Kungstorget,
3498 2114 328 89 men
3685 2114 328 89 att
3873 2114 281 89 de
4013 2114 281 89 ej
4154 2114 328 89 egt
4294 2114 328 89 någon

2798 2233 629 50 kännedom
3269 2233 315 50 om
3427 2233 786 50 ifrågakomne
4003 2233 577 50 tillgrepp

2807 2318 472 67 förrän
3137 2318 519 67 Nilsson
3515 2318 330 67 för
3703 2318 378 67 dem,
3892 2318 189 67 då

4036 2265 138 52 de

4094 2318 495 63 befunnit
4424 2318 206 63 sig

2801 2424 315 77 på
2959 2424 788 77 Bazargatan,
3590 2424 473 77 visat
3852 2424 526 77 skjortan

2782 2544 476 87 Ogifta
3115 2544 619 87 Christina
3591 2544 714 87 Andreasson,
4162 2544 333 87 som
4305 2544 333 87 idkar

2779 2650 513 89 handel
3138 2650 256 89 i
3240 2650 820 89 Bazarbodarne
3907 2650 308 89 No
4061 2650 308 89 22
4215 2650 256 89 &
4317 2650 308 89 23
4420 2650 256 89 vid

2785 2773 821 59 Kungstorget
3442 2773 383 59 har
3661 2773 548 59 anmält
4045 2773 383 59 sig
4209 2773 383 59 såsom

2781 2872 391 76 egare
3041 2872 347 76 till
3258 2872 695 76 ylleskjortan
3823 2872 391 76 under
4083 2872 478 76 uppgift
4387 2872 217 76 att

2788 2984 729 89 densamma,
3349 2984 392 89 som
3573 2984 449 89 vore
3853 2984 449 89 värd
4133 2984 280 89 4
4246 2984 336 89 Kr
4358 2984 280 89 den

2795 3098 273 93 31
2931 3098 409 93 sist.
3204 3098 546 93 December
3613 3098 682 93 tillgripits
4159 3098 227 93 i
4205 3098 409 93 berörde

2686 3226 450 81 bod.

2779 3320 293 75 På
2926 3320 440 75 grund
3219 3320 293 75 af
3365 3320 391 75 hvad
3609 3320 537 75 sålunda
3951 3320 635 75 förekommit,

2788 3410 482 91 kommer
3125 3410 482 91 Alfred
3463 3410 579 91 Nilsson,
3897 3410 338 91 att
4090 3410 434 91 denna
4331 3410 241 91 dag

2799 3502 368 101 inför
3045 3502 287 101 Pkm
3208 3502 573 101 inställas.
3659 3502 491 101 Göteborg
4027 3502 287 101 den
4191 3502 205 101 2
4232 3502 368 101 Januari

2765 3587 263 68 1880.

4607 3671 342 56 No
4721 3671 171 56 3

4602 3773 360 68 Claes
4802 3773 200 68 Jo¬-

4528 3857 433 71 hansson

2793 3698 849 73 Poliskonstapeln
3508 3698 268 73 No
3642 3698 268 73 77
3776 3698 492 73 Ekberg,
4134 3698 313 73 har
4268 3698 268 73 Ons¬-

2750 3800 375 73 dagen
3000 3800 291 73 den
3167 3800 250 73 31
3292 3800 375 73 sistl
3541 3800 500 73 December
3916 3800 291 73 kl.
4082 3800 291 73 3/4
4249 3800 208 73 7
4332 3800 250 73 e.
4415 3800 167 73 m.
