5030 4078
486 295 251 133 af
612 295 1003 133 detektivkonstaplarne
1489 295 376 133 Bruun
1739 295 292 133 och
1865 295 501 133 Söderqvist

528 405 190 143 i
604 405 493 143 Aderssons
984 405 380 143 bostad
1249 405 456 143 anställd
1591 405 531 143 visitation
1970 405 456 143 påträffats

462 507 310 113 den
639 507 266 113 af
772 507 620 113 Sternhagen
1259 507 487 113 anmälde
1569 507 531 113 handduken.

551 607 272 133 Wid
707 607 272 133 det
862 607 272 133 med
1017 607 505 133 Andersson
1406 607 194 133 i
1484 607 505 133 anledning
1872 607 350 133 häraf
2066 607 350 133 anstäl¬-

468 707 229 133 de
582 707 382 133 förhör
850 707 268 133 har
1003 707 268 133 han
1156 707 421 133 vidgått
1462 707 268 133 att
1615 707 268 133 han
1768 707 268 133 som
1921 707 344 133 sedan
2112 707 306 133 Novem¬-

471 795 248 134 ber
612 795 319 134 månad
825 795 319 134 sist.
1038 795 213 134 år
1144 795 319 134 varit
1356 795 283 134 utan
1534 795 638 134 sysselsättning
2065 795 248 134 och
2171 795 213 134 sak¬-

466 873 250 154 nat
609 873 321 154 medel
823 873 285 154 till
1001 873 285 154 sitt
1180 873 464 154 uppehälle
1536 873 214 154 på
1643 873 285 154 sätt
1821 873 464 154 målegarne
2142 873 250 154 d'Or¬-

466 957 499 157 chimont,
841 957 582 157 Sternhagen
1298 957 291 157 och
1465 957 458 157 Låstbom
1798 957 416 157 anmält
2089 957 250 157 på
2172 957 208 157 be¬-

479 1047 439 155 drägligt
809 1047 293 155 sätt
992 1047 220 155 af
1102 1047 256 155 den
1248 1047 513 155 tillnarrat
1651 1047 256 155 sig
1798 1047 220 155 de
1907 1047 439 155 uppgifne
2200 1047 220 155 klä¬-

465 1152 739 140 despersedlarne,
1087 1152 389 140 hvilka
1359 1152 272 140 han
1515 1152 467 140 pantsatt
1865 1152 272 140 hos
1981 1152 467 140 ofvannämn¬-

443 1219 236 164 de
561 1219 591 164 pantlånare,
1034 1219 276 164 men
1191 1219 473 164 förnekat
1546 1219 276 164 det
1704 1219 276 164 han
1861 1219 276 164 vid
1980 1219 315 164 något¬-

2246 1284 132 46 dera

2277 1324 147 70 till¬-

467 1314 394 108 fället
743 1314 552 108 tillgripit
1176 1314 434 108 Amilons
1452 1314 276 108 rock.

568 1396 405 94 Följande
872 1396 405 94 personer
1176 1396 304 94 hafva
1345 1396 338 94 upplyst:

458 1471 190 162 1o
553 1471 476 162 Pantlånaren
934 1471 190 162 C.
1029 1471 190 162 H.
1125 1471 286 162 Berg,
1315 1471 317 162 boende
1537 1471 159 162 i
1601 1471 286 162 huset
1791 1471 190 162 No
1886 1471 190 162 57
1981 1471 222 162 vid
2076 1471 286 162 Sillga¬-

482 1561 252 140 tan
626 1561 252 140 att
770 1561 467 140 Andersson
1129 1561 252 140 den
1273 1561 216 140 28
1381 1561 324 140 sist.
1597 1561 432 140 februari
1920 1561 432 140 inkommit
2208 1561 108 140 å

484 1643 322 145 Bergs
699 1643 644 145 pantlånekontor
1235 1643 250 145 och
1378 1643 322 145 velat
1593 1643 358 145 belåna
1843 1643 393 145 Amilons
2094 1643 250 145 rock,

478 1721 432 141 hvartill
802 1721 288 141 Berg
983 1721 288 141 dock
1163 1721 324 141 nekat
1379 1721 288 141 enär
1559 1721 252 141 han
1703 1721 469 141 igenkännt
2064 1721 252 141 den
2172 1721 216 141 vara

479 1799 367 131 samma
724 1799 326 131 rock
928 1799 286 131 som
1091 1799 286 131 den
1254 1799 204 131 7
1336 1799 204 131 i
1418 1799 367 131 samma
1662 1799 367 131 månad
1907 1799 449 131 blifvit
2193 1799 163 131 af

484 1885 357 119 honom
722 1885 436 119 belånad
1039 1885 278 119 och
1198 1885 357 119 sedan
1436 1885 357 119 genom
1674 1885 476 119 polisens
1991 1885 357 119 försorg

490 1969 435 117 utlösts,
816 1969 290 117 enär
998 1969 254 117 den
1143 1969 218 117 då
1252 1969 327 117 varit
1469 1969 254 117 hos
1615 1969 363 117 Amilon
1832 1969 472 117 tillgripen.

466 2075 227 107 2o
580 2075 568 107 Bokhållaren
1034 2075 303 107 John
1224 2075 341 107 Berg,
1451 2075 455 107 anställd
1792 2075 265 107 hos
1906 2075 492 107 ofvannämnde

489 2165 277 106 Berg
663 2165 173 106 i
732 2165 554 106 hufvudsaklig
1182 2165 727 106 öfverensstämmelse
1806 2165 242 106 med
1944 2165 208 106 C.
2048 2165 208 106 H.
2118 2165 242 106 Berg,

497 2247 245 106 med
637 2247 385 106 tillägg
917 2247 245 106 att
1057 2247 210 106 då
1162 2247 455 106 Andersson
1513 2247 245 106 den
1653 2247 210 106 28
1758 2247 350 106 sistl.
1968 2247 350 106 Februari

484 2337 325 115 velat
701 2337 470 115 pantsätta
1062 2337 397 115 Amilons
1351 2337 325 115 rock,
1567 2337 289 115 John
1748 2337 289 115 Berg
1929 2337 361 115 tyckte
2145 2337 181 115 sig

491 2413 554 107 igenkänna
917 2413 298 107 det
1088 2413 554 107 Andersson
1513 2413 341 107 vore
1726 2413 383 107 samma
1939 2413 341 107 person

503 2492 275 108 som
660 2492 275 108 den
817 2492 196 108 7
895 2492 196 108 i
973 2492 353 108 samma
1209 2492 353 108 månad
1444 2492 353 108 förut
1679 2492 471 108 pantsatt
1993 2492 353 108 ifråga¬-

496 2577 380 64 komne
749 2577 380 64 rock;
961 2577 211 64 och

492 2689 231 99 3o
607 2689 847 99 Skomakeriarbetaren
1338 2689 231 99 J.
1453 2689 231 99 A.
1569 2689 462 99 Nilsson,
1915 2689 385 99 boende
2185 2689 192 99 i

477 2789 332 107 huset
698 2789 221 107 No
809 2789 221 107 29
920 2789 258 107 vid
1067 2789 553 107 Stampgatan,
1510 2789 258 107 att
1657 2789 258 107 han
1805 2789 258 107 den
1952 2789 221 107 28
2026 2789 258 107 sist.

476 2879 452 115 Februari
815 2879 489 115 innevarit
1191 2879 188 115 å
1267 2879 263 115 sin
1417 2879 414 115 hustrus
1680 2879 640 115 pantlånekontor,

482 2971 242 131 då
603 2971 565 131 Andersson,
1047 2971 282 131 som
1208 2971 282 131 han
1369 2971 363 131 förut
1612 2971 323 131 känt
1813 2971 282 131 för
1975 2971 202 131 4
2015 2971 323 131 kronor

470 3067 526 77 pantsatt
865 3067 482 77 Amilons
1171 3067 307 77 rock.

539 3169 520 97 Samtlige
928 3169 520 97 kläderna
1318 3169 390 97 hafva
1578 3169 476 97 blifvit
1924 3169 260 97 af
2011 3169 303 97 måls¬-

464 3269 401 71 egarne
705 3269 401 71 utlöste.

579 3381 280 95 På
719 3381 421 95 grund
1000 3381 280 95 af
1140 3381 374 95 hvad
1374 3381 514 95 sålunda
1701 3381 561 95 förekommit

444 3493 415 83 kommer
735 3493 415 83 Gustaf
1026 3493 415 83 Alfred
1317 3493 540 83 Andersson
1732 3493 291 83 att
1899 3493 374 83 denna
2106 3493 208 83 dag

438 3587 306 94 för
613 3587 744 94 Poliskammaren
1226 3587 613 94 inställas.
1707 3587 525 94 Göteborg
2057 3587 219 94 den

437 3672 247 83 13
560 3672 330 83 Mars
725 3672 289 83 1880.

4513 313 257 67 No
4642 313 257 67 61
4727 313 171 67 B.

4511 395 148 81 Carl
4604 395 185 81 Fredr.
4715 395 223 81 Petersson.

2622 322 261 97 I
2726 322 626 97 telegram
3196 322 365 97 den
3404 322 313 97 12
3561 322 313 97 ds
3717 322 365 97 har
3926 322 417 97 herr
4135 322 365 97 Borg¬-

2599 418 684 111 mästaren
3112 418 285 111 i
3226 418 912 111 Kristinehamn
3910 418 570 111 anhållit

2611 504 344 127 att
2808 504 443 127 förre
3103 504 935 127 Läderhandlanden
3890 504 394 127 Karl
4087 504 443 127 Fredrik

2592 598 673 139 Petersson,
3121 598 529 139 hvilken
3505 598 336 139 den
3697 598 240 139 8
3793 598 288 139 ds
3937 598 481 139 afrest
4274 598 336 139 hit

2606 684 419 145 från
2867 684 837 145 Kristinehamn
3548 684 262 145 i
3653 684 523 145 afsigt
4019 684 366 145 att
4176 684 314 145 emi¬-

2589 774 532 149 grera
2944 774 473 149 till
3240 774 710 149 Amerika,
3772 774 532 149 måtte
4068 774 414 149 varda

2593 866 475 157 hörd
2890 866 713 157 angående
3424 866 357 157 en
3603 866 594 157 natten
3959 866 535 157 emellan

2597 966 359 157 den
2802 966 256 157 7
2904 966 359 157 och
3110 966 256 157 8
3212 966 308 157 ds
3366 966 256 157 i
3468 966 820 157 Kristinehamn
4084 966 410 157 utbru¬-

2569 1138 372 83 ten
2728 1138 532 83 eldvåda.

2737 1169 294 140 I
2855 1169 765 140 anledning
3443 1169 529 140 häraf
3796 1169 412 140 har
3973 1169 529 140 bemälde

2588 1248 790 181 Petersson,
3208 1248 395 181 som
3434 1248 395 181 för
3660 1248 790 181 närvarande
4224 1248 282 181 bor

2583 1346 274 177 i
2693 1346 493 177 huset
3022 1346 329 177 No
3186 1346 274 177 3
3296 1346 384 177 vid
3515 1346 713 177 Götgatan,
4009 1346 493 177 blifvit

2594 1451 694 179 förhörd,
3115 1451 637 179 hvarvid
3578 1451 405 179 han
3752 1451 694 179 uppgifvit,

2591 1532 316 190 att
2772 1532 361 190 han,
2997 1532 407 190 efter
3268 1532 316 190 att
3449 1532 407 190 hafva
3720 1532 271 190 på
3856 1532 542 190 morgonen
4217 1532 271 190 till

2609 1642 537 179 agenten
3000 1642 440 179 Oscar
3293 1642 635 179 Lindquist
3781 1642 244 179 i
3830 1642 684 179 Kristinehamn

2611 1736 633 183 inbetalt
3086 1736 317 183 20
3244 1736 317 183 kr
3403 1736 264 183 i
3508 1736 897 183 handpenningar
4194 1736 264 183 för

2599 1822 320 189 en
2759 1822 1119 189 öfverfartsbiljett
3717 1822 426 189 till
3931 1822 479 189 Amerika

2596 1904 393 197 med
2821 1904 506 197 Hvita
3158 1904 955 197 Stjernliniens
3888 1904 618 197 ångbåtar,

2596 2024 321 152 den
2780 2024 230 152 8
2872 2024 275 152 ds
3009 2024 321 152 kl.
3193 2024 321 152 med
3376 2024 551 152 bantåget
3790 2024 321 152 kl.
3973 2024 413 152 11.45
4203 2024 275 152 f.m.

2606 2182 483 86 afrest
2896 2182 483 86 derifrån

3089 2118 609 57 Kristinehamn

3405 2117 343 97 hit
3601 2117 392 97 till
3846 2117 539 97 staden;
4189 2117 245 97 att

2602 2190 418 173 hans
2863 2190 836 173 ursprungliga
3542 2190 522 173 afsigt
3908 2190 470 173 varit
4169 2190 261 173 att

2598 2266 412 193 resa
2856 2266 412 193 till
3114 2266 567 193 Amerika
3526 2266 464 193 först
3835 2266 361 193 vid
3990 2266 464 193 Påskti¬-

2592 2380 468 173 den,
2884 2380 409 173 men
3118 2380 409 173 att
3351 2380 409 173 han
3585 2380 351 173 på
3761 2380 526 173 grund
4111 2380 351 173 af
4228 2380 234 173 en

2581 2480 529 173 med
2883 2480 604 173 hans
3260 2480 680 173 moder
3638 2480 831 173 uppkommen

2601 2570 765 179 oenighet,
3190 2570 648 179 berörde
3661 2570 412 179 dag
3837 2570 589 179 beslutat

2607 2676 358 163 sig
2811 2676 358 163 att
3016 2676 511 163 genast
3374 2676 562 163 afresa;
3782 2676 358 163 att
3987 2676 358 163 han
4140 2676 358 163 emel¬-

2620 2762 479 171 lertid
2956 2762 384 171 icke
3195 2762 527 171 blifvit
3579 2762 240 171 i
3675 2762 623 171 tillfälle
4154 2762 288 171 af
4250 2762 240 171 att

2611 2868 490 157 resa
2917 2868 736 157 härifrån
3469 2868 429 157 med
3653 2868 613 157 ångbåten

2610 2962 348 167 den
2809 2962 298 167 12
2958 2962 348 167 ds;
3157 2962 397 167 enär
3405 2962 348 167 han
3604 2962 298 167 ej
3753 2962 397 167 från
4001 2962 348 167 sin
4150 2962 348 167 fader

2600 3078 676 149 erhållit
3107 3078 901 149 erforderliga
3782 3078 676 149 penningar,

2608 3206 506 113 såsom
2945 3206 393 113 han
3170 3206 618 113 väntat;
3619 3206 393 113 att
3844 3206 393 113 han
4013 3206 450 113 Sönda-

2625 3322 327 94 gen
2812 3322 327 94 den
2999 3322 234 94 7
3093 3322 280 94 ds
3233 3322 280 94 på
3326 3322 421 94 aftonen

3754 3260 132 47 i
3780 3260 370 47 Kristinehamn

3764 3297 633 60 uppehållit
4216 3297 226 60 sig

2603 3378 287 149 i
2717 3378 689 149 sällskap
3234 3378 402 149 med
3464 3378 746 149 Ynglingen
3981 3378 459 149 Gustaf

2613 3480 522 145 Broman,
2992 3480 522 145 anstäld
3372 3480 332 145 hos
3562 3480 285 145 J.
3704 3480 285 145 C.
3847 3480 475 145 Olsson
4179 3480 237 145 &
4227 3480 237 145 Ci,

2626 3588 242 133 å
2722 3588 629 133 Erikssons
3207 3588 533 133 källare
3594 3588 387 133 till
3836 3588 533 133 omkring
4223 3588 339 133 kl.
4369 3588 145 133 9
