4972 4087
450 207 519 128 betskarlarne
871 207 292 128 Peter
1065 207 389 128 Persson,
1357 207 324 128 boende
1584 207 162 128 i
1649 207 292 128 huset
1843 207 194 128 No
1940 207 194 128 20
2038 207 227 128 vid
2135 207 259 128 Bergs¬-

454 307 292 170 gatan
648 307 227 170 och
778 307 389 170 Johannes
1069 307 324 170 Olsson
1296 307 162 170 i
1361 307 324 170 Kapten
1587 307 292 170 Odins
1782 307 227 170 hus
1911 307 162 170 i
1976 307 194 170 s.
2073 307 194 170 k.
2138 307 259 170 Tjörn¬-

451 423 378 176 bostaden
735 423 158 176 i
798 423 347 176 Örgryte
1051 423 347 176 Socken,
1303 423 221 176 för
1429 423 221 176 det
1555 423 189 176 de
1650 423 252 176 till
1807 423 252 176 salu
1965 423 378 176 utbjudit
2217 423 158 176 två

457 537 446 169 jerntackor
808 537 191 169 af
903 537 350 169 omkring
1158 537 223 169 100
1286 537 191 169 ℔s
1381 537 287 169 vigt,
1572 537 223 169 för
1700 537 350 169 åtkomst
1955 537 382 169 hvartill
2210 537 127 169 de

473 634 294 175 icke
657 634 367 175 kunnat
877 634 404 175 redogöra.

605 760 232 164 Vid
737 760 232 164 det
870 760 232 164 med
1003 760 365 164 Persson
1268 760 232 164 och
1401 760 332 164 Olsson
1633 760 166 164 i
1699 760 431 164 anledning
2030 760 298 164 häraf
2196 760 166 164 an¬-

474 883 389 146 ställde
756 883 353 146 förhör
1004 883 318 146 hafva
1216 883 212 146 de
1322 883 671 146 sammanstämmande
1887 883 495 146 uppgifvit,
2240 883 177 146 att

478 954 208 189 de
582 954 243 189 den
721 954 208 189 12
826 954 347 189 dennes
1069 954 208 189 på
1173 954 278 189 e.m.
1347 954 208 189 ur
1451 954 347 189 elfven
1694 954 278 189 midt
1868 954 243 189 för
1972 954 382 189 jernvågen

469 1084 408 149 upptagit
775 1084 509 149 ifrågakomne
1182 1084 509 149 jerntackor,
1590 1084 238 149 som
1726 1084 204 149 de
1828 1084 374 149 upplagt
2099 1084 170 149 å
2133 1084 238 149 kajen

492 1179 218 190 vid
617 1179 281 190 sagde
804 1179 218 190 våg
928 1179 218 190 och
1053 1179 312 190 hvilka
1271 1179 187 190 de
1365 1179 156 190 i
1427 1179 218 190 dag
1552 1179 405 190 derstädes
1863 1179 374 190 afhemtat
2144 1179 218 190 för
2237 1179 156 190 att

437 1298 348 135 försälja.

613 1343 288 195 Någon
805 1343 288 195 egare
997 1343 256 195 till
1157 1343 512 195 jerntackorna
1574 1343 224 195 har
1702 1343 256 195 ännu
1862 1343 256 195 icke
2022 1343 320 195 anmält
2214 1343 192 195 sig.

601 1461 201 194 På
702 1461 302 194 grund
903 1461 201 194 af
1004 1461 268 194 hvad
1171 1461 369 194 sålunda
1439 1461 503 194 förekommit,
1842 1461 235 194 äro
1976 1461 302 194 Peter
2143 1461 235 194 Pers¬-

472 1592 224 163 son
600 1592 224 163 och
728 1592 384 163 Johannes
1016 1592 320 163 Olsson
1240 1592 352 163 kallade
1495 1592 256 163 till
1655 1592 480 163 inställelse
2039 1592 288 163 inför
2199 1592 160 163 PKn

476 1695 322 182 denna
691 1695 286 182 dag.
870 1695 430 182 Göteborg
1192 1695 251 182 den
1336 1695 215 182 13
1443 1695 251 182 Maj
1550 1695 251 182 1880.

108 1812 221 125 No
182 1812 221 125 111.

54 1916 262 196 Samuel
211 1916 288 196 Petersson

524 1857 387 156 Efter
782 1857 602 156 angifvelse
1255 1857 258 156 af
1384 1857 387 156 Pigan
1642 1857 516 156 Carolina
1986 1857 387 156 Nilsson

497 1989 212 134 i
581 1989 423 134 tjenst
835 1989 212 134 hos

1069 1945 347 97 Herr
1242 1945 391 97 Konsuln

1549 1972 290 167 O.
1694 1972 435 167 Ekman
1984 1972 290 167 på
2081 1972 338 167 Stora

471 2090 339 164 Torp
682 2090 212 164 i
767 2090 466 164 Örgryte
1106 2090 296 164 sn,
1275 2090 296 164 har
1444 2090 804 164 Poliskonstapeln
2122 2090 254 164 No
2207 2090 169 164 32

473 2200 557 135 Andersson
902 2200 600 135 Thorsdagen
1373 2200 300 135 den
1544 2200 257 135 13
1673 2200 257 135 ds
1801 2200 300 135 kl.
1972 2200 257 135 7.
2101 2200 214 135 e
2144 2200 214 135 m..

500 2321 569 175 anhållit
927 2321 332 175 för
1116 2321 332 175 4de
1306 2321 427 175 resan
1591 2321 427 175 stöld
1828 2321 522 175 straffade

488 2396 335 162 fre
679 2396 1004 162 Kronoarbetskarlen
1540 2396 478 162 Samuel
1826 2396 574 162 Petersson,

491 2539 317 149 för
672 2539 317 149 det
853 2539 317 149 han
1035 2539 363 149 kort
1261 2539 408 149 förut
1534 2539 363 149 från
1760 2539 272 149 en
1896 2539 272 149 af
1987 2539 408 149 Nilsson

482 2662 421 112 körd
693 2662 368 112 mjölk

1035 2615 211 85 kärra

1237 2624 221 156 ,
1325 2624 310 156 som
1502 2624 398 156 stått
1768 2624 221 156 å
1812 2624 619 156 Köpmangatan,

483 2715 580 189 olofligen
930 2715 625 189 tillgripit
1421 2715 268 189 en
1510 2715 804 189 fruntimmerskofta

464 2836 297 208 af
613 2836 446 208 svart
910 2836 495 208 kläde,
1257 2836 396 208 värd
1505 2836 248 208 1
1554 2836 248 208 Kr.

509 2946 646 141 Petersson,
1017 2946 508 141 hvilken
1386 2946 323 141 vid
1570 2946 692 141 anhållandet
2078 2946 323 141 bland

480 3035 286 192 an
623 3035 571 192 innehade
1052 3035 333 192 den
1242 3035 381 192 från
1480 3035 524 192 Nilsson
1814 3035 571 192 tillgripna

475 3144 541 187 koftan,
868 3144 344 187 har
1065 3144 344 187 vid
1261 3144 344 187 det
1458 3144 344 187 med
1655 3144 442 187 honom
1900 3144 492 187 anstälde

482 3288 437 175 förhör
788 3288 612 175 uppgifvit,
1269 3288 306 175 att
1444 3288 350 175 han,
1662 3288 306 175 som
1837 3288 306 175 vid
1968 3288 393 175 ifråga¬-

487 3402 423 170 komne
769 3402 612 170 tillfälle
1240 3402 423 170 varit
1522 3402 282 170 af
1663 3402 471 170 starka
1946 3402 423 170 drycker

479 3540 525 92 berusad
861 3540 286 92 ej
1004 3540 334 92 han
1195 3540 477 92 erinra
1529 3540 334 92 sig
1720 3540 286 92 om
1863 3540 334 92 han
2006 3540 334 92 till¬-

478 3601 490 180 gripit
821 3601 490 180 koftan
1164 3601 441 180 eller
1458 3601 294 180 på
1605 3601 392 180 hvad
1850 3601 392 180 sätt
2046 3601 245 180 han

2620 203 504 178 kommit
2973 203 252 178 i
3073 203 706 178 besittning
3628 203 303 178 af
3729 203 504 178 densamma

2604 344 607 181 Följande
3060 344 607 181 personer
3515 344 455 181 hafva
3767 344 506 181 upplyst:

2643 446 825 205 Detektivkonstapeln
3356 446 225 205 G.
3469 446 413 205 Jönsson
3769 446 263 205 och
3881 446 638 205 Poliskonstapeln

2613 598 275 159 No
2751 598 275 159 32
2842 598 504 159 Andersson

3186 566 322 110 hafva

3262 628 959 90 sammanstämmande

4027 590 455 106 upplyst

4232 613 207 134 att
4351 613 177 134 då
4410 613 118 134 de

2630 735 601 150 ifrågakomne
3110 735 280 150 dag
3271 735 280 150 kl.
3431 735 440 150 omkring
3751 735 200 150 7
3831 735 240 150 e.
3951 735 240 150 m.
4031 735 481 150 uppehållit

2622 877 346 85 sig
2770 877 148 85 å

2753 823 302 100 den

2943 801 401 182 bron,
3210 801 312 182 som
3388 801 312 182 vid
3566 801 401 182 Norra
3833 801 534 182 Hamgatan
4189 801 312 182 leder

2612 954 433 175 öfver
2901 954 433 175 Östra
3189 954 770 175 Hamnkanalen;
3815 954 337 175 att
4007 954 289 175 de
4103 954 385 175 dervid

2634 1045 561 174 iakttagit
3065 1045 474 174 Nilsson
3410 1045 604 174 springande
3884 1045 388 174 efter
4100 1045 388 174 Peters¬-

2566 1208 280 108 son

2834 1167 338 79 hvarvid

3296 1165 297 162 han
3465 1165 382 162 ropat
3720 1165 339 162 "tag
3932 1165 339 162 fast
4102 1165 424 162 tjufven,

2607 1266 362 170 han
2814 1266 362 170 har
3021 1266 517 170 stulit
3383 1266 362 170 min
3590 1266 569 170 kofta";
4004 1266 414 170 samt
4210 1266 259 170 att

2616 1423 308 136 då
2770 1423 308 136 de
2924 1423 617 136 anhållit
3386 1423 668 136 Petersson
3900 1423 463 136 denne
4157 1423 360 136 inne¬-

2624 1540 428 147 haft
2891 1540 642 147 Nilssons
3373 1540 482 147 kofta
3694 1540 428 147 gömd
3961 1540 482 147 under
4229 1540 268 147 sin

2580 1655 311 89 rock

2663 1699 397 144 Koftan
2941 1699 278 144 har
3100 1699 437 144 blifvit
3418 1699 318 144 till
3616 1699 397 144 egaren
3855 1699 476 144 återlemnad

2627 1795 307 161 På
2780 1795 461 161 grund
3088 1795 307 161 af
3241 1795 410 161 hvad
3497 1795 563 161 sålunda
3855 1795 666 161 förekommit,

2635 1859 537 160 kommer
3011 1859 537 160 Samuel
3388 1859 752 160 Petersson,
3979 1859 376 160 att
4140 1859 376 160 denna

2637 1956 343 204 dag
2833 1956 441 204 inför
3127 1956 343 204 Pkn
3324 1956 687 204 inställas.
3863 1956 589 204 Göteborg
4256 1956 245 204 den

2622 2040 292 171 14
2768 2040 341 171 Maj
2914 2040 341 171 1880.

4494 2095 229 133 No
4570 2095 229 133 112.

4475 2240 236 130 Maria
4606 2240 289 130 Andersson

2697 2168 646 182 Poliskonstapeln
3241 2168 204 182 No
3343 2168 204 182 97
3445 2168 374 182 Löfgren
3718 2168 238 182 har
3854 2168 170 182 i
3922 2168 238 182 dag
4058 2168 204 182 på
4126 2168 340 182 morgonen

2585 2270 407 164 anhållit
2890 2270 305 164 Enkan
3094 2270 305 164 Maria
3298 2270 441 164 Andersson
3637 2270 271 164 från
3806 2270 339 164 Nösund
4044 2270 170 164 i
4112 2270 373 164 Tegneby
4349 2270 136 164 Sn

2596 2413 190 153 på
2691 2413 317 153 Oroust
2913 2413 222 153 för
3040 2413 222 153 det
3166 2413 222 153 hon
3293 2413 222 153 kl.
3419 2413 222 153 1/2
3546 2413 158 153 8
3609 2413 158 153 å
3673 2413 190 153 en
3768 2413 380 153 inhägnad
4021 2413 443 153 byggnadstomt

2598 2501 151 190 i
2658 2501 544 190 Landalabergen,
3111 2501 332 190 hvarest
3353 2501 272 190 Maria
3534 2501 393 190 Andersson
3836 2501 211 190 har
3957 2501 453 190 anställning
4290 2501 211 190 såsom

2600 2616 548 212 kalkslagerska,
3056 2616 395 212 olofligen
3360 2616 426 212 tillgripit
3695 2616 183 212 en
3786 2616 487 212 Byggmästaren
4151 2616 304 212 Malmsten

2575 2741 388 186 tillhörig
2874 2741 239 186 hvit
3023 2741 478 186 pressenning,
3411 2741 239 186 värd
3560 2741 328 186 omkring
3799 2741 149 186 6
3859 2741 328 186 Kronor,
4098 2741 209 186 som
4217 2741 209 186 hon
4307 2741 179 186 der¬-

2581 2870 292 200 efter
2775 2870 487 200 öfverlemnat
3164 2870 260 200 till
3327 2870 357 200 hustrun
3586 2870 260 200 Anna
3748 2870 292 200 Maria
3943 2870 422 200 Johansson
4267 2870 162 200 i
4300 2870 227 200 huset

2581 2988 211 146 No
2686 2988 211 146 27
2792 2988 317 146 Litt.
3003 2988 211 146 G.
3109 2988 246 146 vid
3250 2988 493 146 Långgatan,
3637 2988 246 146 som
3778 2988 282 146 sålt
3954 2988 423 146 densamma
4236 2988 211 146 till

2589 3093 590 193 Lumphandlanden
3081 3093 426 193 Börjesson
3408 3093 164 193 i
3474 3093 295 193 huset
3670 3093 197 193 No
3768 3093 164 193 1
3834 3093 229 193 vid
3965 3093 491 193 Brunnsgatan
4325 3093 164 193 för

2585 3250 200 105 88
2651 3250 200 105 öre.

2701 3302 304 202 Enkan
2904 3302 439 202 Andersson
3242 3302 236 202 har
3377 3302 236 202 vid
3512 3302 236 202 det
3647 3302 236 202 med
3782 3302 304 202 henne
3984 3302 439 202 anställde
4288 3302 203 202 för¬-

2593 3429 235 168 hör
2728 3429 369 168 erkänt,
2996 3429 235 168 att
3130 3429 268 168 hon,
3298 3429 302 168 efter
3499 3429 335 168 samråd
3734 3429 235 168 med
3868 3429 268 168 Anna
4036 3429 302 168 Maria
4203 3429 302 168 Johans¬-

2584 3543 254 148 son,
2743 3543 222 148 som
2870 3543 317 148 jemväl
3092 3543 349 148 arbetar
3345 3543 222 148 hos
3472 3543 507 148 Byggmästaren
3884 3543 380 148 Malmsten
4169 3543 222 148 och
4264 3543 254 148 saknat

2584 3666 288 175 medel
2776 3666 256 175 till
2937 3666 256 175 föda
3097 3666 192 175 åt
3193 3666 256 175 sina
3353 3666 288 175 barn,
3546 3666 449 175 tillgripit
3898 3666 545 175 pressenningen
4315 3666 160 175 och
