5008 4088
130 217 302 97 No
230 217 252 97 88.

119 352 206 67 Frans
257 352 229 67 August
394 352 138 67 Emil

126 418 317 116 Andersson
369 418 146 116 m.
418 418 122 116 fl.

612 239 518 104 Handelsfirma
1032 239 259 104 John
1194 239 194 104 E.
1291 239 324 104 Olsson
1518 239 162 104 &
1583 239 227 104 Co,
1712 239 227 104 som
1842 239 227 104 har
1971 239 324 104 kontor
2198 239 162 104 i
2230 239 162 104 hu¬-

565 355 217 112 set
689 355 186 112 No
782 355 155 112 6
844 355 217 112 vid
968 355 279 112 Lilla
1154 355 310 112 Torget
1371 355 217 112 har
1495 355 372 112 Tisdagen
1773 355 217 112 den
1897 355 186 112 13
1990 355 310 112 dennes
2176 355 248 112 anmält

554 471 212 104 att
675 471 181 104 ur
765 471 212 104 ett
886 471 242 104 fat,
1038 471 363 104 liggande
1310 471 151 104 å
1370 471 423 104 Skeppsbron
1703 471 212 104 och
1824 471 393 104 hvarifrån
2096 471 272 104 lösbru¬-

518 581 259 104 tits
679 581 226 104 den
809 581 485 104 fastspikade
1196 581 356 104 plåten,
1455 581 259 104 från
1617 581 323 104 firman
1843 581 485 104 tillgripits
2198 581 162 104 om¬-

510 701 292 84 kring
704 701 227 84 100
834 701 162 84 ℔
899 701 682 84 yellowmetallplåt,
1484 701 292 84 värdt
1679 701 195 84 37
1777 701 227 84 öre
1874 701 130 84 ℔.

585 811 446 96 Onsdagen
919 811 223 96 de
1031 811 223 96 14
1142 811 371 96 dennes
1402 811 260 96 har
1551 811 706 96 Poliskonstapeln
2145 811 223 96 No
2219 811 149 96 15

518 925 383 100 Svensson
805 925 223 100 för
933 925 287 100 detta
1124 925 415 100 tillgrepp
1443 925 383 100 anhållit
1730 925 415 100 ynglingen
2049 925 287 100 Frans
2209 925 159 100 Au¬-

520 1037 252 102 gust
678 1037 252 102 Emil
836 1037 441 102 Andersson,
1183 1037 252 102 född
1340 1037 221 102 den
1466 1037 158 102 6
1529 1037 347 102 Oktober
1781 1037 252 102 1864
1939 1037 221 102 och
2065 1037 315 102 boende
2254 1037 158 102 hos

512 1149 221 92 sin
639 1149 284 92 moder
828 1149 284 92 enkan
1017 1149 347 92 Johanna
1269 1149 410 92 Johansson
1584 1149 158 92 i
1647 1149 284 92 huset
1836 1149 189 92 No
1931 1149 189 92 16
2025 1149 158 92 i
2088 1149 252 92 13de
2214 1149 158 92 ro¬-

511 1261 266 94 ten;
677 1261 233 94 Och
810 1261 233 94 har
944 1261 433 94 Andersson
1277 1261 233 94 vid
1410 1261 233 94 det
1543 1261 233 94 med
1677 1261 300 94 honom
1876 1261 433 94 anställda
2176 1261 200 94 för¬-

513 1385 220 88 hör
638 1385 440 88 uppgifvit,
984 1385 220 88 att
1110 1385 220 88 han
1235 1385 220 88 och
1361 1385 409 88 ynglingen
1675 1385 314 88 Julius
1895 1385 377 88 Hultgren
2147 1385 251 88 Tisda¬-

532 1493 224 88 gen
660 1493 192 88 de
756 1493 192 88 13
852 1493 320 88 dennes
1077 1493 256 88 från
1237 1493 224 88 ett
1365 1493 416 88 söndrigt,
1685 1493 160 88 å
1749 1493 448 88 Skeppsbron
2070 1493 320 88 liggande

525 1607 233 86 fat
658 1607 466 86 tillgripit
1024 1607 366 86 omkring
1291 1607 233 86 Ett
1424 1607 166 86 ℔
1490 1607 566 86 yellowmetall,
1956 1607 233 86 som
2090 1607 200 86 de
2156 1607 200 86 sålt

516 1719 288 91 till
696 1719 648 91 Lumphandlanden
1236 1719 360 91 Samuel
1488 1719 468 91 Andersson
1848 1719 180 91 i
1920 1719 324 91 huset
2136 1719 216 91 No
2208 1719 144 91 12

515 1822 242 84 vid
654 1822 485 84 Husargatan
1035 1822 242 84 för
1173 1822 208 84 23
1242 1822 208 84 öre.

642 1929 160 88 I
706 1929 416 88 anledning
1026 1929 288 88 häraf
1219 1929 224 88 och
1347 1929 288 88 efter
1539 1929 384 88 erhållne
1827 1929 481 88 ytterligare
2180 1929 192 88 upp¬-

507 2045 453 88 lysningar
856 2045 314 88 hafva
1065 2045 836 88 detektivkonstaplarne
1796 2045 418 88 Rönnbäck
2110 2045 244 88 och
2215 2045 139 88 C.

501 2157 425 78 Hellström
828 2157 229 78 den
959 2157 196 78 15
1057 2157 327 78 dennes
1286 2157 393 78 anhållit
1581 2157 491 78 ynglingarne
1973 2157 327 78 Victor
2170 2157 196 78 Ema¬-

504 2261 272 86 nuel
674 2261 340 86 Frise,
912 2261 272 86 född
1081 2261 170 86 i
1149 2261 272 86 Mars
1319 2261 306 86 månad
1523 2261 272 86 1867
1693 2261 238 86 och
1829 2261 238 86 son
1964 2261 204 86 af
2032 2261 306 86 Måleri¬-

488 2359 437 106 arbetaren
824 2359 336 106 Gustaf
1060 2359 336 106 Frise,
1295 2359 336 106 boende
1530 2359 168 106 i
1597 2359 302 106 huset
1799 2359 202 106 No
1900 2359 235 106 199
2034 2359 202 106 af
2101 2359 269 106 Major¬-

499 2477 233 108 nas
632 2477 332 108 Förste
864 2477 299 108 rote,
1064 2477 266 108 hans
1230 2477 332 108 broder
1462 2477 266 108 Thor
1628 2477 266 108 Emil
1794 2477 332 108 Frise,
2027 2477 266 108 född
2160 2477 166 108 den

495 2591 163 103 3
561 2591 391 103 November
854 2591 294 103 1864,
1050 2591 261 103 Carl
1213 2591 326 103 Robert
1441 2591 424 103 Eriksson,
1767 2591 261 103 född
1931 2591 228 103 den
2061 2591 196 103 27
2126 2591 196 103 Mars

494 2692 252 102 1866
652 2692 221 102 och
778 2692 221 102 son
905 2692 189 102 af
999 2692 505 102 arbetskarlen
1409 2692 252 102 Lars
1567 2692 379 102 Eriksson
1851 2692 315 102 boende
2072 2692 158 102 i
2103 2692 221 102 huset

490 2814 194 90 No
587 2814 194 90 27
684 2814 227 90 vid
814 2814 421 90 Långgatan
1137 2814 162 90 i
1202 2814 583 90 Landalabergen,
1688 2814 292 90 James
1883 2814 356 90 Theodor
2109 2814 227 90 Jöns¬-

485 2917 252 94 son,
642 2917 252 94 född
799 2917 220 94 den
925 2917 157 94 8
988 2917 346 94 Oktober
1240 2917 252 94 1865
1397 2917 220 94 och
1523 2917 315 94 boende
1743 2917 220 94 hos
1869 2917 220 94 sin
1964 2917 346 94 farfader,

467 3033 561 98 Glasmästaren
923 3033 421 98 Johannes
1239 3033 386 98 Jonsson
1519 3033 175 98 i
1589 3033 316 98 huset
1800 3033 210 98 No
1905 3033 210 98 11
2010 3033 281 98 Litt
2186 3033 175 98 H
2221 3033 105 98 i

478 3143 510 94 Redbergslid,
892 3143 287 94 Johan
1084 3143 350 94 Leonard
1338 3143 446 94 Bengtsson,
1689 3143 255 94 född
1848 3143 223 94 den
1976 3143 191 94 24
2071 3143 350 94 Januari

481 3259 277 84 1866
654 3259 242 84 och
793 3259 242 84 son
931 3259 207 84 af
1035 3259 726 84 Snickeriarbetaren
1657 3259 380 84 Andreas
1899 3259 415 84 Bengtsson,

462 3353 338 98 boende
699 3353 169 98 i
766 3353 304 98 huset
969 3353 203 98 No
1070 3353 203 98 65
1172 3353 203 98 af
1273 3353 405 98 Majornas
1577 3353 236 98 5te
1712 3353 304 98 rote,
1915 3353 270 98 Carl
2050 3353 270 98 Victor

464 3468 412 89 Larsson,
772 3468 274 89 född
944 3468 240 89 den
1081 3468 206 89 14
1184 3468 240 89 Maj
1321 3468 274 89 1867
1493 3468 240 89 och
1630 3468 240 89 son
1767 3468 206 89 af
1836 3468 446 89 Maskinisten

465 3586 346 78 Salomon
716 3586 377 78 Larsson,
999 3586 314 78 boende
1219 3586 157 78 i
1282 3586 283 78 huset
1471 3586 189 78 No
1565 3586 189 78 17
1660 3586 252 78 Litt
1817 3586 157 78 K
1880 3586 157 78 i
1943 3586 252 78 12te
2068 3586 252 78 roten,

437 3688 326 89 Julius
666 3688 456 89 Benediktus
1024 3688 424 89 Hultgren,
1350 3688 261 89 född
1513 3688 228 89 den
1643 3688 196 89 17
1741 3688 261 89 Mars
1904 3688 261 89 1865
2067 3688 228 89 och
2165 3688 163 89 son

2629 275 201 93 af
2729 275 736 93 Skomakeriarbetaren
3365 275 301 93 Johan
3565 275 268 93 Lars
3733 275 435 93 Hultgren,
4067 275 335 93 boende
4301 275 167 93 i
4335 275 167 93 hu¬-

2634 377 224 127 set
2762 377 192 127 No
2858 377 192 127 15
2954 377 160 127 i
3018 377 352 127 Stadens
3273 377 256 127 13de
3433 377 288 127 rote,
3625 377 256 127 Carl
3785 377 352 127 Gabriel
4040 377 448 127 Andersson,
4360 377 128 127 18

2641 494 212 122 år
2747 494 354 122 gammal
2995 494 248 122 och
3136 494 354 122 boende
3384 494 177 122 i
3455 494 496 122 Handlanden
3845 494 460 122 Svenssons
4199 494 248 122 hus
4305 494 177 122 vid

2606 601 292 135 Lilla
2800 601 519 135 Landalagatan
3222 601 259 135 samt
3384 601 292 135 Ernst
3578 601 389 135 Frithiof
3870 601 421 135 Eriksson,
4194 601 259 135 född
4324 601 162 135 den

2630 718 191 137 7.
2726 718 350 137 Oktober
2980 718 255 137 1865
3139 718 223 137 och
3267 718 223 137 son
3394 718 191 137 af
3489 718 477 137 Säckbäraren
3871 718 318 137 Gustaf
4094 718 350 137 Olsson,
4317 718 159 137 bo¬-

2623 821 265 155 ende
2788 821 165 155 i
2855 821 298 155 huset
3053 821 199 155 No
3152 821 199 155 40
3252 821 199 155 af
3351 821 397 155 Majornas
3649 821 232 155 6te
3781 821 298 155 rote,
3980 821 331 155 hvilka
4211 821 232 155 vid
4311 821 165 155 det

2634 955 239 119 med
2770 955 239 119 dem
2907 955 443 119 anställde
3248 955 341 119 förhör
3453 955 409 119 uppgifvit:

2664 1055 336 115 Julius
2899 1055 470 115 Benediktus
3268 1055 436 115 Hultgren:
3604 1055 268 115 lika
3772 1055 235 115 med
3906 1055 302 115 Frans
4107 1055 336 115 August
4309 1055 201 115 Emil

2639 1173 432 123 Andersson
2971 1173 166 123 i
3038 1173 266 123 hvad
3204 1173 233 123 det
3337 1173 299 123 honom
3503 1173 333 123 anginge;

2648 1278 320 130 Victor
2872 1278 352 130 Emanuel
3129 1278 288 130 Frise
3321 1278 224 130 och
3449 1278 256 130 Thor
3609 1278 256 130 Emil
3769 1278 288 130 Frise
3961 1278 224 130 att
4090 1278 192 130 de
4186 1278 224 130 och
4282 1278 192 130 Carl

2649 1370 315 144 Robert
2869 1370 378 144 Eriksson
3153 1370 378 144 Lördagen
3436 1370 221 144 den
3562 1370 189 144 10
3657 1370 284 144 eller
3846 1370 378 144 Måndagen
4129 1370 221 144 den
4255 1370 189 144 12
4318 1370 126 144 ds

2643 1490 200 143 på
2743 1490 267 143 e.m.
2910 1490 200 143 ur
3010 1490 234 143 ett
3143 1490 400 143 söndrigt
3443 1490 234 143 fat
3577 1490 234 143 vid
3710 1490 467 143 Skeppsbron
4044 1490 400 143 tillgripit

2633 1600 163 139 2
2699 1600 228 139 1/2
2829 1600 163 139 à
2894 1600 163 139 3
2959 1600 163 139 ℔
3024 1600 195 139 af
3122 1600 488 139 Målsegarens
3512 1600 488 139 metallplåt,
3903 1600 228 139 som
4033 1600 195 139 de
4131 1600 260 139 sålt
4261 1600 195 139 till

2633 1705 494 147 Gelbgjutaren
3034 1705 185 147 J.
3127 1705 185 147 A.
3220 1705 370 147 Carlsson
3497 1705 154 147 i
3559 1705 278 147 huset
3744 1705 185 147 No
3837 1705 154 147 1
3898 1705 216 147 vid
4022 1705 401 147 Torggatan
4300 1705 154 147 för

2640 1811 192 155 60
2736 1811 256 155 öre,
2896 1811 320 155 hvaraf
3120 1811 192 155 de
3216 1811 384 155 erhållit
3504 1811 192 155 20
3600 1811 224 155 öre
3728 1811 256 155 hvar
3888 1811 256 155 samt
4048 1811 224 155 att
4176 1811 192 155 de
4272 1811 288 155 jemte

2637 1933 296 147 James
2834 1933 362 147 Theodor
3098 1933 362 147 Jonsson
3361 1933 230 147 och
3492 1933 263 147 Carl
3657 1933 329 147 Victor
3887 1933 362 147 Larsson
4117 1933 329 147 Fredagen

2663 2043 216 143 den
2787 2043 185 143 13
2879 2043 309 143 dennes
3096 2043 185 143 på
3188 2043 247 143 e.m.
3343 2043 216 143 och
3466 2043 185 143 ur
3559 2043 278 143 samma
3744 2043 216 143 fat
3868 2043 433 143 tillgripit
4177 2043 309 143 ytterli¬-

2626 2163 291 149 gare
2807 2163 182 149 8
2880 2163 182 149 ℔
2953 2163 508 149 metllplåt,
3352 2163 254 149 som
3497 2163 218 149 de
3606 2163 291 149 sålt
3788 2163 291 149 till
3970 2163 400 149 hustrun
4224 2163 254 149 Char¬-

2644 2277 271 151 lotta
2824 2277 391 151 Andersson
3125 2277 150 151 i
3186 2277 271 151 huset
3366 2277 181 151 No
3457 2277 150 151 1
3517 2277 211 151 vid
3637 2277 542 151 Landsvägsgatan
4089 2277 211 151 för
4209 2277 150 151 2
4239 2277 271 151 Kronor;

2629 2417 247 119 Carl
2783 2417 308 119 Victor
2999 2417 339 119 Larsson
3245 2417 216 119 och
3369 2417 247 119 Carl
3523 2417 308 119 Robert
3738 2417 401 119 Eriksson:
4047 2417 247 119 lika
4201 2417 216 119 med
4293 2417 185 119 brö¬-

2636 2548 289 113 derna
2828 2548 289 113 Frise
3021 2548 160 113 i
3085 2548 256 113 hvad
3245 2548 224 113 det
3373 2548 224 113 dem
3469 2548 321 113 anginge.

2664 2630 272 139 James
2845 2630 332 139 Theodor
3087 2630 362 139 Jonsson:
3359 2630 211 139 att
3479 2630 211 139 han
3600 2630 211 139 och
3721 2630 272 139 Johan
3902 2630 332 139 Leonard
4114 2630 332 139 Bengtsson

2643 2739 423 149 Måndagen
2960 2739 247 149 den
3101 2739 212 149 12
3207 2739 353 149 dennes
3454 2739 212 149 på
3560 2739 282 149 eft.
3736 2739 282 149 midd
3913 2739 212 149 ur
3983 2739 459 149 ifrågakomne

2638 2849 224 159 fat
2766 2849 447 159 tillgripit
3117 2849 192 159 en
3213 2849 224 159 del
3341 2849 479 159 metallplåt,
3724 2849 319 159 hvaraf
3947 2849 351 159 Jonsson
4203 2849 255 159 sålt
4330 2849 160 159 sin

2630 2977 221 147 del
2757 2977 158 147 3
2820 2977 158 147 ℔
2883 2977 253 147 till
3041 2977 505 147 Gelbgjutaren
3451 2977 379 147 Carlsson
3736 2977 221 147 för
3862 2977 189 147 60
3957 2977 221 147 öre
4083 2977 221 147 och
4178 2977 284 147 Bengts¬-

2631 3115 233 127 son
2764 3115 233 127 sin
2897 3115 233 127 del
3029 3115 166 127 3
3096 3115 166 127 ℔
3162 3115 266 127 till
3328 3115 399 127 bröderna
3627 3115 299 127 Frise
3827 3115 266 127 samt
3993 3115 299 127 Johan
4159 3115 299 127 Leonard

2639 3237 380 119 Bengtsson
2931 3237 205 119 den
3048 3237 176 119 13
3136 3237 176 119 ds
3224 3237 205 119 kl.
3341 3237 322 119 omkring
3575 3237 146 119 5
3634 3237 234 119 e.m.
3780 3237 176 119 ur
3868 3237 322 119 berörde
4102 3237 205 119 fat
4189 3237 293 119 tillgri¬-

2614 3353 235 123 pit
2749 3353 503 123 ytterligare
3151 3353 168 123 8
3219 3353 168 123 ℔
3286 3353 503 123 metallplåt,
3688 3353 235 123 som
3823 3353 201 123 de
3923 3353 269 123 sålt
4091 3353 269 123 till
4225 3353 269 123 hustru

2625 3482 409 100 Charlotta
2939 3482 409 100 Andersson
3254 3482 220 100 för
3380 3482 220 100 Två
3506 3482 346 100 Kronor,
3758 3482 315 100 hvaraf
3978 3482 189 100 de
4073 3482 283 100 tagit
4262 3482 189 100 50
4325 3482 157 100 öre

2576 3602 408 72 hvardera.

2605 3705 295 87 Johan
2802 3705 360 87 Leonard
3063 3705 458 87 Bengtsson:
3423 3705 262 87 Lika
3587 3705 229 87 med
3718 3705 295 87 James
3914 3705 360 87 Theodor
4143 3705 295 87 Jonsson
