4962 4062
505 237 535 216 nycklar,
907 237 312 216 som
1085 237 624 216 antagligen
1575 237 446 216 glömts
1843 237 535 216 qvarglömts

514 334 287 169 af
658 334 574 169 tjufven;
1041 334 239 169 och

470 465 253 202 7o
596 465 801 202 Tjensteflickan,
1271 465 422 202 Amanda
1566 465 548 202 Petersson
1988 465 211 202 i
2030 465 337 202 tjenst

484 593 320 163 hos
667 593 867 163 fläskhandlanden
1397 593 320 163 Per
1580 593 730 163 Gabrielsson,
2128 593 228 163 bo¬-

499 698 377 206 ende
734 698 236 206 i
829 698 424 206 huset
1111 698 283 206 No
1253 698 283 206 30
1394 698 330 206 vid
1582 698 754 206 Westergatan:
2147 698 236 206 att

471 840 305 168 då
624 840 356 168 hon
827 840 356 168 den
1030 840 305 168 12
1182 840 305 168 ds
1335 840 254 168 i
1437 840 457 168 något
1741 840 508 168 ärende
2046 840 305 168 upp¬-

484 919 382 169 gått
723 919 239 169 å
818 919 477 169 vinden
1153 919 382 169 till
1391 919 716 169 ofvannämnde
1964 919 334 169 hus
2107 919 239 169 hon

460 1021 802 226 varseblifvit
1112 1021 301 226 en
1262 1021 552 226 obekant
1663 1021 602 226 yngling,
2064 1021 251 226 som

465 1138 386 176 vid
685 1138 551 176 hennes
1071 1138 606 176 ankomst
1512 1138 386 176 dit
1678 1138 606 176 skyndsamt

486 1284 603 185 aflägsnat
950 1284 325 185 sig
1135 1284 603 185 derifrån,
1599 1284 603 185 hvarjemte
2017 1284 232 185 hon

512 1390 560 132 iakttagit
942 1390 301 132 att
1115 1390 215 132 i
1201 1390 387 132 låset
1459 1390 344 132 till
1674 1390 301 132 den
1847 1390 215 132 å
1890 1390 344 132 vinden

496 1492 638 147 befintliga
998 1492 593 147 skrubben,
1454 1492 319 147 der
1637 1492 456 147 hennes
1910 1492 365 147 kläder

495 1586 672 151 förvarades,
1033 1586 448 151 suttit
1346 1586 269 151 en
1481 1586 403 151 falsk
1749 1586 448 151 nyckel
2018 1586 269 151 samt

450 1705 301 155 att
622 1705 387 155 bakom
880 1705 258 155 en
1009 1705 215 155 å
1095 1705 430 155 vinden
1396 1705 559 155 befintlig
1826 1705 387 155 kista
2041 1705 301 155 legat

487 1771 291 207 två
654 1771 291 207 st.
820 1771 375 207 henne
1070 1771 583 207 tillhöriga
1528 1771 707 207 yllekjortlar,
2069 1771 291 207 hvil¬-

483 1875 290 195 ka
628 1875 676 195 antagligen
1159 1875 338 195 med
1352 1875 290 195 en
1496 1875 386 195 käpp
1689 1875 628 195 framdragits

486 2006 430 172 genom
773 2006 287 172 de
916 2006 526 172 spjelor
1299 2006 335 172 som
1490 2006 526 172 bildade
1824 2006 526 172 skrubben.

631 2113 283 145 Af
772 2113 283 145 de
914 2113 661 145 tillgripne
1433 2113 708 145 persedlarne
1953 2113 330 145 hafva

473 2209 633 196 återfunnits
979 2209 548 196 pantsatte
1401 2209 380 196 Alida
1654 2209 548 196 Carlssons
2034 2209 295 196 regn¬-

475 2333 391 174 kappa
735 2333 304 174 den
909 2333 217 174 2
996 2333 435 174 sistl.
1301 2333 478 174 Augusti
1648 2333 304 174 för
1822 2333 217 174 6
1866 2333 391 174 Kronor,

467 2437 475 193 Bomans
799 2437 427 193 byxor
1084 2437 332 193 den
1274 2437 285 193 19
1416 2437 475 193 sistl.
1748 2437 522 193 Oktober
2081 2437 237 193 för

477 2569 271 184 5
585 2569 326 184 Kr
748 2569 380 184 och
965 2569 434 184 Emma
1237 2569 706 184 Ullanders
1725 2569 597 184 regnkappa

466 2662 350 147 den
666 2662 300 147 13
816 2662 300 147 ds
967 2662 350 147 för
1167 2662 250 147 3
1267 2662 350 147 Kr,
1467 2662 400 147 allt
1717 2662 250 147 å
1767 2662 501 147 Majornas

467 2766 880 183 Pantlånekonto
1192 2766 259 183 i
1296 2766 466 183 huset
1606 2766 311 183 No
1762 2766 311 183 44
1917 2766 362 183 vid
2072 2766 259 183 Hu¬-

461 2885 629 208 sargatan,
945 2885 629 208 Mellroths
1429 2885 436 208 byxor
1719 2885 339 208 den
1913 2885 242 208 7
1961 2885 339 208 sist.

451 3026 540 175 Oktober
844 3026 344 175 för
1040 3026 245 175 1
1138 3026 344 175 Kr,
1334 3026 540 175 Johanna
1727 3026 442 175 Sofia
1972 3026 393 175 Svens¬-

441 3136 390 189 sons
685 3136 585 189 klädning
1124 3136 341 189 den
1319 3136 244 189 8
1416 3136 439 189 sist.
1709 3136 536 189 Oktober
2050 3136 244 189 för

456 3254 272 200 75
592 3254 362 200 öre,
818 3254 680 200 Björkqvists
1362 3254 408 200 byxor
1634 3254 317 200 den
1815 3254 272 200 19
1906 3254 362 200 sistl.

471 3368 567 194 Oktober
884 3368 361 194 för
1090 3368 258 194 1
1193 3368 309 194 Kr
1347 3368 361 194 och
1554 3368 412 194 Anna
1760 3368 515 194 Janssons

485 3495 541 130 klädning
891 3495 316 130 den
1071 3495 271 130 11
1207 3495 271 130 ds
1342 3495 316 130 för
1522 3495 271 130 75
1658 3495 361 130 öre,
1883 3495 361 130 allt
2063 3495 226 130 hos

471 3593 761 187 pantlånaren
1080 3593 305 187 P.
1233 3593 558 187 Larsson
1639 3593 254 187 i
1740 3593 457 187 huset
2045 3593 305 187 No
2146 3593 203 187 26

2631 264 321 166 vid
2815 264 688 166 Westergatan
3365 264 229 166 i
3411 264 459 166 Annedal.

2755 357 380 181 Såsom
3008 357 548 181 misstänkt
3430 357 295 181 för
3598 357 380 181 dessa
3851 357 548 181 tillgrepp
4231 357 253 181 haf¬-

2617 487 249 138 va
2742 487 998 138 Detektivkonstaplarne
3615 487 249 138 C.
3740 487 249 138 V.
3864 487 582 138 Söderqvist
4280 487 208 138 och

2619 590 290 170 V.
2764 590 434 170 Bruun
3053 590 338 170 den
3246 590 290 170 24
3391 590 290 170 ds
3536 590 579 170 anhållit
3922 590 531 170 ynglingen

2642 702 387 138 Ernst
2900 702 430 138 Victor
3202 702 603 138 Bengtsson,
3675 702 430 138 boende
3976 702 215 138 i
4063 702 387 138 huset
4278 702 172 138 No

2624 824 274 150 12
2761 824 320 150 vid
2944 824 685 150 Husargatan,
3492 824 503 150 hvilken
3858 824 320 150 vid
4041 824 320 150 det
4178 824 228 150 med

2647 907 392 166 honom
2908 907 522 166 anstälda
3299 907 435 166 förhör
3604 907 566 166 uppgifvit
4039 907 305 166 och
4169 907 261 166 för¬-

2641 1017 530 161 klarat;
3027 1017 338 161 att
3219 1017 338 161 han
3412 1017 434 161 någon
3702 1017 338 161 dag
3894 1017 241 161 i
3991 1017 482 161 början
4280 1017 193 161 af

2628 1155 476 127 sist.
2946 1155 582 127 Augusti
3369 1155 476 127 månad
3687 1155 582 127 uppgått
4110 1155 265 127 å
4163 1155 318 127 vin¬-

2625 1210 313 136 den
2804 1210 358 136 till
3028 1210 403 136 huset
3296 1210 268 136 No
3430 1210 268 136 28
3565 1210 313 136 vid
3744 1210 358 136 Öfra
3922 1210 582 136 Husargatan,

2604 1318 354 150 der
2807 1318 354 150 han
3009 1318 354 150 med
3211 1318 303 150 en
3362 1318 556 150 medförd
3766 1318 455 150 falsk
4019 1318 404 150 nyckel

2631 1408 410 164 öppnat
2918 1408 533 164 hänglåset
3328 1408 328 164 till
3533 1408 410 164 dörren
3820 1408 287 164 för
3984 1408 246 164 en
4107 1408 287 164 der
4230 1408 205 164 be¬-

2652 1513 447 181 fintlig
2977 1513 609 181 vindsskrubb
3464 1513 284 181 och
3627 1513 284 181 der
3789 1513 568 181 tillgripit
4195 1513 284 181 Alida

2624 1623 629 135 Carlssons
3107 1623 677 135 regnkappa,
3639 1623 532 135 hvilken
4026 1623 338 135 han
4171 1623 290 135 sam¬-

2630 1725 293 184 me
2777 1725 342 184 dag
2972 1725 586 184 pantsatt
3412 1725 342 184 för
3607 1725 244 184 6
3705 1725 293 184 Kr
3852 1725 244 184 å
3900 1725 489 184 Majornas

2636 1841 729 161 pantlånekontor
3244 1841 203 161 i
3325 1841 365 161 huset
3569 1841 243 161 No
3690 1841 243 161 44
3812 1841 284 161 vid
3933 1841 527 161 Husargatan,

2613 1936 301 167 att
2785 1936 301 167 han
2957 1936 387 167 någon
3214 1936 301 167 dag
3386 1936 215 167 i
3472 1936 430 167 början
3773 1936 258 167 af
3902 1936 387 167 sist.
4116 1936 301 167 Okto¬-

2605 2027 352 134 ber
2806 2027 452 134 månad
3107 2027 251 134 å
3208 2027 502 134 vinden
3559 2027 402 134 till
3810 2027 452 134 huset
4112 2027 301 134 No
4212 2027 151 134 3

2590 2124 346 155 vid
2787 2124 840 155 Snickaregatan
3479 2124 642 155 likaledes
3973 2124 346 155 med
4122 2124 297 155 med¬-

2608 2201 408 218 förd
2863 2201 561 218 nyckel,
3271 2201 510 218 öppnat
3629 2201 357 218 den
3833 2201 357 218 med
3986 2201 357 218 häng¬-

2600 2339 354 194 lås
2803 2339 606 194 försedda
3257 2339 859 194 vindskrubben,
3965 2339 354 194 och
4116 2339 253 194 der

2600 2444 699 183 tillgripit
3149 2444 649 183 Mellroths
3649 2444 499 183 byxor,
3998 2444 350 183 som
4148 2444 250 183 han

2599 2575 478 142 straxt
2934 2575 574 142 derefter
3365 2575 335 142 för
3556 2575 287 142 en
3699 2575 431 142 krona
3939 2575 478 142 pantsatt

2604 2675 355 167 hos
2807 2675 760 167 Pantlånaren
3415 2675 304 167 P.
3567 2675 557 167 Larsson
3973 2675 253 167 i
4023 2675 355 167 huset

2587 2789 297 202 No
2736 2789 297 202 26
2885 2789 347 202 vid
3083 2789 793 202 Westergatan,
3727 2789 347 202 att
3925 2789 347 202 han
4074 2789 347 202 någon

2582 2921 357 183 dag
2786 2921 408 183 kort
3041 2921 612 183 derefter
3500 2921 255 183 å
3602 2921 510 183 vinden
3959 2921 408 183 till
4163 2921 255 183 hu¬-

2596 3035 344 168 set
2793 3035 295 168 No
2940 3035 246 168 4
3039 3035 344 168 vid
3235 3035 886 168 Snickaregatan,
3973 3035 295 168 på
4072 3035 344 168 förut

2585 3159 610 204 uppgifna
3042 3159 406 204 sätt
3296 3159 508 204 öppnat
3652 3159 660 204 hänglåset
4109 3159 305 204 till

2583 3283 280 186 en
2723 3283 327 186 der
2910 3283 607 186 befintlig
3377 3283 513 186 skrubb,
3750 3283 327 186 och
3936 3283 327 186 der
4076 3283 327 186 till¬-

2594 3387 487 213 gripit
2935 3387 341 213 den
3130 3387 292 213 af
3276 3387 536 213 Johanna
3666 3387 487 213 Sophia
3959 3387 487 213 Svensson

2590 3528 819 145 omförmälda
3234 3528 878 145 klädningen,
3937 3528 410 145 som
4112 3528 293 145 han

2567 3633 531 175 samma
2921 3633 413 175 dag
3157 3633 708 175 pantsatt
3688 3633 413 175 för
3924 3633 354 175 75
4042 3633 295 175 öre
