4868 4043
372 134 448 187 Berndtsson
724 134 160 187 å
788 134 448 187 Fisktorget
1141 134 416 187 anträffat
1461 134 224 187 och
1589 134 256 187 till
1749 134 609 187 Poliskonstapeln
2230 134 128 187 No

358 268 211 173 12
463 268 457 173 Dahlqvist
815 268 528 173 öfverlemnat
1237 268 528 173 ifrågakomne
1659 268 528 173 fruntimmer,
2082 268 246 173 som
2187 268 176 173 be¬-

364 348 352 176 funnits
620 348 256 176 vara
780 348 705 176 Silfverpolererskan
1389 348 256 176 Anna
1549 348 384 176 Victoria
1837 348 448 176 Stenström,
2158 348 224 176 boen¬-

372 457 199 196 de
471 457 166 196 i
538 457 299 196 huset
737 457 199 196 No
837 457 199 196 29
937 457 233 196 vid
1070 457 266 196 Haga
1236 457 465 196 Kyrkogata;
1602 457 233 196 och
1735 457 233 196 har
1868 457 432 196 Stenström
2167 457 166 196 vid

346 592 228 167 med
477 592 293 167 henne
672 592 391 167 anstäldt
966 592 326 167 förhör
1194 592 456 167 uppgifvit,
1552 592 228 167 att
1682 592 228 167 hon
1813 592 228 167 för
1943 592 358 167 omkring
2171 592 163 167 tre

357 716 191 158 år
453 716 286 158 sedan
643 716 476 158 någonstädes
1024 716 254 158 sett
1183 716 191 158 en
1278 716 159 158 i
1342 716 445 158 Folkbanken
1691 716 349 158 belånad
1913 716 445 158 lånehandling

358 822 220 169 och
483 822 189 169 af
578 822 378 169 densamma
861 822 283 169 tagit
1050 822 189 169 en
1144 822 378 169 afskrift
1427 822 220 169 för
1553 822 220 169 att
1679 822 220 169 vid
1805 822 503 169 förefallande
2183 822 157 169 be¬-

347 940 225 162 hof
475 940 418 162 användas;
797 940 225 162 att
926 940 257 162 hon,
1087 940 225 162 som
1215 940 193 162 på
1312 940 354 162 sednare
1569 940 289 162 tiden
1762 940 257 162 ofta
1923 940 289 162 varit
2116 940 161 162 i
2148 940 225 162 behof

362 1026 194 204 af
459 1026 420 204 penningar
781 1026 226 204 för
910 1026 226 204 att
1040 1026 420 204 förskaffa
1362 1026 226 204 sig
1491 1026 355 204 sådane,
1750 1026 387 204 beslutat
2008 1026 355 204 förfalska

362 1133 589 181 lånehandlingar
853 1133 229 181 och
984 1133 327 181 belåna
1213 1133 229 181 dem
1344 1133 164 181 i
1410 1133 491 181 Folkbanken;
1803 1133 229 181 att
1934 1133 229 181 hon
2065 1133 229 181 den
2196 1133 196 181 21
2261 1133 131 181 ds

363 1242 374 216 utfärdat
644 1242 187 216 en
737 1242 281 216 dylik
924 1242 374 216 handling
1205 1242 156 216 i
1267 1242 250 216 eget
1423 1242 281 216 namn,
1610 1242 343 216 försedd
1860 1242 218 216 med
1954 1242 405 216 falskeligen

360 1363 374 208 skrifven
641 1363 312 208 borgen
859 1363 187 208 af
952 1363 312 208 åkaren
1171 1363 187 208 C.
1264 1363 187 208 J.
1358 1363 405 208 Johansson
1670 1363 156 208 i
1732 1363 281 208 huset
1919 1363 187 208 No
2013 1363 156 208 6
2075 1363 218 208 vid
2169 1363 187 208 Fri¬-

376 1490 468 161 gångsgatan;
750 1490 218 161 att
875 1490 187 161 då
968 1490 437 161 emellertid
1312 1490 561 161 lånehandlingen
1779 1490 250 161 icke
1935 1490 281 161 varit
2091 1490 281 161 försedd

376 1590 221 162 med
503 1590 253 162 mera
661 1590 190 162 än
756 1590 190 162 en
851 1590 506 162 löftesskrift
1262 1590 253 162 samt
1420 1590 253 162 icke
1578 1590 443 162 bevittnad,
1925 1590 379 162 densamma
2178 1590 190 162 icke

348 1705 491 172 emottagits
734 1705 175 172 å
804 1705 526 172 Folkbanken,
1225 1705 246 172 der
1366 1705 246 172 hon
1506 1705 316 172 sjelf
1716 1705 421 172 inlemnat
1997 1705 351 172 densamma

346 1793 220 225 för
471 1793 409 225 belåning;
786 1793 220 225 att
912 1793 252 225 hon,
1069 1793 189 225 på
1164 1793 252 225 sätt
1321 1793 441 225 Berndtsson
1668 1793 409 225 berättat,
1982 1793 346 225 anmodat
2203 1793 157 225 ho¬-

344 1919 232 188 nom
476 1919 232 188 att
609 1919 165 188 å
675 1919 463 188 Folkbanken
1039 1919 364 188 afhemta
1303 1919 397 188 formulär
1601 1919 265 188 till
1767 1919 562 188 lånehandling;
2197 1919 165 188 att

355 2026 304 192 efter
558 2026 236 192 det
693 2026 236 192 han
828 2026 371 192 skaffat
1098 2026 371 192 dylika,
1368 2026 236 192 hon
1502 2026 337 192 ingått
1739 2026 169 192 i
1806 2026 472 192 Handlanden
2144 2026 202 192 Roys

342 2137 333 172 salubod
584 2137 212 172 och
705 2137 364 172 skrifvit
978 2137 182 172 de
1069 2137 182 172 af
1160 2137 455 172 Berndtsson,
1524 2137 182 172 då
1615 2137 212 172 han
1736 2137 364 172 anhölls,
1978 2137 364 172 innehafvde

331 2228 487 212 handlingarne
726 2228 365 212 färdiga,
1000 2228 304 212 dervid
1213 2228 213 212 hon
1335 2228 457 212 falskeligen
1701 2228 365 212 skrifvit
1944 2228 396 212 låntagarens

343 2392 268 160 samt
510 2392 569 160 löftesmannens
979 2392 234 160 och
1113 2392 435 160 vittnenas
1447 2392 301 160 namn;
1648 2392 234 160 att
1782 2392 234 160 hon
1916 2392 234 160 för
2017 2392 301 160 omkring

341 2463 237 211 ett
476 2463 203 211 år
578 2463 304 211 sedan
781 2463 304 211 kännt
984 2463 203 211 en
1085 2463 406 211 snickare
1390 2463 203 211 vd
1491 2463 271 211 namn
1661 2463 203 211 J.
1762 2463 372 211 Lundin:
2033 2463 237 211 och
2134 2463 237 211 ehuru

339 2600 227 144 hon
468 2600 260 144 icke
631 2600 325 144 visste
858 2600 260 144 hvar
1021 2600 292 144 denne
1216 2600 195 144 nu
1313 2600 422 144 uppehölle
1638 2600 260 144 sig,
1801 2600 325 144 afsett
2028 2600 292 144 honom
2191 2600 162 144 med

341 2696 229 151 den
472 2696 196 151 af
570 2696 294 151 henne
767 2696 164 151 å
832 2696 589 151 lånehandlingen
1323 2696 393 151 tecknade
1617 2696 458 151 låntagaren
1977 2696 196 151 J.
2043 2696 294 151 Lundin;

325 2783 221 223 att
452 2783 221 223 hon
578 2783 284 223 såsom
767 2783 410 223 löftesman
1082 2783 315 223 afsett
1303 2783 567 223 paraplymakaren
1776 2783 189 223 C.
1870 2783 189 223 V.
1965 2783 410 223 Andersson
2248 2783 95 223 i

331 2902 277 178 huset
516 2902 185 178 No
608 2902 185 178 13
700 2902 215 178 vid
824 2902 431 178 Husargatan
1162 2902 215 178 och
1285 2902 554 178 Bagaremästaren
1747 2902 185 178 C.
1839 2902 185 178 G.
1931 2902 338 178 Larsson
2177 2902 154 178 i
2208 2902 154 178 hu¬-

318 3002 214 225 set
440 3002 183 225 No
531 3002 183 225 34
623 3002 214 225 vid
745 3002 275 225 sagde
928 3002 275 225 gata,
1111 3002 397 225 hvarjemte
1416 3002 214 225 hon
1538 3002 244 225 till
1690 3002 397 225 utseendet
1995 3002 275 225 kände
2148 3002 214 225 Hand¬-

318 3129 371 158 landerne
597 3129 186 158 N.
689 3129 186 158 J.
782 3129 402 158 Petersson
1092 3129 217 158 och
1215 3129 186 158 O.
1308 3129 309 158 Ström,
1525 3129 340 158 hvilkas
1772 3129 248 158 namn
1927 3129 217 158 hon
2020 3129 309 158 skrifvit

344 3200 271 214 såsom
525 3200 362 214 vittnen;
796 3200 211 214 att
917 3200 211 214 hon
1037 3200 362 214 derefter
1309 3200 241 214 till
1459 3200 422 214 Berndtsson
1791 3200 302 214 lemnat
1972 3200 392 214 handlingar¬-

331 3312 204 245 ne
433 3312 238 245 för
569 3312 238 245 att
705 3312 374 245 aflemna
976 3312 374 245 desamma
1248 3312 170 245 å
1316 3312 509 245 Folkbanken,
1724 3312 374 245 hvilket
1995 3312 306 245 denne
2165 3312 170 245 ock

327 3452 300 195 gjort,
537 3452 210 195 men
657 3452 210 195 att
777 3452 420 195 Berndtsson
1107 3452 270 195 efter
1287 3452 180 195 en
1376 3452 240 195 kort
1526 3452 270 195 stund
1706 3452 420 195 återkommit
2036 3452 210 195 och
2126 3452 210 195 under

341 3529 328 204 uppgift
580 3529 209 204 det
699 3529 209 204 han
818 3529 358 204 erhållit
1087 3529 447 204 tillsägelse
1444 3529 209 204 att
1564 3529 388 204 återkomma
1862 3529 209 204 kl.
1981 3529 149 204 1
2011 3529 328 204 middagen,

324 3622 419 192 berättat
638 3622 245 192 att
778 3622 245 192 han
918 3622 384 192 blifvit
1197 3622 175 192 å
1267 3622 349 192 Banken
1512 3622 489 192 tillfrågad
1896 3622 210 192 om
2001 3622 245 192 han
2105 3622 210 192 vore

2465 135 332 175 Lundins
2707 135 332 175 gesäll,
2948 135 332 175 dertill
3190 135 212 175 hon
3311 135 302 175 jakat;
3522 135 212 175 att
3643 135 242 175 hon,
3794 135 272 175 efter
3976 135 212 175 att
4096 135 272 175 hafva
4247 135 212 175 anmo¬-

2476 284 208 144 det
2595 284 417 144 Berndtsson
2923 284 208 144 att
3042 284 238 144 åter
3191 284 327 144 infinna
3429 284 208 144 sig
3548 284 149 144 å
3607 284 327 144 Banken,
3845 284 208 144 kl.
3965 284 149 144 1
4024 284 357 144 begifvit
4262 284 149 144 sig

2473 347 252 193 till
2630 347 221 193 sin
2756 347 347 193 bostad;
3008 347 221 193 att
3134 347 221 193 hon
3260 347 221 193 vid
3386 347 473 193 sistberörde
3764 347 221 193 tid
3890 347 158 193 å
3953 347 284 193 bron,
4142 347 221 193 som
4237 347 158 193 vid

2476 481 432 199 Korsgatan
2808 481 299 199 leder
3007 481 299 199 öfver
3207 481 532 199 Vallgrafven,
3639 481 266 199 åter
3805 481 565 199 sammanträffat
4237 481 166 199 med

2468 577 484 222 Berndtsson,
2855 577 355 222 hvilken
3113 577 194 222 då
3210 577 323 222 ingått
3435 577 161 222 å
3500 577 484 222 Folkbanken,
3887 577 290 222 under
4080 577 226 222 det
4209 577 226 222 hon
4306 577 97 222 i

2480 698 486 174 Kungsparken
2869 698 389 174 inväntat
3160 698 259 174 hans
3322 698 454 174 återkomst;
3679 698 227 174 att
3809 698 195 174 då
3906 698 227 174 han
4036 698 292 174 dröjt
4198 698 259 174 något,

2469 825 205 154 hon
2586 825 292 154 insett
2790 825 205 154 det
2907 825 351 154 oriktiga
3170 825 146 154 i
3229 825 234 154 sitt
3375 825 497 154 handlingssätt
3784 825 205 154 och
3901 825 351 154 begifvit
4164 825 205 154 sig
4251 825 205 154 deri¬-

2482 914 253 194 från
2640 914 253 194 till
2798 914 221 194 sin
2924 914 347 194 bostad;
3177 914 253 194 samt
3335 914 221 194 att
3461 914 221 194 hon
3588 914 316 194 lofvat
3809 914 442 194 Berndtsson
4156 914 221 194 Två
4251 914 189 194 Kro¬-

2471 1057 230 134 hor
2603 1057 230 134 för
2734 1057 263 134 hans
2866 1057 296 134 besvär.

2620 1137 190 188 På
2715 1137 285 188 grund
2905 1137 190 188 af
3000 1137 253 188 hvad
3158 1137 348 188 sålunda
3411 1137 474 188 förekommit,
3791 1137 316 188 kommer
4012 1137 253 188 Anna
4139 1137 316 188 Victoria

2481 1229 403 208 Stenström,
2798 1229 317 208 hvilken
3028 1229 317 208 blifvit
3259 1229 230 208 till
3403 1229 489 208 cellfängelset
3806 1229 461 208 införpassad,
4180 1229 202 208 att
4266 1229 173 208 den¬-

2467 1334 203 197 na
2569 1334 237 197 dag
2704 1334 237 197 för
2839 1334 575 197 Poliskammaren
3313 1334 474 197 inställas,
3685 1334 203 197 då
3787 1334 338 197 Helmer
3990 1334 406 197 Berndtsson

2485 1403 200 261 är
2585 1403 333 261 kallad
2818 1403 233 261 att
2951 1403 333 261 jemväl
3184 1403 400 261 närvara.
3484 1403 400 261 Göteborg
3784 1403 233 261 den
3918 1403 200 261 29
4017 1403 267 261 Juni
4151 1403 233 261 1880.

4413 1500 243 150 No
4495 1500 243 150 146.

4415 1666 268 96 Josefina
4593 1666 201 96 Karoli¬-

4409 1746 132 167 na
4453 1746 331 167 Johansdotter.

2628 1544 286 236 Sedan
2819 1544 603 236 Bryggaredrängen
3326 1544 286 236 Johan
3517 1544 317 236 Olsson
3739 1544 286 236 Lind,
3929 1544 317 236 boende
4151 1544 159 236 i
4183 1544 222 236 huset

2479 1659 181 221 No
2569 1659 181 221 21
2660 1659 151 221 i
2721 1659 302 221 Westra
2932 1659 423 221 Brandtdala
3265 1659 423 221 Thorsdagen
3598 1659 212 221 den
3719 1659 181 221 24
3809 1659 181 221 ds
3900 1659 333 221 anmält,
4142 1659 212 221 att
4233 1659 181 221 der¬-

2474 1764 432 235 förutgångne
2820 1764 202 235 dag
2935 1764 144 235 i
2992 1764 259 235 köket
3165 1764 230 235 till
3309 1764 230 235 hans
3453 1764 288 235 bostad
3655 1764 230 235 från
3798 1764 259 235 honom
3971 1764 432 235 tillgripits
4288 1764 115 235 en

2476 1877 356 246 regnkappa
2750 1877 164 246 af
2832 1877 329 246 gråbrunt
3078 1877 329 246 ylletyg,
3325 1877 301 246 försedd
3544 1877 192 246 med
3653 1877 192 246 två
3763 1877 247 246 rader
3927 1877 411 246 öfverklädda
4229 1877 164 246 tyg¬-

2475 1975 340 233 knappar,
2730 1975 227 233 värd
2871 1975 170 233 15
2956 1975 312 233 Kronor,
3183 1975 170 233 en
3268 1975 567 233 klädningskjortel
3750 1975 170 233 af
3835 1975 425 233 brunrandigt
4147 1975 283 233 ylletyg,

2485 2113 244 198 värd
2637 2113 213 198 Två
2759 2113 305 198 Kronor
2972 2113 213 198 och
3094 2113 213 198 ett
3216 2113 427 198 cylinderur
3551 2113 183 198 af
3642 2113 701 198 Kompositionsmetall,
4221 2113 183 198 värd

2463 2196 155 201 5
2525 2196 341 201 Kronor;
2773 2196 248 201 samt
2928 2196 217 201 att
3052 2196 217 201 han
3176 2196 217 201 för
3300 2196 279 201 detta
3485 2196 403 201 tillgrepp
3795 2196 434 201 misstänkte
4136 2196 186 201 en
4198 2196 248 201 qvinna

2481 2320 218 196 vid
2605 2320 249 196 namn
2761 2320 373 196 Josefina
3041 2320 404 196 Johansson
3352 2320 249 196 från
3508 2320 373 196 Halland,
3788 2320 342 196 hvilken
4037 2320 280 196 några
4192 2320 218 196 dagar

2453 2425 256 179 bott
2613 2425 224 179 hos
2741 2425 288 179 Lind,
2933 2425 224 179 men
3061 2425 448 179 sistnämnde
3413 2425 224 179 dag
3540 2425 416 179 aflägsnat
3860 2425 224 179 sig
3988 2425 256 179 från
4148 2425 256 179 hans
4276 2425 160 179 bo¬-

2462 2533 276 231 stad;
2646 2533 184 231 så
2738 2533 276 231 hafva
2923 2533 644 231 Poliskonstaplarne
3475 2533 184 231 No
3567 2533 184 231 75
3659 2533 399 231 Petersson
3966 2533 215 231 och
4088 2533 184 231 91
4150 2533 276 231 Winberg

2480 2627 342 234 Tisdagen
2737 2627 200 234 den
2851 2627 171 234 29
2937 2627 257 234 sist.
3108 2627 228 234 Juni
3250 2627 171 234 kl
3336 2627 171 234 10
3421 2627 228 234 e.m.
3564 2627 342 234 anhållit
3821 2627 285 234 ogifta
4020 2627 342 234 Josefina
4248 2627 200 234 Kars¬-

2453 2755 253 213 lina
2611 2755 505 213 Johansdotter
3022 2755 253 213 från
3180 2755 253 213 Tölö
3337 2755 316 213 socken
3559 2755 158 213 i
3622 2755 379 213 Hallands
3906 2755 253 213 län,
4064 2755 347 213 hvilken
4285 2755 126 213 då

2463 2850 215 203 var
2586 2850 307 203 iklädd
2801 2850 461 203 målsegarens
3170 2850 400 203 regnkappa
3478 2850 215 203 och
3601 2850 461 203 brunrandiga
3939 2850 307 203 kjortel.

2567 2952 218 205 Wid
2691 2952 218 205 det
2816 2952 218 205 med
2940 2952 498 205 Johansdotter
3345 2952 156 205 i
3407 2952 405 205 anledning
3718 2952 280 205 häraf
3905 2952 405 205 anställda
4185 2952 249 205 förhör

2476 3060 220 223 har
2601 3060 220 223 han
2727 3060 440 223 uppgifvit,
3073 3060 220 223 att
3199 3060 220 223 han
3324 3060 220 223 den
3450 3060 189 223 16
3544 3060 283 223 sist.
3733 3060 251 223 Juni
3890 3060 314 223 kommit
4110 3060 220 223 hit
4204 3060 189 223 till

2446 3167 337 230 staden
2682 3167 236 230 och
2817 3167 270 230 bott
2986 3167 236 230 hos
3120 3167 472 230 Målsegaren
3491 3167 270 230 till
3660 3167 236 230 den
3794 3167 202 230 23
3895 3167 169 230 i
3963 3167 303 230 samma
4131 3167 270 230 månad,

2466 3280 216 239 att
2590 3280 216 239 han
2713 3280 278 239 under
2898 3280 278 239 denna
3083 3280 216 239 tid
3207 3280 278 239 köpt,
3392 3280 247 239 dels
3546 3280 185 239 af
3639 3280 463 239 Målseganden
4009 3280 216 239 ett
4102 3280 339 239 cylinder¬-

2452 3362 187 228 ur
2545 3362 187 228 af
2639 3362 405 228 nysilfver
2951 3362 218 228 för
3075 3362 249 228 fyra
3231 3362 312 228 Kronor
3449 3362 218 228 och
3574 3362 249 228 dels
3730 3362 187 228 af
3824 3362 249 228 hans
3979 3362 405 228 svägerska
4260 3362 187 228 Anna

2433 3512 320 202 Olsson
2657 3512 192 202 en
2753 3512 448 202 brunrandig
3106 3512 352 202 kjortel
3362 3512 224 202 för
3490 3512 256 202 fyra
3650 3512 352 202 Kronor,
3906 3512 256 202 samt
4067 3512 224 202 att
4195 3512 224 202 hon
4291 3512 128 202 på

2462 3594 353 225 morgon
2709 3594 317 225 samma
2920 3594 247 225 dag
3061 3594 247 225 han
3202 3594 459 225 aflägsnat
3555 3594 247 225 sig
3696 3594 282 225 från
3873 3594 529 225 Målsegarens
4261 3594 176 225 bo¬
