5166 4057
532 196 371 95 Fredrik
802 196 337 95 Wedin,
1038 196 337 95 boende
1274 196 169 95 i
1341 196 303 95 huset
1544 196 202 95 No
1645 196 202 95 14
1746 196 236 95 1/2
1881 196 236 95 vid
2015 196 438 95 Långgatan
2319 196 101 95 i

522 310 618 99 Landalabergen,
1037 310 240 99 för
1174 310 240 99 det
1311 310 206 99 de
1414 310 240 99 vid
1552 310 309 99 sagde
1758 310 240 99 tid
1895 310 172 99 å
1964 310 206 99 en
2032 310 378 99 handkärra

513 420 380 101 forslat
790 420 207 101 en
893 420 483 101 jerntacka,
1273 420 242 101 som
1411 420 380 101 Sjögren
1687 420 483 101 misstänkte
2066 420 242 101 dem
2204 420 311 101 hafva

537 526 437 109 tillgripit
880 526 281 109 jemte
1068 526 469 109 ytterligare
1443 526 219 109 två
1567 526 312 109 dylika
1786 526 312 109 tackor
2005 526 187 109 ur
2098 526 187 109 en
2192 526 156 109 å
2223 526 219 109 hamn¬-

527 626 336 111 banan
751 626 261 111 vid
900 626 410 111 Franska
1198 626 373 111 tomten
1459 626 410 111 stående
1720 626 560 111 jernvägsvagn.

650 728 239 107 Wid
786 728 239 107 det
923 728 239 107 med
1060 728 376 107 Hansson
1333 728 239 107 och
1470 728 307 107 Wedin
1675 728 171 107 i
1743 728 444 107 anledning
2084 728 307 107 häraf
2255 728 171 107 an¬-

531 836 361 105 ställde
794 836 328 105 förhör
1024 836 296 105 hafva
1221 836 197 105 de
1287 836 361 105 uppgifvit

528 914 206 133 1o
631 914 344 133 Wedin:
872 914 241 133 att
1009 914 241 133 han
1147 914 310 133 sagde
1354 914 241 133 dag
1491 914 206 133 på
1594 914 206 133 e.
1698 914 206 133 m.
1801 914 172 133 å
1870 914 379 133 Franska
2111 914 275 133 tomten

522 1031 639 135 sammanträffat
1049 1031 263 135 med
1199 1031 564 135 Säckbäraren
1650 1031 338 135 Johan
1876 1031 376 135 Berndt
2101 1031 301 135 Leyon,

532 1137 357 135 hvilken
791 1137 292 135 visat
986 1137 292 135 honom
1181 1137 227 135 två
1311 1137 487 135 jerntackor,
1700 1137 227 135 som
1830 1137 292 135 legat
2025 1137 162 135 i
2090 1137 195 135 en
2155 1137 227 135 sten¬-

506 1244 250 127 hög
649 1244 179 127 i
721 1244 429 127 närheten
1043 1244 215 127 af
1150 1244 465 127 posthuset
1508 1244 250 127 och
1651 1244 358 127 hvilka
1901 1244 322 127 Leyon
2080 1244 322 127 uppgif¬-

525 1356 232 127 vit
657 1356 232 127 sig
790 1356 298 127 hafva
989 1356 265 127 kort
1155 1356 298 127 förut
1354 1356 398 127 upptagit
1652 1356 199 127 ur
1751 1356 365 127 elfven;
2017 1356 232 127 att
2149 1356 199 127 de
2215 1356 133 127 en

528 1460 321 131 stund
742 1460 428 131 derefter
1064 1460 607 131 sammanträffat
1563 1460 250 131 med
1706 1460 428 131 Hansson,
2027 1460 393 131 hvilken
2277 1460 143 131 då

526 1564 214 121 af
633 1564 320 121 Leyon
847 1564 392 121 blifvit
1132 1564 392 121 anmodad
1417 1564 356 121 skaffa
1666 1564 214 121 en
1773 1564 499 121 handkärra,
2129 1564 249 121 hvil¬-

506 1662 252 127 ket
650 1662 324 127 denne
866 1662 252 127 ock
1010 1662 360 127 gjort,
1262 1662 180 127 i
1334 1662 252 127 det
1478 1662 252 127 han
1622 1662 216 127 af
1730 1662 216 127 en
1838 1662 540 127 månadskarl,
2234 1662 180 127 an¬-

518 1762 323 133 ställd
744 1762 226 133 hos
873 1762 1001 133 Bolagsvärdshusföreståndaren
1777 1762 194 133 N.
1874 1762 161 133 A
1938 1762 355 133 Löfvall
2196 1762 161 133 i
2229 1762 161 133 hu¬-

510 1878 238 125 set
646 1878 204 125 No
748 1878 170 125 1
816 1878 238 125 vid
952 1878 442 125 Sillgatan
1292 1878 306 125 lånat
1496 1878 204 125 en
1598 1878 340 125 dylik;
1836 1878 238 125 att
1972 1878 374 125 Hansson
2210 1878 170 125 och

523 1992 293 123 Leyon
719 1992 391 123 derefter
1013 1992 391 123 begifvit
1306 1992 228 123 sig
1436 1992 261 123 till
1599 1992 228 123 den
1730 1992 326 123 plats,
1958 1992 228 123 der
2056 1992 326 123 jerntac¬-

526 2094 342 139 korna
754 2094 380 139 legat,
1020 2094 494 139 hvarefter
1400 2094 342 139 Wedin
1628 2094 304 139 åter
1780 2094 570 139 sammanträffat

525 2194 270 146 med
680 2194 270 146 dem
834 2194 347 146 bakom
1065 2194 539 146 posthuset,
1488 2194 270 146 der
1642 2194 578 146 handkärran,
2066 2194 308 146 hvarpå

529 2313 467 124 jerntackan
896 2313 334 124 legat,
1129 2313 200 124 då
1230 2313 334 124 stått;
1463 2313 267 124 samt
1630 2313 234 124 att
1764 2313 367 124 Hansson
2031 2313 334 124 dervid
2231 2313 167 124 an¬-

525 2409 318 138 modat
737 2409 318 138 honom
949 2409 318 138 draga
1161 2409 530 138 handkärran,
1585 2409 389 138 hvilket
1868 2409 247 138 han
2009 2409 247 138 ock
2115 2409 283 138 gjort,

511 2519 385 119 hvarvid
791 2519 245 119 han
931 2519 385 119 blifvit
1211 2519 210 119 af
1316 2519 630 119 Stationskarlen
1841 2519 385 119 Sjögren
2086 2519 280 119 anhål¬-

525 2625 243 113 len
664 2625 243 113 och
803 2625 521 113 öfverlemnad
1221 2625 278 113 till
1394 2625 209 113 en
1499 2625 661 113 Poliskonstapel;
2020 2625 174 113 och

526 2730 213 117 2o
633 2730 427 117 Hansson:
953 2730 249 117 att
1096 2730 285 117 han,
1274 2730 213 117 på
1380 2730 285 117 sätt
1558 2730 320 117 Wedin
1772 2730 498 117 uppgifvit,
2163 2730 213 117 på
2234 2730 178 117 an¬-

515 2830 354 121 modan
751 2830 236 121 af
869 2830 354 121 Leyon
1104 2830 433 121 skaffat
1419 2830 354 121 denne
1655 2830 236 121 en
1773 2830 550 121 handkärra,
2166 2830 236 121 samt

526 2948 264 111 att
677 2948 264 111 han
828 2948 226 111 ej
941 2948 302 111 eger
1130 2948 339 111 någon
1356 2948 453 111 kännedom
1695 2948 226 111 om
1808 2948 566 111 tillgreppet
2223 2948 151 111 af

524 3058 443 111 tackorna,
865 3058 204 111 ej
967 3058 341 111 heller
1205 3058 375 111 afvetat
1478 3058 409 111 hvartill
1785 3058 341 111 kärran
2023 3058 341 111 skulle
2228 3058 170 111 an¬-

484 3194 360 79 vändas.

613 3252 548 123 Säckbäraren
1052 3252 329 123 Johan
1271 3252 365 123 Berndt
1526 3252 365 123 Leyon,
1782 3252 256 123 som
1928 3252 256 123 bor
2074 3252 183 123 i
2110 3252 256 123 huset

505 3362 211 119 No
610 3362 211 119 26
716 3362 247 119 1/2
857 3362 247 119 vid
998 3362 458 119 Långgatan
1350 3362 176 119 i
1421 3362 634 119 Landalabergen,
1949 3362 176 119 i
1984 3362 388 119 anledning

521 3474 317 111 häraf
732 3474 317 111 hörd,
944 3474 247 111 har
1084 3474 423 111 förnekat
1402 3474 317 111 såväl
1613 3474 317 111 Wedin
1824 3474 247 111 och
1965 3474 388 111 Hansson
2212 3474 176 111 be¬-

502 3574 470 119 rättelser
863 3574 181 119 i
936 3574 289 119 hvad
1116 3574 325 119 honom
1333 3574 434 119 anginge,
1659 3574 253 119 som
1803 3574 253 119 ock
1948 3574 253 119 all
2056 3574 362 119 kännedom

506 3680 225 117 om
619 3680 563 117 ifrågakomne
1070 3680 526 117 tillgrepp,
1483 3680 338 117 under
1708 3680 451 117 uppgift,
2046 3680 263 117 att
2158 3680 188 117 han

2678 248 538 120 ifrågakomne
3108 248 323 120 afton
3323 248 287 120 icke
3503 248 251 120 ens
3646 248 323 120 varit
3861 248 179 120 i
3933 248 430 120 sällskap
4255 248 251 120 med
4363 248 215 120 dem.

2818 360 264 124 Wid
2969 360 264 124 den
3120 360 226 124 af
3232 360 339 124 Wedin
3458 360 452 124 uppgifne
3797 360 489 124 stenhögen
4174 360 264 124 har
4286 360 264 124 åter¬-

2680 468 396 140 funnits
2968 468 216 140 en
3076 468 503 140 jerntacka,
3471 468 467 140 hvarjemte
3831 468 216 140 en
3939 468 324 140 dylik
4118 468 432 140 påträffats

2686 590 172 136 i
2754 590 481 136 Portgången
3132 590 275 136 till
3304 590 309 136 huset
3511 590 206 136 No
3614 590 172 136 2
3682 590 241 136 vid
3786 590 412 136 Sillgatan.

2806 684 569 134 Jerntackorna
3269 684 320 134 hafva
3483 684 463 134 befunnits
3839 684 427 134 tillhöra
4123 684 463 134 Handelsfir¬-

2664 792 241 158 man
2801 792 206 158 A.
2904 792 378 158 Fröding
3179 792 172 158 &
3248 792 241 158 Co,
3385 792 241 158 som
3523 792 241 158 har
3660 792 275 158 sitt
3832 792 344 158 kontor
4073 792 172 158 i
4142 792 309 158 huset
4348 792 206 158 No
4417 792 137 158 13

2681 946 247 110 vid
2787 946 599 110 Drottninggatan.

2848 1006 238 142 På
2967 1006 357 142 grund
3205 1006 238 142 af
3324 1006 317 142 hvad
3522 1006 436 142 sålunda
3839 1006 594 142 förekommit,
4275 1006 277 142 komma

2687 1108 351 170 August
2933 1108 351 170 Gustaf
3179 1108 422 170 Hansson,
3495 1108 351 170 Gustaf
3741 1108 386 170 Fredrik
4022 1108 316 170 Wedin
4233 1108 246 170 och
4338 1108 246 170 Johan

2660 1238 402 166 Berndt
2941 1238 362 166 Leyon
3183 1238 282 166 att
3344 1238 362 166 denna
3585 1238 282 166 dag
3746 1238 282 166 för
3907 1238 282 166 PKn
4027 1238 483 166 inställas.

3094 1367 474 131 Göteborg
3449 1367 276 131 den
3607 1367 237 131 25
3725 1367 474 131 Februari
4041 1367 276 131 1880.

4566 1453 236 54 No
4644 1453 197 54 41.

4563 1582 204 61 Frans
4699 1582 204 61 Johan
4813 1582 181 61 Björk-

4516 1667 203 51 lund.

2809 1516 184 96 I
2883 1516 220 96 P.
2993 1516 220 96 U.
3103 1516 220 96 No
3213 1516 220 96 72
3323 1516 220 96 A.
3433 1516 220 96 p.
3507 1516 110 96 1

3560 1419 219 85 för
3685 1419 219 85 den
3810 1419 188 85 19
3872 1419 188 85 Juni

3616 1469 229 112 1879
3760 1469 201 112 har
3874 1469 487 112 Stadsfiskalen
4275 1469 172 112 P.
4333 1469 229 112 Ceder¬-

2700 1578 254 168 borg
2859 1578 159 168 i
2923 1578 413 168 Stockholm
3240 1578 286 168 låtit
3431 1578 413 168 efterlysa
3748 1578 286 168 förre
3907 1578 603 168 Bokbinderiarbeta¬-

2707 1721 259 125 ren
2855 1721 259 125 och
3003 1721 407 125 Kyparen
3300 1721 333 125 Frans
3522 1721 333 125 Johan
3744 1721 519 125 Björklund,
4152 1721 259 125 som
4263 1721 259 125 miss¬-

2695 1881 329 88 tänkt
2915 1881 256 88 att
3061 1881 256 88 den
3171 1881 146 88 14

3262 1803 204 49 i
3344 1803 368 49 sagde
3548 1803 286 49 månad

3826 1810 219 75 då
3936 1810 256 75 han
4082 1810 402 75 afvikit
4339 1810 219 75 från

2717 1888 430 194 tillfällig
3055 1888 307 194 bostad
3271 1888 154 194 i
3332 1888 277 194 huset
3517 1888 184 194 No
3609 1888 184 194 40
3701 1888 215 194 vid
3824 1888 553 194 Jerntorgsgatan
4285 1888 154 194 i
4316 1888 246 194 Stock¬-

2704 2004 309 186 holm,
2910 2004 309 186 hafva
3116 2004 481 186 tillgripit
3493 2004 206 186 en
3596 2004 309 186 rock,
3803 2004 240 186 som
3940 2004 446 186 sedermera
4249 2004 309 186 anträf¬-

2713 2096 247 192 fat
2854 2096 247 192 hos
2995 2096 212 192 en
3101 2096 494 192 Pantlånare
3489 2096 177 192 i
3560 2096 494 192 Stockholm,
3948 2096 388 192 varande
4231 2096 212 192 af
4302 2096 282 192 Stads¬-

2706 2202 413 202 fiskalen
3015 2202 447 202 Cederborg
3359 2202 378 202 begärdt
3634 2202 241 202 att
3771 2202 447 202 Björklund
4115 2202 309 202 måtte
4287 2202 275 202 efter¬-

2705 2336 368 174 spanas,
2972 2336 268 174 och,
3139 2336 201 174 om
3240 2336 234 174 han
3374 2336 368 174 erkände
3641 2336 401 174 stölden,
3909 2336 301 174 häktas.

2830 2434 445 178 Sistlidne
3172 2434 342 178 gårdag
3412 2434 240 178 har
3549 2434 753 178 detektivKonstapeln
4200 2434 205 178 C.
4302 2434 205 178 G.
4371 2434 171 178 An¬-

2702 2565 274 158 drén
2873 2565 239 158 här
3010 2565 171 158 i
3078 2565 342 158 staden
3317 2565 410 158 anhållit
3625 2565 376 158 bemälde
3898 2565 308 158 Frans
4104 2565 308 158 Johan
4274 2565 274 158 Björk¬-

2711 2737 299 119 lund,
2910 2737 233 119 som
3010 2737 166 119 vid

3140 2679 173 62 det

3190 2630 270 174 med
3344 2630 347 174 honom
3575 2630 193 174 i
3652 2630 501 174 anledning
4037 2630 347 174 häraf
4229 2630 385 174 anstäldt

2697 2758 352 210 förhör
2943 2758 352 210 erkänt
3189 2758 527 210 tillgreppet
3611 2758 211 210 af
3716 2758 527 210 ifrågakomne
4138 2758 316 210 rock,
4314 2758 176 210 som

2693 2906 231 168 han
2825 2906 396 168 derefter
3122 2906 396 168 pantsatt
3419 2906 231 168 för
3551 2906 198 168 15
3617 2906 165 168 kr.

2798 2986 241 184 På
2918 2986 361 184 grund
3159 2986 241 184 af
3279 2986 281 184 vad
3439 2986 441 184 sålunda
3760 2986 601 184 förekommit,
4201 2986 321 184 kommer

2723 3080 316 218 Frans
2934 3080 316 218 Johan
3145 3080 492 218 Björklund,
3531 3080 246 218 som
3672 3080 211 218 är
3777 3080 281 218 född
3953 3080 246 218 den
4093 3080 176 218 8
4163 3080 281 218 Juni
4339 3080 281 218 1860

2724 3198 152 206 i
2784 3198 394 206 Stockholm
3088 3198 212 206 och
3209 3198 334 206 sednast
3452 3198 364 206 tillhört
3725 3198 758 206 Storkyrkoförsamlingen
4362 3198 364 206 derstädes,

2709 3336 270 170 att
2864 3336 347 170 denna
3095 3336 270 170 dag
3249 3336 270 170 för
3404 3336 656 170 Poliskammaren
3905 3336 463 170 inställas.

3022 3465 435 112 Göteborg
3348 3465 254 112 den
3493 3465 218 112 26
3602 3465 435 112 Februari
3892 3465 254 112 1880.

4568 3556 254 57 No
4652 3556 212 57 42.

4545 3676 305 70 Johan
4715 3676 271 70 Knuts¬-

4544 3741 315 74 son
4679 3741 270 74 From

2824 3588 562 162 Skomakaren
3265 3588 241 162 J.
3386 3588 442 162 Friberg
3707 3588 401 162 boende
3988 3588 201 162 i
4068 3588 241 162 f.
4189 3588 201 162 d
4229 3588 321 162 Bruks¬-

2681 3726 410 122 patron
2968 3726 410 122 Noréns
3256 3726 287 122 hus
3420 3726 205 122 i
3502 3726 452 122 Mölndal
3830 3726 287 122 har
3994 3726 493 122 Tisdagen
4323 3726 205 122 den
