5099 4059
143 296 282 108 No
237 296 235 108 56.

145 425 244 109 John
268 425 244 109 Werner

658 335 547 86 Följande
1068 335 547 86 personer
1478 335 410 86 hafva
1706 335 410 86 anmält:

541 443 212 124 1o
647 443 777 124 Skrädderiarbetaren
1317 443 282 124 Carl
1494 443 424 124 Carlsson
1811 443 388 124 anstäld
2094 443 247 124 hos
2200 443 282 124 Skräd¬-

527 537 547 111 derifirman
957 537 430 111 Ahlblad
1270 537 195 111 &
1348 537 469 111 Groeger,
1700 537 274 111 som
1856 537 274 111 har
2012 537 352 111 butik
2247 537 195 111 i

512 634 359 105 huset
752 634 239 105 No
871 634 239 105 43
991 634 279 105 vid
1151 634 359 105 Östra
1390 634 559 105 Hamngatan,
1829 634 279 105 att
1989 634 319 105 från
2149 634 279 105 honom

517 724 285 101 den
680 724 244 101 12
802 724 367 101 eller
1047 724 244 101 13
1169 724 489 101 December
1535 724 367 101 sist.
1780 724 244 101 år
1902 724 244 101 ur
1983 724 489 101 verkstaden

532 822 466 94 derstädes
891 822 538 94 tillgripits
1321 822 251 94 ett
1464 822 251 94 par
1608 822 574 94 svartrandiga
2038 822 430 94 faconerade

539 912 370 70 byxor
786 912 247 70 af
909 912 535 70 korderoj,
1321 912 370 70 värde
1567 912 247 70 15
1650 912 370 70 kronor.

508 1011 254 101 2o
635 1011 847 101 Skräddarmästaren
1355 1011 254 101 J.
1482 1011 466 101 Lundin,
1821 1011 297 101 som
1990 1011 297 101 har
2117 1011 297 101 butik

518 1103 192 93 i
594 1103 346 93 huset
825 1103 231 93 No
941 1103 231 93 48
1056 1103 269 93 vid
1210 1103 538 93 Kungsgatan
1633 1103 269 93 att
1787 1103 423 93 inbrott
2094 1103 269 93 vid
2210 1103 192 93 tre

541 1194 484 94 särskilda
913 1194 522 94 tillfällen
1323 1194 484 94 derstädes
1696 1194 522 94 föröfvats,
2069 1194 335 94 hvarvid

518 1289 399 103 dörren
797 1289 319 103 till
997 1289 439 103 butiken
1316 1289 439 103 oppnats
1635 1289 279 103 med
1794 1289 319 103 dyrk
1994 1289 359 103 eller
2193 1289 279 103 falsk

519 1392 386 88 nyckel
790 1392 270 88 och
944 1392 232 88 ur
1060 1392 425 88 butiken
1369 1392 579 88 tillgripits
1833 1392 502 88 nemligen:
2180 1392 232 88 dels

540 1474 417 94 natten
832 1474 459 94 emellan
1166 1474 501 94 antingen
1542 1474 292 94 den
1708 1474 250 94 13
1834 1474 292 94 och
2001 1474 250 94 14
2084 1474 292 94 eller

551 1562 234 98 14
668 1562 273 98 och
824 1562 234 98 15
941 1562 351 98 sist.
1175 1562 468 98 December
1527 1562 195 98 3
1605 1562 273 98 3/4
1761 1562 351 98 alnar
1995 1562 351 98 blått
2190 1562 234 98 kom¬-

536 1665 479 80 miskläde
895 1665 359 80 värdt
1135 1665 200 80 6
1215 1665 399 80 kronor
1494 1665 359 80 alnen
1733 1665 279 80 och
1893 1665 200 80 2
1973 1665 279 80 1/2
2093 1665 279 80 alnar

540 1749 268 98 grå
693 1749 498 98 korderoj,
1076 1749 345 98 värdt
1306 1749 191 98 5
1382 1749 383 98 kronor
1650 1749 383 98 alnen,
1918 1749 383 98 hvilka
2148 1749 268 98 tyger

499 1837 485 95 afrifvits
872 1837 224 95 af
984 1837 373 95 större
1245 1837 187 95 i
1320 1837 411 95 butiken
1618 1837 448 95 liggande
1917 1837 485 95 tygstycken,

510 1923 350 97 dels
729 1923 438 97 natten
1036 1923 482 97 emellan
1386 1923 307 97 den
1562 1923 263 97 15
1693 1923 307 97 och
1868 1923 263 97 16
2000 1923 219 97 i
2043 1923 307 97 samma

506 2010 400 87 månad
772 2010 267 87 en
906 2010 267 87 så
1039 2010 444 87 kallad
1350 2010 622 87 ulsterrock
1839 2010 267 87 af
1928 2010 444 87 gråmele¬-

516 2100 333 101 radt
725 2100 625 101 stornoppigt
1225 2100 500 101 velurtyg
1600 2100 333 101 värd
1808 2100 250 101 50
1934 2100 417 101 kronor
2184 2100 208 101 och

518 2190 320 128 dels
718 2190 360 128 någon
958 2190 240 128 af
1077 2190 480 128 nätterna
1437 2190 320 128 till
1637 2190 280 128 den
1797 2190 200 128 7
1877 2190 360 128 eller
2116 2190 200 128 9
2156 2190 320 128 Febru¬-

496 2287 297 104 ari
665 2287 254 104 då
792 2287 424 104 jemväl
1089 2287 297 104 ett
1259 2287 212 104 å
1344 2287 424 104 dörren
1641 2287 509 104 särskilt
1980 2287 424 104 tillsatt

519 2377 490 104 hänglås
876 2377 490 104 blifvit
1233 2377 535 104 upplåst,
1634 2377 267 104 en
1767 2377 446 104 gammal
2079 2377 312 104 blå
2213 2377 223 104 ka¬-

501 2473 342 88 vaj
697 2473 391 88 värd
941 2473 245 88 6
1039 2473 489 88 kronor
1382 2473 294 88 en
1528 2473 489 88 mindre
1822 2473 538 88 gossjacka

554 2568 240 99 af
674 2568 280 99 grå
834 2568 479 99 korderoj
1193 2568 320 99 värd
1393 2568 200 99 2
1473 2568 400 99 kronor
1753 2568 280 99 och
1913 2568 280 99 ett
2072 2568 280 99 par
2192 2568 280 99 byxor

544 2660 249 89 af
669 2660 291 89 grå
835 2660 499 89 korderoj
1209 2660 374 89 värde
1459 2660 208 89 6
1500 2660 374 89 kronor;

543 2765 272 90 3o
679 2765 861 90 Skrädderifirman
1403 2765 498 90 Ahlblad
1766 2765 227 90 &
1856 2765 498 90 Groeger
2174 2765 227 90 som

522 2877 306 90 har
697 2877 394 90 butik
960 2877 219 90 i
1047 2877 394 90 huset
1310 2877 263 90 No
1441 2877 263 90 43
1573 2877 306 90 vid
1748 2877 394 90 Östra
1967 2877 481 90 Hamngatan

512 2982 264 92 att
663 2982 264 92 vid
814 2982 340 92 något
1041 2982 491 92 tillfälle
1418 2982 189 92 i
1494 2982 378 92 början
1758 2982 227 92 af
1871 2982 378 92 sistl.
2098 2982 264 92 Febr.

513 3069 403 118 månad
782 3069 269 118 ur
916 3069 492 118 butiken
1274 3069 671 118 tillgripits
1811 3069 313 118 ett
1990 3069 313 118 par
2125 3069 313 118 mörk¬-

513 3169 316 114 blå
693 3169 316 114 nya
874 3169 406 114 byxor
1145 3169 406 114 värde
1415 3169 271 114 20
1551 3169 496 114 kronor,
1912 3169 316 114 att
2047 3169 361 114 natten

496 3276 526 111 emellan
879 3276 335 111 den
1070 3276 287 111 15
1214 3276 335 111 och
1405 3276 287 111 16
1549 3276 239 111 i
1644 3276 431 111 samma
1932 3276 431 111 månad
2171 3276 239 111 in¬-

503 3370 384 115 brott
759 3370 213 115 i
845 3370 470 115 butiken
1186 3370 555 115 föröfvats
1613 3370 470 115 medelst
1954 3370 384 115 falsk
2168 3370 256 115 nyc¬-

510 3470 268 98 kel
663 3470 344 98 eller
892 3470 344 98 dyrk,
1122 3470 421 98 hvarvid
1428 3470 574 98 tillgripits
1887 3470 230 98 en
1963 3470 421 98 vinteröf¬-

497 3572 448 100 verrock
823 3572 244 100 af
945 3572 285 100 blå
1108 3572 448 100 doffel,
1434 3572 326 100 värd
1638 3572 244 100 20
1760 3572 448 100 kronor,
2086 3572 285 100 ett
2208 3572 204 100 par

490 3659 311 89 nya
667 3659 488 89 mörkgrå
1022 3659 444 89 byxor,
1333 3659 399 89 värde
1599 3659 266 89 20
1732 3659 444 89 kronor
2043 3659 311 89 och
2176 3659 222 89 två

2724 299 292 98 nya
2891 299 418 98 västar
3184 299 376 98 värde
3434 299 209 98 5
3518 299 418 98 kronor
3810 299 459 98 stycket
4144 299 334 98 samt
4311 299 209 98 att

2699 409 555 102 tjufvarne
3126 409 299 102 för
3297 409 299 102 att
3468 409 299 102 dit
3639 409 470 102 inkomma
3980 409 384 102 först
4236 409 427 102 öppnat

2674 507 443 104 dörren
2984 507 354 104 till
3205 507 620 104 verkstaden
3692 507 310 104 som
3869 507 266 104 är
4002 507 487 104 belägen
4312 507 266 104 inåt

2680 613 463 96 gården
3004 613 324 96 och
3189 613 556 96 derefter
3606 613 324 96 två
3791 613 370 96 från
3976 613 556 96 verkstaden

2656 713 366 88 till
2885 713 503 88 butiken
3251 713 503 88 ledande
3571 713 411 88 dörrar.

2697 821 272 88 4o
2833 821 772 88 Handelsfirman
3468 821 545 88 Hagström
3877 821 318 88 och
4059 821 545 88 Hallgren
4422 821 136 88 i

2706 924 361 89 deras
2947 924 1043 89 skrädderilokalverkstad
3870 924 201 89 i
3950 924 361 89 huset
4191 924 241 89 No
4311 924 241 89 38
4391 924 201 89 vid

2708 1020 416 81 Östra
2985 1020 601 81 Hamngatan
3448 1020 509 81 inbrott
3818 1020 601 81 föröfvats
4234 1020 370 81 natten

2721 1119 311 91 till
2915 1119 272 91 den
3071 1119 233 91 14
3187 1119 388 91 sistl.
3459 1119 388 91 Febr.,
3731 1119 427 91 hvarvid
4041 1119 388 91 dörren
4275 1119 350 91 öppnats

2715 1201 288 115 med
2880 1201 371 115 falsk
3127 1201 412 115 nyckel
3415 1201 371 115 eller
3662 1201 330 115 dyrk
3868 1201 288 115 och
4033 1201 247 115 ur
4116 1201 494 115 verkstaden

2700 1293 663 117 tillgripits
3230 1293 265 117 en
3363 1293 707 117 sommarsartut
3937 1293 265 117 af
4070 1293 398 117 mörkt
4291 1293 309 117 tunnt

2718 1385 502 121 meleradt
3095 1385 460 121 ylletyg
3430 1385 335 121 värd
3639 1385 251 121 30
3765 1385 419 121 kronor
4058 1385 293 121 och
4225 1385 293 121 ett
4351 1385 209 121 par

2721 1477 455 119 svarta
3039 1477 409 119 byxor
3312 1477 409 119 värde
3584 1477 273 119 18
3721 1477 500 119 kronor;
4039 1477 273 119 samt

2700 1589 274 107 5o
2837 1589 639 107 Handlanden
3339 1589 274 107 F.
3476 1589 685 107 Jerichover,
4024 1589 320 107 som
4207 1589 320 107 har
4344 1589 228 107 bu¬-

2705 1673 286 115 tik
2869 1673 205 115 i
2951 1673 368 115 huset
3196 1673 245 115 No
3319 1673 205 115 7
3401 1673 286 115 vid
3564 1673 614 115 Husargatan,
4055 1673 286 115 att
4178 1673 368 115 inbrott

2734 1750 384 130 natten
3002 1750 307 130 till
3194 1750 269 130 den
3348 1750 230 130 19
3463 1750 384 130 sistl.
3732 1750 345 130 Febr.
3962 1750 499 130 föröfvats
4346 1750 192 130 i
4384 1750 192 130 bu¬-

2707 1852 434 122 tiken,
3010 1852 478 122 hvarvid
3358 1852 347 122 dels
3575 1852 391 122 låset
3835 1852 217 122 å
3922 1852 434 122 dörren
4226 1852 347 122 till
4400 1852 260 122 går¬-

2714 1942 325 132 den
2899 1942 603 132 utskurits
3363 1942 325 132 och
3548 1942 278 132 en
3687 1942 371 132 låda
3919 1942 371 132 inne
4151 1942 232 132 å
4197 1942 371 132 disken

2724 2033 660 143 uppbrutits,
3252 2033 352 143 samt
3472 2033 264 143 ur
3604 2033 396 143 lådan
3868 2033 660 143 tillgripits
4352 2033 308 143 elfva

2690 2132 530 157 stycken
3075 2132 337 157 nya
3268 2132 674 157 silfverur,
3797 2132 433 157 värde
4038 2132 626 157 tillsammans

2691 2239 315 126 219
2871 2239 450 126 kronor
3186 2239 315 126 och
3367 2239 360 126 dels
3592 2239 270 126 en
3727 2239 360 126 dörr
3952 2239 360 126 till
4178 2239 270 126 en
4268 2239 360 126 skrubb

2703 2335 227 134 i
2793 2335 589 134 förstugan
3247 2335 499 134 blifvit
3609 2335 589 134 uppbruten
4063 2335 317 134 och
4244 2335 317 134 der
4380 2335 272 134 til¬-

2700 2443 590 120 gripits
3130 2443 268 120 5
3237 2443 376 120 par
3451 2443 966 120 gummigaloscher
4202 2443 376 120 värde

2696 2547 309 88 1
2820 2547 555 88 Krona
3128 2547 494 88 paret.

2761 2673 402 108 Sedan
3030 2673 268 108 af
3164 2673 715 108 ofvanberörde
3745 2673 626 108 tillgripne
4192 2673 402 108 persed¬-

2721 2779 317 120 lar
2902 2779 678 120 återfunnits
3444 2779 633 120 pantsatta,
3896 2779 724 120 skrädderiarbe¬-

2722 2888 418 102 taren
3000 2888 372 102 Carl
3233 2888 604 102 Carlssons
3697 2888 418 102 byxor
3976 2888 325 102 den
4162 2888 279 102 13
4301 2888 232 102 å
4348 2888 232 102 Ma¬-

2718 2976 460 102 jornas
3040 2976 552 102 Allmänna
3454 2976 1012 102 Pantlåneinrättning
4328 2976 230 102 i
4374 2976 230 102 hu¬-

2701 3073 302 144 set
2873 3073 259 144 No
3003 3073 259 144 44
3132 3073 302 144 vid
3304 3073 604 144 Husargatan
3779 3073 302 144 för
3951 3073 216 144 6
4037 3073 474 144 kronor,
4339 3073 345 144 skräd¬-

2695 3161 637 138 daremäst.
3185 3161 539 138 Lundins
3577 3161 343 138 grå
3772 3161 588 138 korderoj
4164 3161 392 138 stycke

2685 3262 312 138 den
2864 3262 267 138 15
2997 3262 223 138 å
3087 3262 713 138 ofvanberörde
3666 3262 446 138 kontor
3978 3262 312 138 för
4156 3262 223 138 5
4201 3262 401 138 kronor,

2693 3363 344 118 det
2889 3363 344 118 blå
3086 3363 786 118 kommisklädet
3724 3363 442 118 samma
4019 3363 344 118 dag
4215 3363 344 118 och
4363 3363 147 118 å

2705 3454 445 149 nämnde
3017 3454 445 149 bolags
3329 3454 445 149 kontor
3640 3454 223 149 i
3729 3454 401 149 huset
3996 3454 267 149 No
4130 3454 267 149 39
4263 3454 312 149 vid
4397 3454 267 149 Bre¬-

2709 3556 258 137 da
2838 3556 388 137 vägen
3097 3556 301 137 för
3269 3556 215 137 6
3355 3556 474 137 kronor,
3700 3556 689 137 Ulsterrocken
4259 3556 301 137 den
4389 3556 215 137 16,

2687 3653 372 124 allt
2920 3653 233 124 i
3013 3653 465 124 sistl.
3339 3653 558 124 December
3757 3653 465 124 månad,
4083 3653 326 124 hos
4222 3653 326 124 pant¬
