5000 4061
436 193 259 196 att
584 193 481 196 Alexander
954 193 407 196 Larsson
1250 193 222 196 då
1361 193 370 196 frågat
1621 193 296 196 Käck
1806 193 222 196 om
1917 193 259 196 han
2065 193 333 196 ville
2250 193 185 196 "gå

458 332 235 170 med
593 332 201 170 på
693 332 201 170 en
794 332 369 170 affär",
1062 332 402 170 hvartill
1364 332 302 170 denne
1565 332 335 170 jakat,
1800 332 235 170 men
1934 332 335 170 begärt
2168 332 235 170 att
2269 332 134 170 få

433 461 264 175 veta
598 461 264 175 hvad
763 461 231 175 det
894 461 264 175 vore
1059 461 231 175 för
1191 461 198 175 en
1290 461 329 175 affär;
1520 461 231 175 att
1652 461 297 175 Alex.
1850 461 362 175 Larsson
2113 461 198 175 då
2179 461 231 175 anmo¬-

442 543 246 186 dat
582 543 281 186 Käck
758 543 316 186 följa
968 543 246 186 med
1109 543 281 186 sig;
1284 543 175 186 i
1354 543 456 186 anledning
1705 543 351 186 hvaraf
1951 543 281 186 Käck
2126 543 175 186 i
2161 543 246 186 säll¬-

440 682 270 185 skap
609 682 237 185 med
744 682 304 185 Alex.
947 682 372 185 Larsson
1218 682 237 185 och
1353 682 372 185 åtföljd
1623 682 203 185 af
1725 682 439 185 Svensson,
2063 682 304 185 Anton
2232 682 169 185 Ro¬-

447 798 257 181 bert
607 798 353 181 Larsson
864 798 257 181 samt
1025 798 450 181 Zachrisson
1378 798 385 181 begifvit
1667 798 225 181 sig
1796 798 225 181 upp
1924 798 225 181 för
2021 798 417 181 Hästbacken,

439 924 250 147 der
582 924 214 147 de
689 924 393 147 stannat
975 924 286 147 midt
1153 924 393 147 framför
1439 924 607 147 invalidhuset;
1938 924 250 147 att
2045 924 393 147 Alexander

459 1000 358 201 Larsson
720 1000 228 201 då,
850 1000 293 201 under
1045 1000 390 201 yttrande
1337 1000 228 201 att
1468 1000 228 201 han
1598 1000 325 201 ansåge
1825 1000 455 201 Zachersson
2150 1000 293 201 "släng¬-

455 1163 345 154 dare";
697 1163 276 154 bedt
870 1163 311 154 denne
1077 1163 276 154 taga
1250 1163 276 154 fram
1388 1163 173 154 det

830 1116 311 80 föremål,
1064 1116 182 80 som
1167 1116 182 80 med
1271 1116 182 80 den
1375 1116 441 80 ifrågavarande
1738 1116 337 80 "affären"
1972 1116 233 80 afsåges

1548 1100 284 202 samt
1726 1100 320 202 sjelf
1939 1100 391 202 stannat
2224 1100 178 202 å
2259 1100 178 202 vä¬-

457 1236 242 179 gen
596 1236 242 179 och
734 1236 381 179 pekande
1011 1236 242 179 med
1150 1236 346 179 handen
1392 1236 208 179 åt
1496 1236 589 179 invalidhuset,
1981 1236 242 179 för
2085 1236 346 179 Zachris¬-

454 1335 217 179 son
578 1335 342 179 utvisat
827 1335 373 179 stället,
1106 1335 217 179 der
1230 1335 404 179 föremålet
1541 1335 279 179 varit
1727 1335 310 179 gömdt;
1944 1335 217 179 att
2037 1335 373 179 Zachrisson

453 1450 312 177 dervid
671 1450 250 177 gått
828 1450 281 177 öfver
1015 1450 375 177 vägdiket
1296 1450 250 177 till
1453 1450 500 177 invalidhuset
1859 1450 219 177 och
1984 1450 250 177 från
2140 1450 187 177 en
2203 1450 187 177 der¬-

458 1572 285 186 invid
648 1572 412 186 befintlig
965 1572 475 186 nässelbuske
1345 1572 412 186 framtagit
1662 1572 190 186 en
1757 1572 475 186 kaffekittel
2138 1572 190 186 af
2201 1572 190 186 kop¬-

452 1664 271 177 par;
621 1664 237 177 att
757 1664 305 177 sedan
960 1664 474 177 Zachrisson
1332 1664 440 177 återvändt
1671 1664 237 177 ned
1806 1664 271 177 till
1976 1664 339 177 vägen,
2179 1664 203 177 Käck

428 1784 273 150 till
598 1784 307 150 honom
803 1784 341 150 lemnat
1041 1784 238 150 den
1177 1784 409 150 halsduk,
1484 1784 170 150 i
1552 1784 375 150 hvilken
1825 1784 477 150 Zachrisson
2165 1784 273 150 inknu¬-

443 1889 245 181 tit
583 1889 420 181 kitteln,
898 1889 455 181 hvarefter
1249 1889 245 181 han
1389 1889 350 181 lemnat
1634 1889 350 181 knytet
1879 1889 280 181 till
2055 1889 315 181 Anton
2230 1889 210 181 Robt

453 1988 412 200 Larsson;
762 1988 241 200 att
899 1988 275 200 Käck
1071 1988 344 200 dervid
1312 1988 275 200 hört
1483 1988 447 200 Alexander
1827 1988 378 200 Larsson
2102 1988 275 200 till
2239 1988 172 200 ho¬-

467 2130 239 155 nom
603 2130 307 155 yttra
808 2130 273 155 "tag
978 2130 273 155 hvad
1148 2130 204 155 du
1251 2130 239 155 kan
1387 2130 273 155 få",
1557 2130 273 155 samt
1728 2130 239 155 att
1864 2130 341 155 Robert
2068 2130 307 155 Larsson

451 2215 199 150 då
550 2215 298 150 först
749 2215 265 150 till
915 2215 199 150 en
1014 2215 365 150 qvinna,
1280 2215 232 150 som
1412 2215 332 150 idkade
1644 2215 332 150 handel
1877 2215 265 150 från
2042 2215 232 150 ett
2175 2215 166 150 i
2208 2215 199 150 när¬-

431 2321 297 200 heten
629 2321 198 200 af
728 2321 430 200 jernvågen
1059 2321 463 200 befintligt
1423 2321 297 200 bord,
1621 2321 264 200 sökt
1786 2321 297 200 sälja
1984 2321 364 200 kitteln
2216 2321 165 200 och

453 2437 205 140 då
555 2437 308 140 detta
761 2437 274 140 icke
932 2437 411 140 lyckats,
1240 2437 274 140 gått
1411 2437 274 140 till
1582 2437 411 140 Hultmans
1890 2437 342 140 holme,
2095 2437 274 140 dervid

472 2535 298 187 Käck,
670 2535 430 187 Alexander
1001 2535 397 187 Larsson,
1299 2535 463 187 Zachrisson
1663 2535 232 187 och
1795 2535 430 187 Svensson,
2093 2535 265 187 hvilka

456 2649 291 201 alla
637 2649 327 201 följt
855 2649 254 201 med
1001 2649 327 201 Anton
1219 2649 363 201 Robert
1473 2649 400 201 Larsson
1764 2649 291 201 ända
1945 2649 291 201 till
2091 2649 254 201 kajen

472 2724 234 175 vid
605 2724 300 175 Lilla
805 2724 334 175 Bomen;
1039 2724 234 175 der
1173 2724 367 175 stannat
1440 2724 234 175 för
1573 2724 234 175 att
1707 2724 367 175 invänta
1974 2724 334 175 Robert
2174 2724 234 175 Lars¬-

473 2857 270 187 son,
642 2857 236 187 men
777 2857 236 187 att
912 2857 304 187 denne
1114 2857 270 187 kort
1283 2857 405 187 derefter
1586 2857 371 187 blifvit
1856 2857 202 187 af
1957 2857 202 187 en
2025 2857 371 187 Poliskon¬-

459 2981 323 183 stapel
685 2981 388 183 anhållen
976 2981 226 183 för
1105 2981 388 183 olofligt
1396 2981 420 183 tillgrepp
1719 2981 194 183 af
1816 2981 388 183 kitteln,
2074 2981 291 183 hvarvid

460 3066 438 195 Alexander
797 3066 371 195 Larsson
1067 3066 337 195 genast
1302 3066 438 195 aflägsnat
1639 3066 269 195 sig,
1808 3066 269 195 utan
1976 3066 236 195 att
2111 3066 269 195 Käck
2246 3066 168 195 se¬-

467 3217 408 141 dermera
764 3217 445 141 återsett
1060 3217 297 141 honom.

444 3284 205 163 2o
546 3284 546 163 Arbetskarlen
990 3284 307 163 Johan
1194 3284 443 163 Svensson,
1535 3284 341 163 boende
1774 3284 171 163 i
1842 3284 477 163 Handlanden
2217 3284 205 163 J.
2286 3284 136 163 B.

459 3395 495 209 Johanssons
848 3395 247 209 hus
989 3395 177 209 å
1060 3395 530 209 Johannebäck
1484 3395 177 209 i
1555 3395 354 209 Lundby
1802 3395 354 209 socken
2049 3395 212 209 på
2120 3395 283 209 Hisin¬-

460 3494 281 211 gen:
636 3494 281 211 lika
811 3494 246 211 med
952 3494 316 211 Käck,
1162 3494 246 211 med
1303 3494 422 211 tillägg,
1619 3494 246 211 att
1760 3494 211 211 då
1865 3494 422 211 Svensson
2146 3494 246 211 jemte

461 3602 195 219 de
559 3602 358 219 öfrige,
820 3602 228 219 som
950 3602 293 219 varit
1145 3602 163 219 i
1210 3602 488 219 sällskapet,
1601 3602 326 219 kommit
1829 3602 260 219 till
1992 3602 293 219 Lilla
2155 3602 260 219 Bomen,

2543 186 213 162 och
2664 186 274 162 Anton
2847 186 304 162 Robert
3059 186 334 162 Larsson
3303 186 243 162 gått
3455 186 274 162 öfver
3637 186 243 162 till
3789 186 365 162 Hultmans
4062 186 274 162 holme
4245 186 213 162 för
4336 186 152 162 att

2536 306 283 195 sälja
2724 306 345 195 kitteln
2975 306 157 195 i
3038 306 220 195 ett
3163 306 345 195 schapp,
3415 306 408 195 Alexander
3728 306 345 195 Larsson
3980 306 251 195 till
4105 306 314 195 Svensson

2547 432 354 207 yttrat:
2804 432 225 207 "om
2933 432 225 207 han
3062 432 193 207 nu
3159 432 258 207 toge
3320 432 290 207 något
3513 432 225 207 för
3641 432 258 207 den,
3802 432 193 207 så
3899 432 290 207 kunde
4092 432 225 207 han
4221 432 193 207 få
4285 432 258 207 resten

2553 562 457 198 sedermera,
2912 562 163 198 i
2977 562 261 198 fall
3140 562 424 198 kärringen
3466 562 261 198 icke
3629 562 228 198 har
3760 562 228 198 nog
3890 562 228 198 med
3988 562 424 198 penningar".

2548 667 195 190 3o
2645 667 520 190 Arbetskarlen
3067 667 390 190 Bernhard
3359 667 487 190 Zachrisson,
3749 667 325 190 boende
3976 667 162 190 i
4041 667 292 190 samma
4236 667 227 190 hus
4334 667 162 190 som

2569 791 406 200 Svensson,
2881 791 219 200 att
3006 791 187 200 då
3100 791 219 200 han
3225 791 468 200 oftaberörde
3599 791 219 200 dag
3724 791 187 200 på
3818 791 250 200 f.m.
3974 791 281 200 varit
4161 791 156 200 i
4193 791 312 200 sällskap

2557 896 223 197 med
2684 896 318 197 öfrige
2907 896 445 197 förbemälde
3257 896 382 197 personer
3544 896 223 197 och
3671 896 191 197 de
3766 896 255 197 mött
3925 896 414 197 Alexander
4212 896 318 197 Larsson,

2558 1006 505 227 Zachrisson
2955 1006 288 227 hört
3135 1006 325 227 denne
3351 1006 325 227 fråga
3568 1006 288 227 Käck
3748 1006 216 227 om
3856 1006 252 227 han
4000 1006 325 227 ville
4217 1006 252 227 "gå
4325 1006 180 227 med

2561 1102 199 225 på
2660 1102 199 225 en
2760 1102 366 225 affär";
3026 1102 233 225 att
3159 1102 199 225 då
3259 1102 266 225 Käck
3425 1102 166 225 i
3491 1102 432 225 anledning
3823 1102 299 225 deraf
4023 1102 399 225 medföljt
4289 1102 199 225 till

2559 1231 483 215 Hästbacken,
2945 1231 226 215 dit
3074 1231 322 215 jemväl
3300 1231 483 215 Zachrisson,
3686 1231 387 215 Svensson
3976 1231 226 215 och
4105 1231 290 215 Anton
4266 1231 258 215 Robert

2542 1340 352 220 Larsson
2798 1340 384 220 begifvit
3086 1340 256 220 sig,
3246 1340 416 220 Alexander
3566 1340 352 220 Larsson
3822 1340 320 220 yttrat
4046 1340 256 220 till
4174 1340 320 220 Zachris¬-

2568 1460 261 237 son;
2731 1460 228 237 "du
2862 1460 195 237 är
2959 1460 456 237 slängdare,
3318 1460 228 237 tag
3448 1460 195 237 du
3546 1460 261 237 fram
3709 1460 293 237 det";
3904 1460 228 237 att
4034 1460 293 237 sedan
4197 1460 326 237 Zachris¬-

2575 1581 238 228 son
2711 1581 204 228 då
2813 1581 238 228 med
2949 1581 340 228 handen
3187 1581 272 228 sökt
3357 1581 170 228 i
3425 1581 204 228 en
3527 1581 204 228 af
3628 1581 442 228 Alexander
3968 1581 374 228 Larsson
4206 1581 306 228 utvisad

2598 1690 230 252 vid
2730 1690 328 252 gaflen
2959 1690 197 252 af
3058 1690 525 252 invalidhuset
3485 1690 427 252 befintlig
3813 1690 525 252 nässelbuske,
4240 1690 230 252 men
4339 1690 164 252 der

2575 1810 290 227 icke
2756 1810 363 227 funnit
3010 1810 327 227 annat
3228 1810 218 227 än
3337 1810 218 227 en
3446 1810 363 227 gammal
3700 1810 581 227 bleckflaska,
4136 1810 363 227 Zachris¬-

2596 1921 226 227 son
2725 1921 291 227 derom
2919 1921 485 227 underrättat
3307 1921 420 227 Alexander
3630 1921 388 227 Larsson,
3921 1921 226 227 som
4050 1921 323 227 dervid
4244 1921 291 227 yttrat:

2580 2035 245 241 ser
2720 2035 210 241 du
2825 2035 280 241 inte
3000 2035 245 241 der
3141 2035 210 241 en
3246 2035 631 241 kopparkittel";
3771 2035 245 241 att
3911 2035 455 241 Zachsson,
4262 2035 210 241 då
4332 2035 175 241 som

2613 2146 207 203 då
2716 2146 276 203 åter
2888 2146 276 203 sökt
3061 2146 172 203 i
3130 2146 586 203 nässelbusken,
3612 2146 448 203 derstädes
3957 2146 345 203 funnit
4164 2146 310 203 kitteln

2589 2241 285 236 samt
2767 2241 249 236 att
2910 2241 285 236 han,
3088 2241 249 236 som
3230 2241 463 236 förstått,
3586 2241 249 236 att
3728 2241 427 236 densamma
4049 2241 320 236 varit
4227 2241 320 236 stulen,

2604 2350 352 250 vägrat
2850 2350 281 250 bära
3026 2350 281 250 den,
3202 2350 176 250 i
3272 2350 457 250 anledning
3624 2350 352 250 hvaraf
3870 2350 352 250 Robert
4116 2350 387 250 Larsson
4362 2350 141 250 e¬-

2578 2475 417 219 mottagit
2891 2475 382 219 kitteln
3169 2475 209 219 af
3274 2475 521 219 Zachrisson;
3691 2475 487 219 afgifvande
4073 2475 487 219 Zachrisson
4421 2475 104 219 i

2584 2626 362 206 öfrigt
2837 2626 290 206 lika
3018 2626 507 206 berättelse
3417 2626 254 206 med
3562 2626 326 206 Käck;
3743 2626 181 206 och

2547 2717 215 189 4o
2655 2717 572 189 arbetskarlen
3119 2717 358 189 August
3370 2717 429 189 Nilsson,
3692 2717 358 189 boende
3942 2717 179 189 i
4013 2717 322 189 huset
4228 2717 215 189 No
4335 2717 215 189 16
4407 2717 107 189 i

2586 2839 641 178 Landalabergen:
3120 2839 249 178 att
3263 2839 249 178 han
3405 2839 391 178 bebodde
3690 2839 249 178 ett
3832 2839 285 178 rum,
4010 2839 391 178 beläget
4259 2839 249 178 invid

2589 2982 486 138 Alexander
2963 2982 449 138 Larssons
3299 2982 561 138 boningsrum;
3748 2982 262 138 att
3898 2982 411 138 bemälde
4159 2982 337 138 Larsson

2595 3052 347 164 natten
2838 3052 277 164 till
3012 3052 243 164 den
3150 3052 243 164 2ds
3289 3052 416 164 temligen
3601 3052 277 164 sent
3775 3052 243 164 och
3913 3052 347 164 säkert
4156 3052 312 164 efter
4330 3052 173 164 kl.

2600 3152 299 179 elfva
2799 3152 464 179 hemkommit;
3164 3152 232 179 att
3296 3152 365 179 Nilsson
3562 3152 232 179 och
3695 3152 398 179 Larsson,
3993 3152 232 179 som
4126 3152 166 179 i
4159 3152 398 179 hvarandras

2570 3277 401 206 sällskap
2870 3277 234 206 den
3004 3277 167 206 2
3071 3277 200 206 ds
3171 3277 200 206 på
3271 3277 267 206 f.m.
3438 3277 401 206 begifvit
3739 3277 234 206 sig
3872 3277 267 206 från
4039 3277 301 206 deras
4206 3277 301 206 bostad,

2589 3381 347 181 dervid,
2842 3381 158 181 i
2905 3381 379 181 närheten
3189 3381 189 181 af
3284 3381 694 181 Artilleristallarne
3883 3381 252 181 mött
4041 3381 473 181 Zachrisson,
4388 3381 158 181 An¬-

2580 3491 242 159 ton
2719 3491 276 159 Robt
2891 3491 414 159 Larsson,
3202 3491 414 159 Svensson
3513 3491 242 159 och
3651 3491 311 159 Käck,
3858 3491 207 159 af
3962 3491 345 159 hvilka
4169 3491 380 159 Alexander

2598 3615 384 204 Larsson
2877 3615 314 204 tagit
3086 3615 244 204 två
3226 3615 209 204 af
3330 3615 244 204 dem
3470 3615 384 204 afsides
3749 3615 244 204 och
3888 3615 244 204 med
4028 3615 244 204 dem
4132 3615 384 204 samtalat,
