5130 4113
566 257 190 88 da
661 257 380 88 nedtagit
946 257 253 88 från
1105 257 190 88 en
1200 257 285 88 stång
1390 257 222 88 två
1516 257 285 88 gäss,
1706 257 317 88 hvilka
1928 257 412 88 Andersson
2244 257 285 88 burit

567 365 277 94 under
752 365 215 94 det
875 365 184 94 de
967 365 246 94 gått
1120 365 246 94 till
1274 365 277 94 Östra
1459 365 430 94 Larmgatan,
1797 365 338 94 hvarest
2042 365 369 94 Peterson
2288 365 154 94 in¬-

573 483 263 84 gått
737 483 164 84 i
803 483 296 84 huset
1000 483 197 84 No
1099 483 164 84 8
1164 483 230 84 och
1296 483 230 84 med
1427 483 197 84 en
1526 483 361 84 medhafd
1788 483 525 84 nyckelknippa
2182 483 296 84 upplåst

576 594 303 80 dörren
788 594 242 80 till
939 594 212 80 ett
1060 594 363 80 skafferi
1332 594 151 80 å
1393 594 272 80 andra
1575 594 303 80 botten
1786 594 212 80 och
1907 594 424 80 tillgripit
2240 594 182 80 en
2301 594 121 80 af

573 692 468 86 Handlanden
940 692 434 86 Lundbäcks
1274 692 334 86 ostar,
1508 692 367 86 hvarmed
1775 692 234 86 han
1909 692 434 86 aflägsnat
2210 692 200 86 sig;

560 789 210 92 att
680 789 299 92 Olsson
889 789 359 92 derefter
1159 789 299 92 ingått
1368 789 150 92 i
1428 789 269 92 samma
1608 789 359 92 skafferi
1877 789 210 92 och
1997 789 419 92 tillgripit
2296 789 150 92 den

555 893 279 108 andre
741 893 186 108 av
834 893 403 108 Lundbäcks
1144 893 279 108 ostar
1330 893 217 108 och
1454 893 186 108 en
1547 893 589 108 porslinstallrik
2043 893 279 108 jemte
2229 893 186 108 22
2291 893 155 108 st.

571 999 265 121 ägg;
737 999 232 121 att
869 999 298 121 sedan
1068 999 232 121 han
1200 999 331 121 kommit
1432 999 199 121 ut
1532 999 199 121 på
1631 999 298 121 gatan
1830 999 232 121 och
1962 999 232 121 der
2095 999 265 121 fått
2227 999 199 121 höra

580 1105 213 129 att
701 1105 396 129 Petersson
1006 1105 427 129 fasttagits
1341 1105 183 129 af
1433 1105 183 129 en
1524 1105 579 129 poliskonstapel,
2011 1105 213 129 han
2133 1105 244 129 gömt
2286 1105 152 129 i
2316 1105 122 129 en

557 1207 394 131 portgång
852 1207 656 131 porslintallriken
1410 1207 230 131 och
1541 1207 328 131 äggen,
1771 1207 230 131 men
1902 1207 394 131 behållit
2164 1207 230 131 osten

563 1325 217 111 och
687 1325 373 111 begifvit
967 1325 217 111 sig
1091 1325 248 111 till
1246 1325 466 111 Fisktorget,
1619 1325 342 111 hvarest
1867 1325 217 111 han
1960 1325 466 111 sammanträffat

562 1437 221 110 med
689 1437 410 110 Andersson
1004 1437 221 110 och
1130 1437 189 110 af
1224 1437 284 110 denne
1413 1437 378 110 erhållit
1697 1437 221 110 den
1823 1437 221 110 ena
1949 1437 315 110 gåsen,
2170 1437 221 110 som
2264 1437 158 110 han

546 1543 284 118 jemte
736 1543 284 118 osten
925 1543 252 118 lagt
1082 1543 158 118 i
1145 1543 189 118 en
1240 1543 284 118 säck,
1429 1543 221 118 som
1555 1543 221 118 han
1681 1543 315 118 hittat
1902 1543 221 118 vid
1996 1543 410 118 Fisktorget,

566 1649 257 122 samt
727 1649 225 122 att
855 1649 225 122 han
984 1649 386 122 derefter
1273 1649 386 122 begifvit
1562 1649 225 122 sig
1691 1649 225 122 hem
1819 1649 225 122 med
1948 1649 193 122 de
2012 1649 418 122 tillgripne,

540 1779 241 105 som
677 1779 241 105 han
815 1779 345 105 lemnat
1056 1779 276 105 till
1229 1779 241 105 sin
1366 1779 345 105 moder,
1608 1779 310 105 under
1814 1779 413 105 uppgift,
2124 1779 241 105 att
2228 1779 172 105 han

548 1889 344 97 hittat
789 1889 241 97 det
926 1889 207 97 på
1030 1889 275 97 isen
1202 1889 172 97 i
1236 1889 482 97 Vallgrafven.

621 1981 296 118 James
819 1981 362 118 Hjalmar
1082 1981 461 118 Petersson,
1445 1981 362 118 hvilken
1708 1981 231 118 den
1840 1981 165 118 7
1906 1981 329 118 dennes
2136 1981 165 118 å
2169 1981 231 118 Södra

564 2087 462 134 Hamngatan
920 2087 391 134 anhölls
1205 2087 213 134 af
1311 2087 676 134 Poliskonstapeln
1880 2087 213 134 No
1987 2087 213 134 47
2058 2087 356 134 Blomberg

561 2215 233 120 för
694 2215 233 120 det
827 2215 233 120 han
960 2215 399 120 innehaft
1259 2215 499 120 ifrågakomne
1658 2215 233 120 ost
1791 2215 233 120 och
1924 2215 233 120 den
2057 2215 166 120 9
2091 2215 299 120 dennes,

564 2325 193 116 då
660 2325 289 116 någon
853 2325 353 116 anmälan
1110 2325 193 116 om
1206 2325 482 116 tillgreppet
1591 2325 257 116 ännu
1752 2325 257 116 icke
1912 2325 353 116 blifvit
2137 2325 257 116 gjord,

561 2441 186 108 af
654 2441 526 108 Poliskammaren
1087 2441 526 108 införpassades
1520 2441 248 108 till
1675 2441 526 108 cellfängelset
2109 2441 217 108 att
2201 2441 217 108 deri¬-

550 2531 258 132 från
711 2531 323 132 bereda
937 2531 226 132 sig
1066 2531 258 132 laga
1228 2531 387 132 försvar,
1518 2531 226 132 har
1648 2531 355 132 blifvit
1906 2531 291 132 hörd,
2067 2531 291 132 hvarvid

537 2638 233 137 han
670 2638 400 137 förnekat
970 2638 300 137 såväl
1169 2638 233 137 all
1303 2638 499 137 delaktighet
1702 2638 166 137 i
1769 2638 200 137 de
1869 2638 200 137 af
1968 2638 266 137 Carl
2102 2638 266 137 Gustaf

551 2754 339 121 Theodor
798 2754 308 121 Olsson
1014 2754 216 121 och
1137 2754 278 121 Johan
1322 2754 339 121 Mauritz
1569 2754 401 121 Andersson
1877 2754 339 121 erkände
2093 2754 339 121 tillgrep¬-

549 2864 232 119 pen
681 2864 265 119 från
847 2864 662 119 Slagtaremästaren
1409 2864 397 119 Carlsson
1707 2864 232 119 och
1839 2864 463 119 Handlanden
2170 2864 232 119 Lund¬-

535 2975 281 118 bäck
711 2975 246 118 som
851 2975 246 118 att
992 2975 246 118 han
1133 2975 422 118 innehaft
1449 2975 317 118 någon
1660 2975 281 118 ost,
1836 2975 211 118 då
1942 2975 246 118 han
2082 2975 211 118 af
2153 2975 281 118 polis¬-

546 3115 526 77 konstapeln
960 3115 301 77 blef
1110 3115 414 77 anhållen.

765 3207 426 71 Följande
1084 3207 426 71 personer
1404 3207 320 71 hafva
1581 3207 355 71 upplyst:

558 3297 192 85 1o
654 3297 608 85 Poliskonstapeln
1166 3297 192 85 No
1262 3297 192 85 47
1358 3297 416 85 Blomberg,
1678 3297 224 85 att
1806 3297 224 85 han
1934 3297 384 85 Lördagen
2222 3297 224 85 den
2318 3297 96 85 7

549 3405 367 92 dennes,
815 3405 300 92 under
1015 3405 233 92 det
1149 3405 233 92 han
1282 3405 267 92 haft
1449 3405 233 92 sin
1582 3405 534 92 tjenstgöring
2016 3405 167 92 å
2083 3405 300 92 Stora
2249 3405 167 92 Ny¬-

519 3521 311 88 gatan,
737 3521 218 88 kl.
861 3521 342 88 omkring
1110 3521 156 88 7
1173 3521 187 88 på
1266 3521 529 88 eftermiddagen
1702 3521 498 88 varseblifvit
2076 3521 342 88 Petersson

536 3626 358 98 gående
787 3626 286 98 från
966 3626 644 98 Drottninggatan
1503 3626 286 98 till
1682 3626 394 98 Nygatan
1968 3626 251 98 med
2111 3626 215 98 en
2183 3626 179 98 ost

535 3730 299 98 under
734 3730 365 98 rocken;
1000 3730 233 98 att
1133 3730 399 98 Blomberg
1432 3730 199 98 då
1531 3730 365 98 skyndat
1797 3730 299 98 efter
1963 3730 399 98 Petersson,

2708 263 373 131 hvilken
2979 263 339 131 kastat
3216 263 305 131 ifrån
3420 263 237 131 sig
3555 263 305 131 osten
3759 263 237 131 och
3894 263 407 131 sprungit
4199 263 271 131 fram
4335 263 237 131 södra

2698 381 474 139 Hamngatan
3062 381 292 139 till
3245 381 292 139 Göta
3427 381 438 139 Källare,
3755 381 401 139 hvarest
4047 381 438 139 Blomberg
4339 381 255 139 fast¬-

2707 485 313 151 tagit
2916 485 313 151 honom
3124 485 243 151 och
3264 485 243 151 med
3403 485 313 151 honom
3611 485 452 151 återvändt
3959 485 278 151 till
4133 485 382 151 Nygatan
4376 485 174 151 för

2720 591 225 161 att
2848 591 257 161 taga
3009 591 257 161 reda
3169 591 193 161 på
3266 591 321 161 osten,
3490 591 225 161 som
3619 591 257 161 dock
3779 591 193 161 ej
3876 591 289 161 kunde
4068 591 482 161 återfinnas,
4421 591 193 161 samt

2717 709 220 143 att
2842 709 378 143 Blomberg
3126 709 378 143 derefter
3409 709 315 143 affört
3629 709 409 143 Petersson
3944 709 252 143 till
4101 709 472 143 vaktkonoret
4448 709 94 143 i

2698 867 428 97 Bazaren;
2984 867 178 97 och

2694 939 192 141 2o
2790 939 415 141 Ynglingen
3109 939 319 141 Victor
3333 939 351 141 Emanuel
3588 939 319 141 Frise,
3812 939 319 141 boende
4035 939 160 141 i
4099 939 287 141 huset
4291 939 192 141 No
4386 939 224 141 199
4482 939 128 141 af

2722 1047 388 149 Majornas
3013 1047 324 149 Förste
3239 1047 291 149 rote,
3434 1047 227 149 att
3563 1047 227 149 den
3692 1047 162 149 7
3757 1047 324 149 dennes
3984 1047 194 149 på
4048 1047 518 149 eftermiddagen,

2728 1141 191 171 då
2824 1141 223 171 han
2951 1141 447 171 uppehållit
3302 1141 223 171 sig
3430 1141 191 171 på
3526 1141 510 171 Kungstorget,
3940 1141 223 171 han
4068 1141 255 171 sett
4227 1141 287 171 James
4387 1141 223 171 Hjal¬-

2720 1249 226 189 mar
2849 1249 452 189 Petersson,
3204 1249 258 189 Carl
3365 1249 323 189 Gustaf
3591 1249 355 189 Theodor
3849 1249 323 189 Olsson
4074 1249 226 189 och
4203 1249 290 189 Johan
4365 1249 194 189 Mau¬-

2709 1359 264 175 ritz
2874 1359 429 175 Andersson
3204 1359 198 175 gå
3303 1359 198 175 in
3402 1359 165 175 i
3468 1359 462 175 portgången
3832 1359 264 175 till
3964 1359 594 175 Slagtaremästaren

2718 1483 437 171 Carlssons
3055 1483 235 171 hus
3189 1483 235 171 och
3324 1483 303 171 efter
3525 1483 202 171 en
3626 1483 269 171 kort
3795 1483 303 171 stund
3996 1483 471 171 återkomma,
4333 1483 235 171 hvar¬-

2726 1591 224 169 vid
2854 1591 416 169 Andersson
3174 1591 288 169 burit
3366 1591 224 169 två
3494 1591 384 169 slagtade
3782 1591 288 169 gäss;
3974 1591 224 169 att
4102 1591 192 169 då
4198 1591 192 169 de
4294 1591 256 169 alla
4422 1591 160 169 tre

2721 1699 391 173 derifrån
3014 1699 391 173 begifvit
3307 1699 228 173 sig
3437 1699 260 173 till
3600 1699 293 173 Östra
3795 1699 456 173 Larmgatan,
4153 1699 293 173 Frise
4316 1699 228 173 följt

2718 1809 323 185 efter
2934 1809 251 185 dem
3077 1809 216 185 på
3185 1809 323 185 något
3401 1809 395 185 afstånd
3688 1809 251 185 och
3832 1809 323 185 efter
4047 1809 216 185 en
4155 1809 323 185 stund
4334 1809 216 185 sett

2705 1928 477 180 Petersson
3072 1928 404 180 utkomma
3366 1928 294 180 från
3549 1928 330 180 huset
3769 1928 220 180 No
3880 1928 183 180 8
3953 1928 257 180 och
4100 1928 294 180 bära
4283 1928 220 180 en
4357 1928 183 180 ost

2720 2035 284 176 under
2910 2035 315 176 armen,
3131 2035 252 176 samt
3288 2035 221 176 att
3414 2035 442 176 Petersson,
3761 2035 221 176 som
3888 2035 189 176 då
3982 2035 347 176 blifvit
4203 2035 347 176 eftersatt

2712 2137 195 180 af
2809 2137 195 180 en
2906 2137 584 180 Poliskonstapel
3393 2137 325 180 kastat
3621 2137 292 180 osten
3815 2137 195 180 på
3913 2137 292 180 gatan
4108 2137 227 180 och
4205 2137 357 180 sprungit,

2728 2246 568 188 hvaremellertid
3202 2246 284 188 Frise
3391 2246 252 188 gått
3549 2246 221 188 för
3675 2246 221 188 att
3801 2246 252 188 söka
3959 2246 252 188 reda
4116 2246 189 188 på
4211 2246 315 188 osten,
4400 2246 158 188 som

2722 2357 250 190 han
2865 2357 286 190 dock
3044 2357 286 190 icke
3223 2357 393 190 funnit,
3509 2357 286 190 enär
3688 2357 250 190 den
3831 2357 501 190 antagligen
4224 2357 358 190 rullat
4439 2357 107 190 i

2691 2537 513 112 Vallgrafven.

2919 2597 298 157 Sedan
3118 2597 265 157 Carl
3284 2597 332 157 Edgard
3516 2597 431 157 Ferdinand
3847 2597 398 157 Kollberg
4146 2597 365 157 utvisat
4378 2597 232 157 hvar¬-

2716 2707 251 177 est
2859 2707 251 177 han
3003 2707 286 177 sålt
3182 2707 215 177 de
3289 2707 286 177 från
3468 2707 322 177 Alida
3683 2707 430 177 Svensson
4005 2707 501 177 tillgripne
4363 2707 179 177 tre

2728 2819 607 173 cigarrlådorna,
3234 2819 303 173 hafva
3436 2819 337 173 ogifta
3672 2819 303 173 Sofia
3874 2819 472 173 Strömberg,
4245 2819 236 173 som
4346 2819 236 173 idkar

2724 2939 360 171 handel
2976 2939 180 171 i
3048 2939 324 171 huset
3263 2939 216 171 No
3371 2939 216 171 21
3479 2939 252 171 vid
3623 2939 683 171 Landsvägsgatan,
4198 2939 324 171 enkan
4378 2939 216 171 Anna

2723 3059 398 171 Hansson,
3021 3059 232 171 som
3154 3059 232 171 har
3286 3059 563 171 diversehandel
3750 3059 166 171 i
3816 3059 298 171 huset
4015 3059 199 171 No
4114 3059 199 171 11
4214 3059 232 171 vid
4313 3059 265 171 Bergs¬-

2725 3174 318 172 gatan
2937 3174 247 172 och
3078 3174 318 172 Enkan
3290 3174 459 172 Charlotta
3643 3174 353 172 Julin,
3890 3174 247 172 som
4032 3174 247 172 har
4173 3174 318 172 mjölk
4349 3174 177 172 och

2715 3284 663 164 brödförsäljning
3274 3284 419 164 vidgått,
3588 3284 244 164 att
3727 3284 209 164 de
3832 3284 279 164 köpt
4006 3284 209 164 af
4111 3284 314 164 honom
4321 3284 279 164 hvar

2727 3395 230 165 sin
2859 3395 263 165 låda
3023 3395 428 165 cigarrer,
3352 3395 362 165 hvarför
3616 3395 197 165 de
3714 3395 362 165 betalt,
3978 3395 197 165 de
4076 3395 230 165 två
4175 3395 395 165 förstnämn¬-

2724 3505 191 167 de
2820 3505 223 167 Tre
2947 3505 319 167 Kronor
3171 3505 351 167 stycket
3426 3505 223 167 och
3553 3505 223 167 den
3681 3505 351 167 sednare
3936 3505 223 167 Två
4064 3505 319 167 Kronor
4287 3505 191 167 75
4351 3505 191 167 öre,

2716 3636 235 134 och
2851 3636 302 134 hafva
3052 3636 201 134 de
3152 3636 402 134 samtlige
3454 3636 469 134 återlemnat
3823 3636 369 134 lådorna
4091 3636 302 134 jemte
4259 3636 335 134 cigarrer

2718 3756 250 115 med
2861 3756 787 115 tillkännagifvande,
3541 3756 250 115 att
3684 3756 215 115 de
3791 3756 393 115 afstode
4077 3756 286 115 från
4220 3756 322 115 anspråk
