4878 4067
479 192 404 190 efter
749 192 315 190 han
928 192 449 190 lemnat
1243 192 494 190 Hansson
1602 192 315 190 100
1782 192 270 190 Kr
1917 192 315 190 att
2052 192 359 190 använ¬-

467 321 321 168 das
650 321 367 168 till
880 321 412 168 inköp
1155 321 275 168 af
1292 321 458 168 vexlar
1613 321 229 168 å
1704 321 458 168 smärre
1979 321 367 168 belopp

479 412 290 170 och
644 412 332 170 till
852 412 539 170 bekostnad
1267 412 249 170 af
1391 412 415 170 derför
1682 412 664 170 erforderliga
2180 412 207 170 re¬-

455 529 319 186 sor;
654 529 279 186 att
814 529 439 186 Hansson
1133 529 478 186 derefter
1492 529 399 186 afrest
1771 529 319 186 till
1930 529 439 186 Carlstad,

444 646 324 179 dit
629 646 324 179 han
814 646 509 179 anländt
1184 646 324 179 den
1369 646 231 179 7
1461 646 416 179 Juni,
1739 646 278 179 då
1878 646 324 179 han
2016 646 324 179 under

456 777 470 86 uppgift
798 777 299 86 att
969 777 299 86 han
1139 777 384 86 hette
1395 777 256 86 O.
1523 777 555 86 Andersson
1950 777 341 86 samt
2121 777 256 86 vore

481 842 329 154 från
686 842 370 154 Borås
933 842 370 154 tagit
1179 842 247 154 in
1303 842 247 154 på
1426 842 699 154 Stadshotellet
2001 842 288 154 och
2124 842 247 154 der¬-

476 947 354 162 ifrån
712 947 394 162 genast
987 947 354 162 sändt
1224 947 236 162 en
1342 947 512 162 uppassare
1735 947 315 162 till
1893 947 472 162 Stockholms

478 1039 655 153 Intecknings
1002 1039 480 153 Garanti
1351 1039 655 153 Aktiebolags
1831 1039 524 153 dervarande

484 1122 458 164 kontor
805 1122 321 164 med
988 1122 504 164 uppdrag
1355 1122 321 164 att
1538 1122 367 164 köpa
1767 1122 321 164 tre
1905 1122 412 164 vexlar;

463 1211 340 162 att
658 1211 437 162 sedan
949 1211 485 162 karlen
1288 1211 679 162 återkommit
1822 1211 340 162 med
1968 1211 388 162 desse,

470 1312 528 153 hvilkas
854 1312 480 153 belopp
1190 1312 528 153 Hansson
1573 1312 384 153 icke
1813 1312 432 153 kunde
2053 1312 336 153 erin¬-

475 1412 272 160 ra
611 1412 362 160 sig,
837 1412 317 160 han
1018 1412 589 160 aflägsnat
1471 1412 317 160 sig
1652 1412 362 160 från
1833 1412 498 160 hotellet;

463 1523 361 117 att
670 1523 619 117 följande
1134 1523 361 117 dag
1340 1523 309 117 en
1495 1523 464 117 annan
1804 1523 464 117 karl,
2062 1523 258 117 som

459 1597 351 173 han
659 1597 301 173 ej
810 1597 451 173 känt,
1110 1597 301 173 åt
1261 1597 451 173 honom
1561 1597 401 173 köpt
1762 1597 651 173 ytterligare

453 1701 344 139 tre
649 1701 540 139 vexlar,
1042 1701 540 139 hvilkas
1435 1701 491 139 belopp
1779 1701 540 139 Hansson
2123 1701 295 139 icke

462 1825 456 131 heller
781 1825 501 131 mindes;
1146 1825 319 131 att
1328 1825 364 131 alla
1556 1825 319 131 sex
1738 1825 547 131 vexlarne
2103 1825 273 131 dock

435 1904 732 140 antagligen
1010 1904 418 140 vore
1271 1904 575 140 desamme
1689 1904 366 140 som
1898 1904 261 140 i
1951 1904 418 140 Stads¬-

448 2000 588 143 fiskalen
889 2000 637 143 Kylanders
1379 2000 686 143 skrifvelse
1869 2000 539 143 omförmäl¬-

444 2088 364 117 des;
672 2088 319 117 att
854 2088 501 117 Hansson
1219 2088 547 117 derefter
1629 2088 228 117 i
1720 2088 638 117 Mösseberg,
2175 2088 228 117 der

439 2190 426 134 han,
705 2190 532 134 enligt
1077 2190 1064 134 öfverenskommelse
1929 2190 479 134 samman¬-

409 2284 612 137 träffat
855 2284 390 137 med
1077 2284 723 137 Stenberg,
1634 2284 556 137 lemnat
1967 2284 390 137 honom

427 2414 578 143 desamme,
861 2414 482 143 dervid
1198 2414 386 143 dock
1439 2414 578 143 Stenberg
1873 2414 434 143 visat
2114 2414 241 143 sig

428 2489 675 158 synnerligen
968 2489 495 158 ovillig
1328 2489 315 158 att
1508 2489 450 158 utföra
1778 2489 630 158 förfalsknin¬-

461 2578 483 173 garne
784 2578 376 173 men
998 2578 483 173 sedan
1321 2578 698 173 Dahlström
1858 2578 483 173 samma
2126 2578 269 173 dag

455 2670 569 182 inträffat
893 2670 219 182 i
981 2670 613 182 Mösseberg,
1462 2670 438 182 lofvat
1768 2670 394 182 åtaga
2031 2670 306 182 sig
2162 2670 263 182 upp¬-

431 2760 505 185 draget;
798 2760 321 185 att
982 2760 505 185 Hansson
1349 2760 321 185 och
1533 2760 597 185 Dahlström
1946 2760 459 185 derefter

438 2861 236 178 i
532 2861 566 178 afvaktan
957 2861 283 178 på
1099 2861 991 178 förfalskningarnes
1901 2861 519 178 utförande

416 2965 708 161 qvarstannat
982 2965 236 161 i
1077 2965 661 161 Mösseberg,
1596 2965 331 161 att
1785 2965 283 161 de
1880 2965 472 161 Lördagen

411 3054 357 169 den
615 3054 306 169 12
768 3054 255 169 i
870 3054 459 169 samma
1176 3054 459 169 månad
1482 3054 408 169 fått
1737 3054 306 169 af
1839 3054 510 169 Stenberg

433 3137 547 138 emottaga
843 3137 319 138 två
1026 3137 364 138 till
1254 3137 456 138 belopp
1572 3137 273 138 af
1709 3137 319 138 760
1891 3137 273 138 kr
2028 3137 273 138 27
2119 3137 228 138 öre

457 3230 319 167 och
639 3230 319 167 565
821 3230 273 167 Kr
957 3230 273 167 75
1094 3230 319 167 öre
1276 3230 683 167 förfalskade
1822 3230 455 167 vexlar
2095 3230 228 167 och

461 3326 736 145 nästpåföljde
1059 3326 322 145 dag
1243 3326 276 145 en
1381 3326 460 145 tredje
1704 3326 460 145 andrad
1980 3326 322 145 till¬-

466 3431 493 187 belopp
811 3431 296 187 af
958 3431 345 187 796
1156 3431 296 187 Kr
1303 3431 443 187 jemte
1599 3431 296 187 en
1747 3431 296 187 af
1845 3431 493 187 vexlarne

425 3540 315 161 som
605 3540 360 161 icke
830 3540 585 161 undergått
1280 3540 405 161 någon
1551 3540 720 161 förfalskning
2091 3540 225 161 och

446 3638 328 165 lydt
651 3638 205 165 å
733 3638 246 165 20
856 3638 246 165 Kr
979 3638 246 165 47
1102 3638 328 165 öre;
1307 3638 287 165 att
1472 3638 533 165 Dahlström
1882 3638 410 165 inlagt
2128 3638 287 165 samt¬

2534 198 342 163 lige
2748 198 257 163 de
2876 198 299 163 sex
3047 198 513 163 vexlarne
3432 198 214 163 i
3518 198 299 163 sin
3689 198 513 163 plånbok;
4074 198 299 163 att
4202 198 214 163 han

2502 328 360 152 och
2707 328 566 152 Hansson
3119 328 618 152 derefter
3582 328 463 152 samma
3891 328 360 152 dag
4045 328 412 152 Sönda¬-

2509 419 338 180 gen
2702 419 338 180 den
2895 419 290 180 13
3041 419 387 180 Juni
3282 419 290 180 på
3427 419 290 180 e.
3572 419 290 180 m.
3717 419 242 180 i
3766 419 580 180 hvarandras

2516 509 543 172 sällskap
2923 509 317 172 med
3104 509 452 172 bantåg
3420 509 452 172 afrest
3737 509 362 172 till
3918 509 497 172 Töreboda,

2526 612 522 168 derifrån
2918 612 261 168 de
3049 612 609 168 kanalvägen
3528 612 392 168 farit
3789 612 348 168 till
3963 612 479 168 Stockholm

2523 722 475 163 hvarest
2868 722 259 163 de
2998 722 562 163 inträffat
3430 722 518 163 Tisdagen
3819 722 302 163 den
3992 722 259 163 15
4121 722 346 163 Juni
4294 722 173 163 på

2532 835 355 141 e.m.
2754 835 311 141 och
2931 835 400 141 tagit
3198 835 267 141 in
3331 835 267 141 på
3464 835 444 141 hotell
3775 835 489 141 Sköfde,
4086 835 400 141 beläget

2527 893 340 200 vid
2722 893 437 200 Stora
3013 893 874 200 Gråmunkegränd;
3741 893 340 200 att
3935 893 291 200 de
4032 893 437 200 nästpå¬-

2539 999 451 189 följde
2855 999 316 189 dag
3035 999 316 189 med
3216 999 451 189 bantåg
3532 999 361 189 rest
3757 999 406 189 först
4028 999 361 189 till
4208 999 226 189 Up¬-

2543 1113 419 129 sala,
2823 1113 326 129 del
3009 1113 279 129 de
3148 1113 372 129 dock
3381 1113 465 129 endast
3706 1113 419 129 gjort
3985 1113 326 129 ett
4125 1113 279 129 kort

2540 1200 621 180 uppehåll,
3018 1200 621 180 hvarunder
3495 1200 621 180 Dahlström
3973 1200 430 180 varit
4211 1200 239 180 up¬-

2529 1315 269 146 pe
2664 1315 224 146 i
2754 1315 449 146 staden
3068 1315 359 146 och,
3292 1315 449 146 enligt
3606 1315 359 146 hvad
3831 1315 314 146 han
4010 1315 314 146 för
4145 1315 314 146 Hans¬-

2517 1406 318 181 son
2698 1406 500 181 omtalat
3062 1406 546 181 berättat
3471 1406 500 181 intagit
3835 1406 591 181 förtäring
4244 1406 182 181 af

2526 1518 374 127 mat,
2760 1518 374 127 till
2994 1518 421 127 hvars
3274 1518 607 127 betalning
3741 1518 327 127 han
3928 1518 514 127 användt
4255 1518 187 127 en

2521 1617 266 145 af
2654 1617 266 145 de
2787 1617 710 145 oförfalskade
3364 1617 533 145 vexlarne
3764 1617 533 145 nemligen
4119 1617 355 145 vexeln

2521 1715 217 149 å
2607 1715 260 149 20
2737 1715 260 149 Kr
2867 1715 260 149 47
2997 1715 347 149 öre,
3214 1715 347 149 samt
3431 1715 520 149 derefter
3821 1715 520 149 fortsatt
4168 1715 303 149 resan

2517 1827 350 127 till
2736 1827 306 127 den
2911 1827 219 127 å
2998 1827 568 127 stambanan
3436 1827 481 127 emellan
3785 1827 437 127 Upsala
4091 1827 306 127 och
4223 1827 262 127 Gef¬-

2490 1884 262 145 le
2621 1884 480 145 belägne
2971 1884 568 145 stationen
3407 1884 437 145 Tibro,
3713 1884 306 145 der
3887 1884 262 145 de
3975 1884 480 145 tillbragt

2519 1991 438 160 natten
2826 1991 351 160 till
3045 1991 307 160 den
3220 1991 263 160 17
3352 1991 351 160 juni
3571 1991 482 160 hvilken
3921 1991 307 160 dag
4096 1991 263 160 på
4184 1991 263 160 mor¬-

2530 2081 372 184 gonen
2777 2081 248 184 de
2901 2081 495 184 fortsatt
3273 2081 372 184 resan
3521 2081 330 184 till
3727 2081 413 184 Gefle,
4016 2081 289 184 dit
4181 2081 248 184 de
4264 2081 165 184 på

2538 2182 360 156 fm.
2743 2182 616 156 anländt;
3205 2182 360 156 att
3411 2182 565 156 Hansson
3822 2182 360 156 som
4027 2182 360 156 der
4181 2182 257 156 ge¬-

2555 2279 373 137 nast
2788 2279 512 137 skiljts
3161 2279 373 137 från
3394 2279 652 137 Dahlström,
3906 2279 559 137 begifvit
4279 2279 233 137 sig

2557 2385 354 144 till
2778 2385 752 144 Stadshotellet
3398 2385 310 144 och
3575 2385 398 144 efter
3840 2385 310 144 att
4017 2385 310 144 der
4150 2385 310 144 hafva

2542 2487 505 149 begärt
2896 2487 354 149 ett
3098 2487 354 149 rum
3300 2487 354 149 för
3502 2487 455 149 några
3805 2487 505 149 timmar
4108 2487 354 149 anmo¬-

2534 2556 360 149 dat
2739 2556 308 149 en
2893 2556 770 149 vaktmästare
3510 2556 360 149 att
3715 2556 257 149 i
3818 2556 462 149 Gefle
4074 2556 360 149 Aktie

2543 2660 369 160 Bank
2774 2660 415 160 sälja
3050 2660 323 160 den
3235 2660 369 160 till
3466 2660 323 160 760
3650 2660 277 160 kr
3789 2660 277 160 27
3927 2660 323 160 öre
4066 2660 415 160 förfal¬-

2545 2750 457 153 skade
2850 2750 559 153 vexeln;
3257 2750 356 153 att
3460 2750 457 153 sedan
3765 2750 356 153 han
3968 2750 305 153 af
4070 2750 457 153 vaktmä¬-

2545 2854 562 145 staren
2938 2854 675 145 mottagit
3444 2854 900 145 penningarne,
4119 2854 281 145 han

2519 2940 1058 169 sammanträffat
3390 2940 436 169 med
3639 2940 809 169 Dahlström
4199 2940 187 169 i

2546 3051 294 134 en
2693 3051 735 134 plantering,
3281 3051 343 134 der
3477 3051 637 134 Dahlström
3968 3051 343 134 för
4115 3051 343 134 inköp

2507 3156 317 161 af
2666 3156 370 161 nya
2877 3156 581 161 vexlar,
3299 3156 370 161 som
3511 3156 528 161 skulle
3827 3156 634 161 förfalskas

2542 3246 394 174 fått
2788 3246 591 174 emottaga
3231 3246 344 174 100
3428 3246 344 174 kr;
3624 3246 344 174 att
3821 3246 541 174 Hansson
4166 3246 295 174 der¬-

2557 3347 416 142 efter
2834 3347 416 142 tagit
3111 3347 324 142 rum
3296 3347 231 142 å
3389 3347 324 142 ett
3574 3347 416 142 annat
3851 3347 462 142 hotell
4174 3347 231 142 i
4221 3347 277 142 Gef¬-

2519 3433 328 208 le,
2706 3433 562 208 derifrån
3128 3433 328 208 han
3315 3433 421 208 sändt
3596 3433 281 208 en
3736 3433 608 208 uppassare
4157 3433 281 208 till

2537 3561 463 195 Banken
2861 3561 324 195 för
3046 3561 695 195 försäljning
3603 3561 278 195 af
3742 3561 324 195 den
3927 3561 371 195 till
4159 3561 324 195 790
4298 3561 185 195 Kr
