5078 4098
491 299 292 71 då
637 299 341 71 han
832 299 341 71 der
1027 299 536 71 intagit
1417 299 341 71 sin
1612 299 779 71 aftonmåltid;
2196 299 244 71 att

463 388 413 78 han
699 388 709 78 derefter
1231 388 532 78 jemte
1526 388 886 78 Landtbrukaren

499 470 490 86 August
842 470 588 86 Svensson
1283 470 343 86 och
1480 470 735 86 Bokhållaren
2068 470 294 86 L.
2166 470 196 86 J.

476 549 458 95 Utter,
797 549 504 95 anstäld
1163 549 321 95 hos
1347 549 458 95 Handl.
1667 549 275 95 L.
1805 549 275 95 J.
1942 549 596 95 Andersson

495 623 535 113 begifvit
897 623 312 113 sig
1075 623 357 113 till
1299 623 759 113 Schweitzeriet
1923 623 223 113 i
1968 623 446 113 Stadsho¬-

476 715 621 109 tellet,
927 715 621 109 hvarest
1378 715 339 109 de
1491 715 903 109 sammanträffade

472 809 363 105 med
679 809 570 105 Agenten
1094 809 778 105 Lindquister
1716 809 363 105 och
1872 809 518 105 Handlan¬-

490 899 380 103 den
707 899 543 103 Anders
1087 899 760 103 Fallqvist;
1684 899 380 103 att
1901 899 326 103 de
2010 899 380 103 qvar¬-

469 995 586 95 stadnat
895 995 266 95 i
1001 995 905 95 Schweitzeriet
1747 995 426 95 till
1960 995 426 95 närma¬-

475 1095 303 91 re
627 1095 354 91 kl.
829 1095 253 91 1
930 1095 303 91 på
1082 1095 556 91 natten,
1486 1095 303 91 då
1638 1095 354 91 han
1840 1095 253 91 i
1891 1095 505 91 sällskap

502 1179 406 101 med
734 1179 871 101 Lindquister
1431 1179 406 101 och
1663 1179 755 101 Fallquist
2186 1179 232 101 be

464 1273 449 104 gifva
763 1273 399 104 gått
1013 1273 599 104 derifrån
1462 1273 599 104 hvaremot
1861 1273 499 104 Svensson

486 1345 366 125 och
695 1345 471 125 Otter
1009 1345 471 125 redan
1323 1345 471 125 förut
1637 1345 576 125 skiljts
2004 1345 366 125 ifrån

479 1433 425 135 dem;
744 1433 372 135 att
957 1433 425 135 han,
1222 1433 796 135 Lindquister
1859 1433 372 135 och
2018 1433 372 135 Fall¬-

444 1531 482 143 quist
766 1531 590 143 skiljts
1195 1531 482 143 ifrån
1516 1531 697 143 hvarandra
2052 1531 268 143 i
2106 1531 268 143 ga¬-

460 1633 378 113 tan
676 1633 593 113 utanför
1107 1633 539 113 Handl.
1485 1633 324 113 L.
1647 1633 324 113 J.
1755 1633 647 113 Anderssons

467 1715 443 129 hus,
744 1715 609 129 hvarest
1187 1715 831 129 Lindquister
1851 1715 443 129 bott
2073 1715 277 129 och

491 1823 415 105 dit
728 1823 415 105 han
965 1823 534 105 ensam
1321 1823 653 105 ingått,
1737 1823 593 105 hvaremot

466 1914 733 110 Petersson
1029 1914 395 110 och
1255 1914 733 110 Fallquist
1762 1914 564 110 begifvit

443 2000 382 108 sig
662 2000 437 108 hvar
935 2000 382 108 och
1153 2000 328 108 en
1317 2000 437 108 till
1590 2000 437 108 sitt
1863 2000 437 108 hem;
2081 2000 273 108 att

447 2108 614 76 straxt
876 2108 553 76 efter
1245 2108 430 76 det
1490 2108 430 76 han
1675 2108 675 76 hemkommit

448 2204 419 74 och
688 2204 539 74 innan
1047 2204 419 74 han
1287 2204 479 74 ännu
1587 2204 599 74 hunnit

1919 2156 435 44 fullkomligt

2061 2203 333 44 afkläda

471 2308 395 66 sig,
717 2308 493 66 signal
1013 2308 444 66 gifvits

1441 2241 270 53 till

1680 2282 512 48 eldsen
1987 2282 307 48 vore

1919 2229 230 55 våda

475 2343 458 125 lös,
761 2343 629 125 hvarför
1219 2343 401 125 han
1448 2343 744 125 skyndsamt
1963 2343 343 125 åter

430 2427 612 141 påklädt
875 2427 389 141 sig
1098 2427 389 141 och
1321 2427 556 141 hastat
1710 2427 389 141 ut,
1933 2427 334 141 då
2044 2427 278 141 han

449 2543 528 113 funnit
819 2543 369 113 att
1030 2543 475 113 elden
1346 2543 475 113 varit
1663 2543 369 113 lös
1874 2543 264 113 i
1927 2543 475 113 Anders¬-

441 2629 455 115 sons
726 2629 910 115 ofvanberörde
1465 2629 455 115 hus:
1749 2629 398 115 att
1920 2629 398 115 såväl

462 2719 435 127 han,
734 2719 381 127 som
951 2719 816 127 Lindquister
1604 2719 381 127 och
1767 2719 599 127 Fallquist

466 2823 322 113 ej
627 2823 483 113 varit
950 2823 591 113 riktigt
1379 2823 591 113 nyktra,
1809 2823 322 113 då
1970 2823 322 113 de
2077 2823 269 113 åt¬-

463 2911 642 121 skiljdes;
956 2911 345 121 att
1154 2911 345 121 han
1351 2911 296 121 ej
1499 2911 740 121 ifrågakomne
2042 2911 296 121 natt

464 3011 702 119 innevarit
1004 3011 270 119 å
1112 3011 540 119 gården
1490 3011 432 119 till
1706 3011 648 119 Anderssons

448 3117 466 107 hus;
739 3117 466 107 samt
1030 3117 407 107 att
1263 3117 407 107 han
1495 3117 407 107 ej,
1728 3117 407 107 men
1961 3117 466 107 väl,

449 3221 343 93 som
645 3221 343 93 han
841 3221 441 93 tror,
1136 3221 736 93 Lindquister
1724 3221 392 93 rökt
1921 3221 441 93 cigarr,

433 3325 329 97 då
598 3325 329 97 de
762 3325 329 97 på
927 3325 549 97 natten
1311 3325 604 97 skildes
1750 3325 439 97 från
1970 3325 384 97 hvar¬-

456 3435 559 95 andra
828 3435 683 95 utanför
1325 3435 869 95 Anderssons
1946 3435 372 95 hus.

489 3545 456 89 Öfver
793 3545 405 89 hvad
1047 3545 557 89 sålunda
1452 3545 709 89 förekommet
2009 3545 456 89 skul¬

451 3634 316 84 le
609 3634 579 84 rapport
1030 3634 421 84 till
1293 3634 368 84 PKn
1504 3634 684 84 afgifvas.
1978 3634 368 84 Göte¬-

467 3706 457 92 borg
753 3706 400 92 den
981 3706 343 92 13
1153 3706 457 92 Mars
1382 3706 400 92 1880.

4601 223 244 60 No
4683 223 203 60 62.

4536 321 381 60 Johannes

4572 406 361 56 Olsson
4789 406 181 56 och

4579 482 227 69 Lars
4692 482 313 69 Johansson

2726 219 551 101 Hyrkusken
3149 219 212 101 F
3234 219 423 101 Lindhe
3530 219 423 101 boende
3827 219 212 101 i
3911 219 381 101 huset
4166 219 254 101 No
4293 219 254 101 17
4377 219 212 101 vid

2690 338 779 118 Magasinsgatan
3332 338 321 118 har
3515 338 550 118 Onsdagen
3928 338 321 118 den
4112 338 275 118 10
4203 338 367 118 dennes

2688 461 420 120 enligt
2982 461 505 120 bifogade
3361 461 589 120 skrifvelse
3823 461 420 120 anmält
4118 461 294 120 att
4244 461 294 120 under

2684 577 440 118 sistl.
2992 577 527 118 Februari
3387 577 396 118 månad
3651 577 352 118 från
3871 577 264 118 en
4003 577 352 118 låst
4222 577 352 118 loge
4398 577 132 118 å

2663 696 584 110 egendomen
3113 696 494 110 Carlsro
3472 696 225 110 i
3562 696 674 110 slotsskogen
4102 696 360 110 från
4281 696 315 110 honom

2679 804 586 138 tillgripits
3148 804 234 138 en
3265 804 234 138 ny
3382 804 469 138 hökärra,
3734 804 273 138 och
3890 804 234 138 en
4007 804 508 138 grönmålad
4359 804 195 138 ar¬-

2649 930 495 136 betssele
3020 930 289 136 med
3185 930 577 136 jernranke;
3638 930 330 136 samt
3844 930 289 136 att
4009 930 289 136 han
4174 930 289 136 för
4297 930 289 136 detta

2657 1062 533 116 tillgrepp
3067 1062 574 116 misstänkte
3518 1062 287 116 den
3681 1062 492 116 personen
4050 1062 451 116 hvilken
4337 1062 205 116 in¬-

2647 1192 344 114 köpt
2862 1192 387 114 husen
3120 1192 215 114 å
3206 1192 473 114 berörde
3508 1192 430 114 egendom.

2665 1294 244 138 I
2763 1294 634 138 anledning
3250 1294 439 138 häraf
3543 1294 439 138 hafva
3787 1294 731 138 Hemmansegarne

2655 1416 535 146 Johannes
3057 1416 491 146 Olsson,
3414 1416 312 146 och
3592 1416 357 146 Lars
3815 1416 580 146 Johansson
4216 1416 268 146 båda

2682 1546 422 154 boende
2977 1546 211 154 å
3061 1546 548 154 egendomen
3483 1546 380 154 Burås
3736 1546 211 154 i
3821 1546 506 154 Öregryte
4158 1546 380 154 socken,

2679 1668 287 170 och
2843 1668 410 170 hvilka
3130 1668 328 170 köpt
3335 1668 615 170 ifrågakomne
3828 1668 287 170 hus
3992 1668 451 170 blifvit
4279 1668 287 170 hörde

2671 1796 451 166 hvarvid
2999 1796 246 166 de
3122 1796 574 166 uppgifvit,
3573 1796 287 166 att
3736 1796 369 166 sedan
3982 1796 246 166 de
4105 1796 328 166 köpt
4269 1796 287 166 husen

2665 1913 214 170 å
2751 1913 471 170 Carlsro
3094 1913 257 170 af
3222 1913 600 170 Handlanden
3694 1913 386 170 Jonas
3951 1913 429 170 Olsson
4208 1913 300 170 genom

2666 2019 667 176 Stadsmäklare
3208 2019 500 176 Skoglund
3583 2019 292 176 med
3750 2019 459 176 villkor
4084 2019 292 176 att
4250 2019 375 176 husen

2656 2140 420 166 skulle
2950 2140 336 166 vara
3161 2140 505 166 flyttade
3539 2140 505 166 derifrån
3917 2140 294 166 den
4086 2140 252 166 14
4170 2140 336 166 dennes

2667 2266 245 160 de
2790 2266 409 160 ansett
3076 2266 286 160 sig
3239 2266 613 160 berättigade
3730 2266 368 160 öppna
3975 2266 409 160 dörren
4261 2266 327 160 till

2664 2368 401 180 logen,
2945 2368 281 180 att
3105 2368 241 180 då
3226 2368 602 180 ifrågakomne
3707 2368 361 180 kärra
3948 2368 361 180 stått
4189 2368 201 180 å
4229 2368 321 180 logen,

2668 2488 438 192 Olsson
2975 2488 525 192 begagnat
3368 2488 306 192 den
3543 2488 350 192 till
3762 2488 481 192 körning
4112 2488 263 192 af
4200 2488 306 192 saker

2688 2628 531 172 derifrån
3086 2628 398 172 några
3351 2628 487 172 gånger,
3705 2628 310 172 men
3882 2628 310 172 att
4059 2628 442 172 Olsson
4325 2628 221 172 som

2656 2748 252 178 ej
2782 2748 336 178 haft
2992 2748 294 178 för
3161 2748 420 178 afsigt
3455 2748 294 178 att
3623 2748 463 178 behålla
3959 2748 463 178 kärran,
4254 2748 252 178 Ons¬-

2675 2874 401 170 dagen
2943 2874 312 170 den
3121 2874 267 170 10
3254 2874 445 170 dennes
3566 2874 356 170 kört
3789 2874 445 170 kärran
4056 2874 490 170 tillbaka,

2660 3016 383 148 samt
2899 3016 335 148 att
3091 3016 287 148 de
3234 3016 287 148 ej
3378 3016 383 148 eger
3617 3016 431 148 någon
3904 3016 574 148 kännedom
4335 3016 287 148 om

2669 3168 584 124 tillgreppet
3136 3168 234 124 af
3214 3168 312 124 selen.

2671 3256 224 160 I
2761 3256 582 160 anledning
3208 3256 269 160 af
3343 3256 358 160 hvad
3566 3256 492 160 sålunda
3924 3256 492 160 blifvit
4238 3256 269 160 upp¬-

2673 3395 347 146 lyst
2889 3395 303 146 har
3063 3395 390 146 någon
3322 3395 433 146 åtgärd
3626 3395 303 146 mot
3799 3395 520 146 Johannes
4145 3395 347 146 Olsson

2665 3502 300 154 och
2837 3502 343 154 Lars
3051 3502 558 154 Johansson
3480 3502 257 154 ej
3609 3502 472 154 blifvit
3909 3502 429 154 vidtagen

3377 3666 520 120 Göteborg
3767 3666 304 120 den
3940 3666 260 120 15
4070 3666 347 120 Mars
4244 3666 260 120 1880
