5064 4062
508 118 495 173 skrifwelse
897 118 283 173 till
1073 118 601 173 Stadsfiskalen
1568 118 460 173 derstädes
1922 118 247 173 med
2028 118 318 173 begäran

468 246 256 190 om
596 246 342 190 hans
810 246 384 190 efter
1066 246 769 190 efterspanande;
1707 246 299 190 och
1878 246 299 190 har
2006 246 384 190 Konungs

469 347 918 207 Befallningshafwande
1267 347 199 207 i
1347 347 519 207 Halmstad,
1746 347 359 207 sedan
1945 347 439 207 Johansson

472 468 412 177 blifwit
771 468 486 177 derstädes
1145 468 449 177 anhållen
1482 468 262 177 med
1632 468 636 177 fångtransport
2118 468 262 177 låtit

467 590 464 180 hitsända
816 590 503 180 Johansson
1203 590 271 180 som
1357 590 232 180 Nu
1473 590 464 180 förvaras
1822 590 193 180 å
1860 590 426 180 härwarade

2044 607 330 131 Cellfängelse

447 698 215 193 I
533 698 560 193 anledning
964 698 387 193 häraf
1222 698 301 193 har
1394 698 344 193 Swen
1609 698 430 193 August
1867 698 517 193 Johansson,

471 829 247 194 för
612 829 528 194 undergående
1034 829 211 194 af
1140 829 352 194 förhör
1386 829 352 194 warit,
1633 829 282 194 från
1774 829 528 194 Cellfängelset

501 934 624 157 utreqwirerad,
1015 934 367 157 derwid
1272 934 257 157 han
1419 934 184 157 ,
1493 934 257 157 som
1639 934 220 157 de
1750 934 294 157 från
1896 934 441 157 Målsegarne

479 1068 476 174 tillgripne
853 1068 408 174 plaggen,
1159 1068 340 174 dervid
1397 1068 238 174 som
1534 1068 204 174 af
1636 1068 204 174 de
1738 1068 272 174 från
1874 1068 476 174 Målseganden.

475 1172 503 188 tillgripne
870 1172 431 188 plaggen,
1193 1172 251 188 war
1337 1172 359 188 iklädd
1588 1172 215 188 de
1696 1172 251 188 blå
1839 1172 395 188 byxorna
2091 1172 179 188 och

504 1275 273 179 bägge
686 1275 364 179 Wästarne
959 1275 394 179 upplystes
1262 1275 212 179 och
1383 1275 485 179 förklarades,
1778 1275 212 179 att
1899 1275 212 179 han
2021 1275 212 179 som
2112 1275 212 179 någon

498 1384 232 187 tid
631 1384 299 187 under
830 1384 299 187 sist.
1029 1384 332 187 winter
1261 1384 266 187 bott
1428 1384 232 187 hos
1560 1384 465 187 målsegaren
1926 1384 166 187 i
1992 1384 332 187 början
2191 1384 133 187 af

478 1507 309 169 sist.
684 1507 309 169 April
890 1507 344 169 månad,
1131 1507 447 169 afflyttat
1475 1507 275 169 från
1647 1507 344 169 dennes
1887 1507 378 169 bostad,
2128 1507 172 169 den

493 1629 227 189 12
607 1629 189 189 i
683 1629 417 189 berörde
986 1629 379 189 månad,
1251 1629 265 189 kl.
1403 1629 417 189 omkring
1706 1629 227 189 11
1819 1629 227 189 på
1933 1629 417 189 aftonen
2198 1629 114 189 i

497 1722 340 211 afsigt
735 1722 238 211 att
871 1722 374 211 stjäla,
1143 1722 408 211 begifwit
1450 1722 204 211 sg
1552 1722 238 211 dit
1688 1722 238 211 och
1824 1722 442 211 derstädes
2130 1722 170 211 med

480 1858 221 164 en
591 1858 368 164 krogik
848 1858 294 164 spik
1032 1858 368 164 öppnat
1289 1858 331 164 låset
1510 1858 294 164 till
1694 1858 221 164 en
1804 1858 441 164 garderob
2099 1858 257 164 hvar¬-

498 1946 229 126 ur
612 1946 267 126 han
765 1946 534 126 tillgripit
1185 1946 839 126 sommaröfwerrocken,
1871 1946 420 126 Bonjouren

489 2039 566 155 Lifrocken,
933 2039 445 155 Byxorna
1256 2039 283 155 och
1418 2039 242 155 de
1539 2039 323 155 båda
1741 2039 525 155 Wästarne;
2105 2039 202 155 att

512 2131 331 164 sedan
733 2131 258 164 han
880 2131 184 164 i
954 2131 221 164 en
1064 2131 405 164 medförd
1358 2131 294 164 säck
1542 2131 405 164 nedlagt
1837 2131 221 164 de
1910 2131 405 164 tillgrip¬-

504 2226 225 165 ne
616 2226 562 165 persedlarne
1066 2226 262 165 han
1216 2226 450 165 begifvit
1553 2226 262 165 sig
1703 2226 300 165 från
1891 2226 375 165 staden
2116 2226 187 165 för

484 2321 258 124 att
632 2321 221 124 gå
742 2321 295 124 till
927 2321 479 124 Halmstad,
1295 2321 258 124 der
1443 2321 258 124 han
1590 2321 369 124 ämnade
1849 2321 295 124 söka
1996 2321 332 124 arbete,

496 2411 273 139 att
652 2411 273 139 han
808 2411 351 139 under
1041 2411 351 139 vägen
1275 2411 273 139 dit
1431 2411 312 139 till
1626 2411 467 139 obekanta
1937 2411 390 139 personer

491 2515 436 130 försålt
808 2515 792 130 Sommaröfwerocken
1481 2515 277 130 för
1640 2515 277 130 fem
1798 2515 436 130 kronor,
2075 2515 238 130 bon¬-

482 2592 355 160 jouren
731 2592 249 160 för
873 2592 284 160 fyra
1051 2592 355 160 kronor
1300 2592 249 160 och
1442 2592 462 160 lifRocken
1798 2592 249 160 för
1940 2592 249 160 twå
2047 2592 284 160 kronor

478 2684 444 132 hvaremot
811 2684 259 132 han
959 2684 259 132 för
1106 2684 296 132 eget
1291 2684 296 132 bruk
1476 2684 444 132 behållit
1809 2684 222 132 de
1919 2684 259 132 blå
2030 2684 296 132 byxor¬-

480 2759 209 178 na
585 2759 313 178 jemte
793 2759 453 178 wästarne;
1142 2759 244 178 att
1281 2759 244 178 han
1420 2759 244 178 den
1559 2759 209 178 24
1664 2759 313 178 sist.
1873 2759 313 178 April
2082 2759 174 178 i
2116 2759 244 178 Halm¬-

476 2875 265 164 stad
642 2875 398 164 erhållit
940 2875 332 164 arbete
1173 2875 232 164 wid
1305 2875 232 164 ett
1438 2875 398 164 gjuteri,
1737 2875 365 164 hvilken
1969 2875 332 164 anställ¬-

471 2971 306 121 ning
662 2971 268 121 han
815 2971 460 121 innehaft
1160 2971 306 121 till
1352 2971 268 121 den
1505 2971 192 121 5
1582 2971 192 121 i
1658 2971 345 121 denna
1888 2971 383 121 månad,
2118 2971 153 121 då

482 3065 249 156 han
625 3065 462 156 derstädes
980 3065 391 156 blifvit
1264 3065 391 156 häktad,
1548 3065 284 156 samt
1725 3065 249 156 att
1867 3065 249 156 han
1974 3065 355 156 dessutom

482 3149 243 172 den
621 3149 208 172 12
725 3149 313 172 sist.
934 3149 313 172 April
1142 3149 208 172 på
1246 3149 417 172 aftonen,
1559 3149 208 172 då
1663 3149 243 172 han
1802 3149 347 172 slutat
2045 3149 243 172 sin
2149 3149 174 172 an¬-

472 3247 445 119 ställning
814 3247 239 119 hos
951 3247 650 119 Bryggeribolaget
1498 3247 410 119 "Forster
1806 3247 171 119 &
1874 3247 274 119 Son"
2045 3247 171 119 i
2080 3247 239 119 huset

474 3343 210 118 No
579 3343 210 118 10
684 3343 210 118 C.
789 3343 210 118 C.
894 3343 175 118 8
964 3343 175 118 &
1033 3343 175 118 9
1103 3343 245 118 vid
1243 3343 280 118 2dra
1418 3343 455 118 Långgatan
1768 3343 280 118 från
1907 3343 420 118 Stalldrän¬-

486 3419 255 150 gen
631 3419 365 150 Anders
887 3419 438 150 Larsson,
1215 3419 438 150 anställd
1543 3419 255 150 hos
1689 3419 365 150 nämnde
1908 3419 401 150 Bryggeri¬-

487 3510 313 160 bolag,
706 3510 438 160 tillgripit
1049 3510 219 160 ett
1174 3510 219 160 par
1299 3510 344 160 pjexor,
1550 3510 219 160 som
1675 3510 219 160 han
1800 3510 406 160 likaledes
2112 3510 188 160 nu
2175 3510 156 160 war

445 3591 308 131 klädd.

490 3652 554 164 Stalldrängen
941 3652 381 164 Larsson
1218 3652 243 164 har
1357 3652 347 164 anmält
1599 3652 243 164 sig
1738 3652 312 164 såsom
1946 3652 312 164 egare
2119 3652 208 164 till

474 3773 288 167 samme
666 3773 352 167 pjexor,
922 3773 288 167 under
1114 3773 352 167 uppgift
1370 3773 224 167 att
1497 3773 224 167 de,
1625 3773 224 167 som
1753 3773 192 167 då
1849 3773 352 167 Larsson
2073 3773 288 167 mistade

2660 109 392 152 desamme,
2954 109 294 152 warit
3150 109 294 152 wärda
3346 109 196 152 10
3444 109 359 152 kronor,
3705 109 228 152 den
3835 109 196 152 12
3933 109 294 152 sist.
4129 109 294 152 april
4292 109 196 152 från

2639 217 321 119 honom
2854 217 536 119 tillgripits
3282 217 179 119 i
3354 217 607 119 stallkammaren
3854 217 286 119 till
4032 217 321 119 huset
4247 217 214 119 No
4318 217 143 119 10

2651 305 196 144 C.
2749 305 196 144 C.
2848 305 164 144 8
2913 305 164 144 &
2979 305 164 144 9
3044 305 229 144 wid
3175 305 360 144 "andra"
3404 305 393 144 Långgatan.

2753 384 202 182 På
2854 384 303 182 grund
3057 384 202 182 af
3158 384 270 182 hvad
3326 384 371 182 sålunda
3596 384 472 182 förekommit
3933 384 202 182 etc.

3150 487 420 205 Göteborg
3465 487 245 205 den
3605 487 210 205 18
3710 487 420 205 December
3989 487 245 205 1880.

4464 458 321 170 No
4570 458 321 170 265.

2683 610 624 159 Seminarielven
3197 610 441 159 Johannes
3528 610 514 159 Andersson,
3932 610 367 159 boende
4189 610 184 159 i
4226 610 257 159 huset

2684 708 205 154 No
2786 708 171 154 2
2855 708 239 154 vid
2992 708 615 154 Folkskolegatan
3504 708 239 154 har
3641 708 445 154 Torsdagen
3983 708 239 154 den
4120 708 205 154 16
4222 708 171 154 i
4257 708 239 154 denna

2655 799 331 156 månad
2876 799 405 156 anmält,
3170 799 258 156 att
3318 799 258 156 den
3465 799 221 156 13
3575 799 184 156 i
3649 799 331 156 samma
3870 799 331 156 månad
4090 799 184 156 i
4164 799 258 156 ett
4274 799 258 156 olåst

2671 899 236 148 rum
2806 899 168 148 i
2873 899 269 148 hans
3042 899 337 148 bostad
3278 899 269 148 från
3446 899 303 148 honom
3648 899 505 148 tillgripits
4052 899 202 148 en
4153 899 371 148 lifrock
4389 899 135 148 af

2661 968 485 138 mörkblått
3034 968 560 138 dragonaltyg
3482 968 261 138 med
3631 968 336 138 swart
3855 968 560 138 klothfoder,
4266 968 224 138 wärd

2680 1064 202 165 30
2781 1064 370 165 kronor,
3050 1064 269 165 samt
3218 1064 235 165 att
3353 1064 235 165 han
3487 1064 235 165 för
3622 1064 303 165 detta
3824 1064 437 165 tillgrepp
4126 1064 404 165 misstänkte

2663 1159 272 123 att
2819 1159 584 123 Artillerist
3286 1159 272 123 vid
3441 1159 311 123 namn
3636 1159 467 123 Halldén,
3986 1159 428 123 hvilken
4259 1159 272 123 samma

2661 1247 270 152 dag
2816 1247 347 152 warit
3047 1247 309 152 sedd
3240 1247 501 152 innehafva
3587 1247 347 152 rocken.

2750 1298 187 170 I
2824 1298 486 170 anledning
3199 1298 337 170 häraf
3423 1298 262 170 har
3573 1298 636 170 Artilleristen
4096 1298 262 170 vid
4209 1298 224 170 3dje

2703 1413 466 132 Batteriet
3062 1413 215 132 af
3169 1413 359 132 Kongl.
3420 1413 287 132 Göta
3600 1413 789 132 artilleriregemente
4281 1413 215 132 No
4353 1413 143 132 43

2684 1498 244 176 Per
2824 1498 349 176 Albert
3068 1498 384 176 Halldén
3347 1498 384 176 blifwit
3626 1498 314 176 hörd,
3835 1498 384 176 hwarvid
4114 1498 244 176 han
4219 1498 314 176 vidgått

2690 1600 305 146 att,
2881 1600 229 146 då
2995 1600 267 146 han
3148 1600 267 146 den
3300 1600 229 146 13
3415 1600 381 146 dennes
3682 1600 191 146 i
3758 1600 343 146 något
3987 1600 381 146 ärende
4216 1600 305 146 skulle

2688 1678 359 144 besöka
2939 1678 574 144 målseganden,
3406 1678 323 144 denne
3621 1678 251 144 vid
3765 1678 502 144 tillfället
4159 1678 323 144 warit
4339 1678 215 144 bor¬-

2691 1788 273 162 ta,
2847 1788 429 162 Halldén
3159 1788 546 162 tillgripit
3588 1788 585 162 ifrågakomme
4055 1788 351 162 rock,
4250 1788 273 162 hvil¬-

2688 1862 272 162 ken
2844 1862 272 162 han
2999 1862 311 162 kort
3194 1862 467 162 derefter
3544 1862 272 162 för
3699 1862 311 162 åtta
3894 1862 389 162 kronor
4127 1862 389 162 pantsatt

2689 1950 257 184 hos
2836 1950 550 184 pantlånaren
3276 1950 220 184 J.
3386 1950 404 184 Olsson,
3680 1950 257 184 som
3827 1950 257 184 har
3937 1950 587 184 pantlånekontor

2692 2060 204 184 i
2774 2060 367 184 huset
3018 2060 245 184 No
3141 2060 204 184 4
3222 2060 285 184 wid
3385 2060 693 184 Klockaregatan
3956 2060 326 184 samt
4160 2060 285 184 att
4282 2060 204 184 han

2696 2152 322 191 till
2897 2152 684 191 Artilleristen
3460 2152 483 191 Lindgren
3822 2152 282 191 wid
3983 2152 282 191 8de
4104 2152 442 191 Batteriet

2697 2257 265 159 af
2829 2257 398 159 samma
3095 2257 575 159 Regemente
3537 2257 310 159 för
3714 2257 221 159 3
3803 2257 442 159 kronor
4068 2257 398 159 försålt

2631 2397 481 162 pantsedeln.

2755 2417 604 206 Artilleristen
3253 2417 427 206 Lindgren
3573 2417 249 206 har
3715 2417 249 206 hos
3858 2417 533 206 Pantlånaren
4249 2417 284 206 Olsson

2698 2547 422 160 utlöst
2993 2547 422 160 Rocken
3289 2547 296 160 och
3458 2547 296 160 mot
3627 2547 802 160 belåningssumman
4260 2547 296 160 åter¬-

2698 2662 435 145 lemnat
3003 2662 522 145 densamme
3395 2662 348 145 till
3569 2662 609 145 Målseganden.

2787 2723 293 185 Det
2955 2723 670 185 antecknades,
3499 2723 293 185 att
3667 2723 629 185 Målseganden
4128 2723 419 185 tillkän¬-

2706 2834 504 174 nagifwit,
3094 2834 271 174 att
3249 2834 271 174 han
3404 2834 310 174 till
3598 2834 776 174 Seminarieelefwen
4257 2834 233 174 G.
4335 2834 155 174 O.

2701 2929 683 215 Gabrielsson,
3256 2929 427 215 boende
3555 2929 213 215 i
3641 2929 384 215 huset
3897 2929 256 215 No
4025 2929 213 215 2
4110 2929 299 215 vid
4238 2929 299 215 Folk¬-

2710 3054 550 158 skolegatan,
3150 3054 367 158 lemnat
3407 3054 844 158 rättegångsfullmakt,
4141 3054 257 158 att
4288 3054 183 158 i
4324 3054 257 158 före¬-

2717 3168 457 137 varande
3050 3168 291 137 sak
3216 3168 333 137 föra
3424 3168 374 137 talen
3673 3168 291 137 för
3798 3168 582 137 Målseganden.

2808 3267 227 197 På
2922 3267 341 197 grund
3149 3267 227 197 af
3263 3267 303 197 hvad
3452 3267 417 197 sålunda
3756 3267 531 197 förekommit
4135 3267 227 197 etc.

3153 3432 486 174 Göteborg
3518 3432 284 174 den
3680 3432 486 174 December
4004 3432 284 174 1880.

4535 3389 305 157 No
4637 3389 305 157 266.

2734 3551 493 182 Följande
3104 3551 493 182 personer
3474 3551 370 182 hafva
3679 3551 370 182 anmält:

2732 3636 242 186 1o
2853 3636 363 186 Enkan
3094 3636 363 186 Maria
3336 3636 443 186 Olsson,
3659 3636 282 186 som
3820 3636 282 186 bor
3981 3636 201 186 i
4061 3636 363 186 huset
4303 3636 242 186 No
4384 3636 161 186 1.

2755 3738 290 190 wid
2920 3738 663 190 Sprängkullan
3459 3738 290 190 och
3625 3738 373 190 idkar
3874 3738 415 190 handel
4164 3738 290 190 med
4288 3738 249 190 bröd
