5080 4085
574 198 338 196 ken
767 198 338 196 men
960 198 628 196 uppgifvit
1443 198 338 196 att
1636 198 338 196 han
1829 198 290 196 af
1974 198 290 196 en
2070 198 290 196 obe¬-

565 316 425 156 kant
830 316 743 156 mansperson
1414 316 478 156 samme
1733 316 372 156 dag
1892 316 478 156 blifvit

553 402 607 148 anmodad
994 402 386 148 att
1215 402 607 148 förvara
1657 402 662 148 densamma
2098 402 276 148 me¬-

545 506 347 169 dan
744 506 447 169 denne
1042 506 496 169 ingått
1389 506 248 169 å
1488 506 347 169 ett
1637 506 695 169 Bolagsvärds¬-

553 596 345 178 hus
750 596 345 178 vid
947 596 690 178 Skolgatan,
1489 596 394 178 samt
1736 596 345 178 att
1933 596 296 178 då
2032 596 246 178 han

554 719 437 136 sedan
846 719 388 136 icke
1088 719 485 136 kunnat
1428 719 534 136 träffat
1816 719 340 136 den
1961 719 437 136 obekan¬-

549 813 325 138 te
711 813 379 138 han
928 813 542 138 lemnat
1307 813 542 138 rocken
1687 813 433 138 till
1903 813 488 138 Ekström

657 919 330 135 Det
845 919 471 135 skulle
1175 919 330 135 här
1364 919 613 135 antecknas
1835 919 330 135 att
1977 919 377 135 Polis¬-

550 1020 612 131 kammaren
1009 1020 357 131 den
1213 1020 306 131 19
1366 1020 459 131 sist.
1673 1020 561 131 Oktober
2030 1020 306 131 till

556 1106 687 169 Säfvedals
1085 1106 528 169 Härads
1455 1106 423 169 Rätt
1666 1106 687 169 öfverlemnat

530 1256 368 84 den
741 1256 526 84 vidare
1109 1256 894 84 ransakningen,
1792 1256 526 84 angående

542 1306 338 180 ett
735 1306 290 180 af
880 1306 628 180 Sjöstrand
1362 1306 628 180 föröfvadt
1797 1306 531 180 tillgrepp

566 1404 294 214 af
713 1404 343 214 två
909 1404 343 214 par
1104 1404 440 214 byxor
1398 1404 392 214 från
1643 1404 587 214 Gjutaren
2034 1404 294 214 Carl

546 1495 486 186 August
887 1495 632 186 Tobiasson
1373 1495 243 186 i
1421 1495 632 186 Krogsslätt.

672 1606 297 170 På
821 1606 446 170 grund
1119 1606 297 170 af
1267 1606 397 170 hvad
1515 1606 545 170 sålunda
1862 1606 496 170 förekom¬-

534 1698 383 180 mit
753 1698 547 180 kommer
1136 1698 438 180 Carl
1409 1698 547 180 Alfred
1737 1698 602 180 Sjöstrand

545 1805 353 172 att
746 1805 454 172 denna
1049 1805 353 172 dag
1251 1805 353 172 för
1452 1805 857 172 Poliskammaren
2108 1805 252 172 in¬-

404 1902 865 136 ställas.

1008 1967 564 156 Göteborg
1431 1967 329 156 den
1619 1967 235 156 3
1714 1967 517 156 Novemb.
2043 1967 329 156 1880.

35 2085 350 121 No
151 2085 292 121 232

60 2181 309 125 Carl
215 2181 309 125 August

47 2276 500 124 Colliander

536 2059 1109 187 Stufveriarbetaren
1486 2059 633 187 Bernhard
1909 2059 422 187 Olsson

536 2173 420 168 boende
830 2173 210 168 i
914 2173 378 168 huset
1166 2173 252 168 No
1292 2173 252 168 16
1418 2173 336 168 Litt
1629 2173 252 168 R.
1755 2173 252 168 af
1881 2173 252 168 Ms
2007 2173 252 168 1a
2091 2173 252 168 rote

538 2269 336 177 har
730 2269 576 177 Tisdagen
1162 2269 336 177 den
1354 2269 240 177 5
1450 2269 720 177 innevarande
1978 2269 384 177 Novem¬-

535 2363 350 171 ber
735 2363 500 171 anmält
1085 2363 350 171 att
1285 2363 650 171 Torsdagen
1785 2363 350 171 den
1985 2363 250 171 4
2035 2363 200 171 ds

530 2472 296 185 på
678 2472 247 185 f
777 2472 247 185 m
875 2472 395 185 inne
1122 2472 247 185 å
1221 2472 988 185 Bolagsvärdshuset
2061 2472 296 185 No
2159 2472 198 185 24

536 2594 342 142 vid
731 2594 830 142 Magasinsgatan
1415 2594 390 142 från
1659 2594 439 142 honom
1903 2594 488 142 tillgri¬-

524 2699 403 169 pits
775 2699 302 169 25
926 2699 503 169 kronor
1279 2699 252 169 i
1379 2699 805 169 pappersmynt,
2034 2699 302 169 på
2134 2699 252 169 det

528 2809 419 212 sätt
790 2809 367 212 att
999 2809 838 212 Arbetskarlen
1680 2809 419 212 Carl
1890 2809 419 212 August

546 2950 739 144 Colliander,
1137 2950 542 144 hvilken
1531 2950 443 144 äfven
1777 2950 542 144 innevarit

525 3070 257 159 å
627 3070 566 159 omnämde
1039 3070 669 159 värdshus,
1554 3070 669 159 frånryckt
2017 3070 257 159 ho¬-

514 3155 396 216 nom
741 3155 678 216 densamma
1249 3155 509 216 under
1588 3155 396 216 det
1814 3155 396 216 han
1984 3155 339 216 haft

512 3277 357 191 dem
716 3277 662 191 förvarade
1225 3277 255 191 i
1327 3277 357 191 sin
1531 3277 357 191 ena
1683 3277 357 191 hand.

713 3380 256 171 I
815 3380 666 171 anledning
1328 3380 461 171 häraf
1635 3380 461 171 hafva
1891 3380 410 171 Detek¬-

513 3490 924 189 tivkonstaplarne
1291 3490 292 189 V.
1437 3490 438 189 Bruun
1729 3490 340 189 och
1923 3490 243 189 C
1972 3490 340 189 Häll¬-

505 3591 483 155 ström
827 3591 376 155 den
1042 3591 268 155 5
1149 3591 322 155 ds
1310 3591 644 155 anhållit
1739 3591 483 155 bemälde

533 3702 670 165 Colliander
1059 3702 478 165 boende
1394 3702 239 165 i
1490 3702 431 165 huset
1777 3702 287 165 No
1920 3702 239 165 5
2016 3702 287 165 af
2112 3702 239 165 Mjs

2669 222 269 151 3
2777 222 430 151 rote
3046 222 591 151 hvilken
3476 222 376 151 vid
3691 222 376 151 det
3906 222 376 151 med
4067 222 376 151 honom

2675 334 567 148 anstälda
3100 334 472 148 förhör
3430 334 661 148 uppgifvit,
3950 334 331 148 att
4091 334 331 148 sedan

2651 440 359 128 han
2856 440 359 128 som
3061 440 308 128 en
3215 440 359 128 tid
3420 440 410 128 haft
3676 440 513 128 arbete
3984 440 564 128 gemensamt

2651 547 373 129 med
2864 547 532 129 Olsson
3236 547 692 129 Torsdagen
3769 547 373 129 den
3982 547 266 129 4
4088 547 319 129 ds
4195 547 266 129 med

2662 644 545 216 Olsson
3044 644 545 216 ingått
3426 644 273 216 å
3480 644 982 216 Bolagsvärdshuset

2674 763 279 183 No
2814 763 279 183 24
2954 763 326 183 vid
3140 763 791 183 Magasinsgatan
3791 763 326 183 för
3977 763 326 183 att
4163 763 326 183 der
4303 763 186 183 af

2672 892 495 148 Olsson
3019 892 545 148 uppbära
3415 892 297 148 25
3564 892 495 148 kronor
3861 892 545 148 utgörande

2689 980 667 205 Collianders
3222 980 400 205 andel
3489 980 222 205 i
3534 980 845 205 arbetsförtjensten

2653 1096 499 207 Olsson
3003 1096 350 207 väl
3202 1096 449 207 tagit
3502 1096 350 207 upp
3702 1096 549 207 berörde
4051 1096 400 207 belopp

2665 1209 292 187 ur
2811 1209 340 187 sin
3006 1209 729 187 portmonaie,
3589 1209 340 187 men
3783 1209 438 187 under
4027 1209 438 187 uppgift

2673 1322 313 165 att
2852 1322 627 165 Colliander
3345 1322 269 165 ej
3479 1322 358 165 hade
3703 1322 403 165 något
3972 1322 313 165 att
4106 1322 358 165 fordra

2680 1435 395 178 neka
2927 1435 593 178 utbetsta
3371 1435 445 178 något
3667 1435 395 178 till
3914 1435 494 178 denne,
4211 1435 296 178 samt

2682 1533 312 196 att
2860 1533 623 196 Colliander
3349 1533 267 196 då
3483 1533 401 196 ryckt
3750 1533 356 196 till
3972 1533 312 196 sig
4106 1533 401 196 pennin¬-

2690 1635 428 201 garne
2976 1635 380 201 från
3213 1635 523 201 Olsson,
3593 1635 523 201 hvilken
3973 1635 475 201 hållit
4258 1635 238 201 dem

2668 1753 248 184 i
2768 1753 347 184 ena
2966 1753 545 184 handen;
3362 1753 644 184 hvarefter
3808 1753 595 184 Colliander

2653 1868 355 185 som
2856 1868 508 185 ansett
3212 1868 762 185 penningarne
3821 1868 609 185 tillhöra
4227 1868 254 185 sig

2680 1994 382 152 icke
2919 1994 669 152 återlemnat
3444 1994 573 152 desamme,
3874 1994 382 152 utan
4065 1994 430 152 användt

2663 2095 284 220 en
2805 2095 331 220 del
2994 2095 331 220 för
3183 2095 378 220 eget
3372 2095 378 220 behof.

2874 2162 281 211 På
3015 2162 422 211 grund
3296 2162 281 211 af
3436 2162 375 211 hvad
3671 2162 515 211 sålunda
3999 2162 468 211 förekom¬-

2671 2296 367 208 mit
2880 2296 525 208 kommer
3248 2296 420 208 Carl
3510 2296 525 208 August
3825 2296 630 208 Colliander

2682 2378 312 247 att
2861 2378 401 247 denna
3128 2378 312 247 dag
3306 2378 312 247 för
3485 2378 758 247 Poliskammaren
4064 2378 401 247 instäl¬-

2597 2602 405 129 las.

3206 2509 560 210 Göteborg
3626 2509 326 210 den
3813 2509 233 210 6
3906 2509 373 210 Now.
4093 2509 326 210 1880.

4427 2643 379 160 No
4553 2643 316 160 233

4388 2784 530 140 Rapport

4476 2871 289 162 ang.
4620 2871 289 162 stulet

4431 3013 322 124 garn.

2826 2690 609 202 Följande
3283 2690 609 202 personer
3739 2690 457 202 hafva
3993 2690 406 202 anmält

2653 2775 287 179 1o
2797 2775 764 179 Månadskarlen
3417 2775 525 179 Charles
3799 2775 382 179 Borg
3990 2775 430 179 anstäld

2662 2861 337 207 hos
2854 2861 866 207 Handelsbolaget
3576 2861 625 207 Christian
4009 2861 433 207 Arvids¬-

2670 2969 338 188 son
2863 2969 241 188 &
2959 2969 290 188 Co
3104 2969 338 188 som
3297 2969 338 188 har
3490 2969 483 188 kontor
3828 2969 241 188 i
3924 2969 434 188 huset
4214 2969 290 188 No
4310 2969 145 188 8

2660 3064 384 199 vid
2879 3064 493 199 Norra
3208 3064 767 199 Hamngatan,
3811 3064 384 199 att
4030 3064 384 199 den
4195 3064 219 199 26

2692 3185 453 186 sistl.
3009 3185 498 186 Oktober
3371 3185 815 186 derförutgångne
4050 3185 362 186 natt
4231 3185 272 186 från

2666 3283 410 205 kajen
2940 3283 319 205 vid
3122 3283 410 205 Lilla
3396 3283 501 205 Bommen,
3761 3283 593 205 olofligen
4171 3283 319 205 till¬-

2668 3392 554 231 gripits
3071 3392 353 231 två
3272 3392 554 231 bundtar
3675 3392 504 231 oblekt
3977 3392 504 231 bomulls¬-

2695 3482 407 205 garn
2949 3482 457 205 värdt
3254 3482 254 205 7
3356 3482 508 205 kronor
3712 3482 305 205 50
3864 3482 356 205 öre
4017 3482 457 205 bundten

2661 3590 350 182 och
2861 3590 750 182 tillhörande
3461 3590 650 182 förenämde
3962 3590 500 182 bolag;
4262 3590 250 182 och

2672 3684 289 188 2o
2816 3684 866 188 Kommissionären
3538 3684 385 188 Carl
3778 3684 577 188 Sjöberg,
4163 3684 337 188 boen¬
