4917 4078
452 166 373 240 boende
713 166 186 240 i
787 166 373 240 kapten
1048 166 410 240 Odelius
1346 166 298 240 hus'
1533 166 186 240 i
1607 166 634 240 Tjörbostaden,
2129 166 261 240 att
2241 166 186 240 han

429 362 553 197 ifragakomne
871 362 258 197 dag
1019 362 221 197 på
1129 362 184 197 e
1203 362 221 197 m.
1314 362 332 197 varit
1535 362 184 197 i
1608 362 442 197 sällskap
1940 362 258 197 med
2051 362 368 197 Persson,

421 480 282 203 att
582 480 241 203 de
702 480 201 203 å
783 480 604 203 Kungstorget
1266 480 684 203 sammanträffat
1829 480 282 203 med
1950 480 483 203 målsegaren

422 613 382 203 hvilken
700 613 208 203 då
804 613 312 203 varit
1012 613 312 203 något
1220 613 347 203 rusig;
1463 613 243 203 att
1602 613 312 203 efter
1810 613 243 203 det
1949 613 208 203 de
2053 613 173 203 i
2122 613 208 203 en
2192 613 208 203 käl¬-

423 726 282 170 lare
599 726 459 170 derstädes
952 726 353 170 drukit
1199 726 247 170 öl,
1340 726 212 170 de
1446 726 282 170 alla
1623 726 247 170 tre
1764 726 176 170 i
1834 726 494 170 hvarandras
2187 726 212 170 säll

426 874 296 196 skap
611 874 443 196 begifvit
943 874 259 196 sig
1091 874 296 196 till
1276 874 628 196 Magasinsgatan
1793 874 259 196 der
1941 874 222 196 de
2052 874 406 196 uppgått
2310 874 111 196 i

416 997 219 215 en
526 997 475 215 trappgång
891 997 292 215 till
1074 997 329 215 huset
1293 997 219 215 No
1403 997 256 215 11,
1549 997 256 215 att
1695 997 475 215 Andersson
2060 997 256 215 der
2170 997 219 215 sett

407 1120 415 215 hurusom
709 1120 415 215 Persson
1012 1120 378 215 lyftat
1276 1120 264 215 upp
1427 1120 567 215 målsegarens
1880 1120 453 215 påhafvde
2182 1120 227 215 rock

427 1312 265 166 och
579 1312 417 166 stuckit
882 1312 265 166 ned
1034 1312 379 166 handen
1299 1312 190 166 i
1375 1312 265 166 ena
1526 1312 379 166 fickan
1792 1312 190 166 å
1867 1312 303 166 hans
2057 1312 341 166 byxor
2246 1312 152 166 u¬-

431 1427 248 190 tan
572 1427 248 190 att
714 1427 283 190 dock
891 1427 425 190 iakttaga
1209 1427 425 190 huruvida
1528 1427 389 190 Persson
1811 1427 354 190 dervid
2059 1427 212 190 ur
2130 1427 283 190 fickan

431 1591 415 186 upptagit
743 1591 311 186 någon
950 1591 519 186 portmonaie;
1365 1591 242 186 att
1503 1591 207 186 då
1607 1591 380 186 Persson
1884 1591 415 186 derefter
2160 1591 277 186 sprun¬-

436 1704 234 210 git
569 1704 234 210 sin
703 1704 234 210 väg
836 1704 367 210 Jansson
1103 1704 367 210 skyndat
1370 1704 300 210 efter
1570 1704 234 210 och
1703 1704 300 210 ropat
1904 1704 234 210 tag
2037 1704 267 210 fast
2170 1704 234 210 tjuf¬-

434 1829 289 231 ven,
614 1829 469 231 hvarefter
976 1829 469 231 Andersson
1337 1829 325 231 sagde
1553 1829 253 231 dag
1698 1829 289 231 icke
1878 1829 361 231 vidare
2095 1829 325 231 samman¬-

423 1990 381 212 träffat
701 1990 243 212 med
839 1990 277 212 vore
1013 1990 243 212 sig
1152 1990 381 212 Jansson
1429 1990 312 212 eller
1637 1990 416 212 Persson,
1949 1990 243 212 att
2053 1990 347 212 Anderson

419 2149 408 195 påföljde
725 2149 238 195 dag
861 2149 204 195 på
964 2149 272 195 e.m.
1134 2149 204 195 då
1236 2149 238 195 han
1372 2149 272 195 fått
1542 2149 272 195 veta
1712 2149 238 195 att
1848 2149 374 195 Persson
2087 2149 306 195 blifvit

425 2264 332 235 häktad
657 2264 266 235 gått
824 2264 266 235 till
990 2264 266 235 1ste
1156 2264 499 235 distriktets
1555 2264 465 235 vaktkontor
1921 2264 233 235 och
2054 2264 299 235 genom
2220 2264 166 235 ett

433 2411 308 220 oppet
638 2411 377 220 fönster
912 2411 274 220 till
1083 2411 240 220 det
1220 2411 582 220 förvaringerum
1700 2411 240 220 der
1836 2411 377 220 Persson
2076 2411 274 220 suttit

403 2573 348 210 häktad
647 2573 487 210 tillfrågat
1030 2573 383 210 Persson
1308 2573 383 210 rörande
1587 2573 383 210 orsaken
1865 2573 383 210 dertill
2144 2573 209 210 då
2213 2573 209 210 den¬-

424 2697 224 217 ne
536 2697 412 217 genmält
835 2697 262 217 det
985 2697 299 217 vore
1172 2697 262 217 för
1321 2697 262 217 den
1471 2697 449 217 personen
1808 2697 262 217 med
1957 2697 412 217 hvilken
2219 2697 150 217 de

411 2863 493 209 föregaende
798 2863 246 209 dag
939 2863 281 209 haft
1114 2863 457 209 sällskap,
1466 2863 457 209 hvarjemte
1818 2863 246 209 han
1959 2863 387 209 tillagt
2205 2863 176 209 att

400 2985 223 227 de
511 2985 484 227 penningar
884 2985 260 227 han
1032 2985 298 227 från
1218 2985 447 227 densamme
1553 2985 521 227 tillgripit
1963 2985 409 227 utgjort
2223 2985 149 227 14

386 3131 448 175 Kronor
700 3131 269 175 90
790 3131 224 175 öre

423 3278 235 230 2o
540 3278 978 230 Bleckslageriarbetaren
1400 3278 352 230 Ernst
1635 3278 313 230 Hugo
1831 3278 508 230 Svensson,
2182 3278 196 230 bo¬-

404 3416 323 201 ende
605 3416 202 201 i
686 3416 363 201 huset
928 3416 242 201 No
1049 3416 242 201 23
1170 3416 282 201 vid
1331 3416 524 201 Skolgatan
1735 3416 282 201 och
1896 3416 323 201 Karl
2058 3416 282 201 Rein¬-

400 3558 302 245 hola
589 3558 492 245 Engqvist,
967 3558 378 245 boende
1232 3558 189 245 i
1308 3558 605 245 Gamlestadens
1761 3558 643 245 fabriksbostäder

410 3726 875 201 sammanstämmande;
1154 3726 306 201 att
1329 3726 263 201 de
1461 3726 481 201 berörde
1811 3726 306 201 dag
1986 3726 263 201 på
2117 3726 219 201 e
2161 3726 175 201 m.

2510 178 283 181 sett
2687 178 248 181 tre
2828 178 425 181 personer
3147 178 177 181 i
3218 178 354 181 hvilka
3465 178 212 181 de
3572 178 460 181 igenkande
3926 178 389 181 Persson
4173 178 319 181 Anders¬-

2473 320 278 192 son
2632 320 278 192 och
2791 320 597 192 målsegaren,
3269 320 358 192 komma
3508 320 199 192 i
3587 320 557 192 hvarandras
4025 320 477 192 sällskap
4343 320 159 192 på

2489 466 638 190 Magasinsgatan,
3020 466 248 190 att
3162 466 213 190 de
3269 466 284 190 alla
3446 466 248 190 tre
3588 466 355 190 ingått
3836 466 177 190 i
3907 466 319 190 huset
4119 466 213 190 No
4226 466 213 190 11
4297 466 177 190 vid

2464 579 333 218 sagde
2686 579 333 218 gata;
2908 579 296 218 samt
3092 579 259 218 att
3240 579 222 218 de
3351 579 333 218 efter
3573 579 222 218 en
3684 579 296 218 kort
3869 579 333 218 stund
4090 579 296 218 åter
4238 579 259 218 utkom

2497 692 254 220 mit
2642 692 218 220 då
2751 692 399 220 Jansson
3041 692 399 220 utpekat
3331 692 399 220 Persson
3621 692 254 220 och
3766 692 326 220 ropat
3984 692 254 220 tag
4129 692 290 220 fast
4274 692 363 220 tjufven.

2555 832 448 209 Persson,
2890 832 410 209 hvilken
3189 832 261 209 den
3338 832 224 209 14
3450 832 373 209 dennes
3711 832 410 209 blifvit
3972 832 485 209 införpassad

2498 959 295 198 till
2682 959 516 198 härvarande
3088 959 590 198 cellfängelse
3567 959 258 198 för
3715 959 553 198 undergående
4157 959 221 198 af
4231 959 221 198 sju¬-

2488 1085 364 216 dagars
2742 1085 437 216 fängelse
3070 1085 255 216 vid
3216 1085 364 216 vatten
3471 1085 255 216 och
3616 1085 328 216 bröd,
3835 1085 255 216 har
3981 1085 291 216 idag
4126 1085 328 216 blifvit

2483 1250 390 197 instäld
2766 1250 319 197 efter
2979 1250 390 197 berörde
3263 1250 390 197 berörde
3546 1250 567 197 bestraffning
4007 1250 248 197 och
4149 1250 248 197 vid
4255 1250 213 197 för¬-

2473 1370 347 229 nyadt
2705 1370 386 229 förhör
2975 1370 425 229 vidgått
3284 1370 270 229 att
3438 1370 270 229 han
3593 1370 579 229 oftaberörde
4056 1370 270 229 dag
4210 1370 232 229 på
4326 1370 193 229 e
4365 1370 154 229 m.

2468 1535 238 207 på
2587 1535 317 207 sätt
2785 1535 555 207 målsegaren
3221 1535 515 207 uppgifvit
3618 1535 555 207 sällskapat
4054 1535 238 207 mu
4133 1535 317 207 denne;

2487 1667 267 220 men
2640 1667 573 220 fortfarande
3098 1667 458 220 förnekat
3442 1667 573 220 tillgreppet
3900 1667 229 220 af
3976 1667 497 220 portmonaien

2502 1844 398 183 jemte
2723 1844 619 183 penningarne.

2628 1927 576 228 Målsegaren
3080 1927 288 228 har
3245 1927 206 228 i
3327 1927 452 228 Persson
3656 1927 493 228 igenkänt
4026 1927 288 228 den
4149 1927 329 228 person

2508 2119 264 195 som
2659 2119 453 195 föröfvat
2961 2119 491 195 tillgreppet

2570 2215 252 186 De
2696 2215 252 186 12
2822 2215 420 186 Kronor
3116 2215 252 186 56
3242 2215 336 186 öre,
3452 2215 294 186 som
3621 2215 462 186 Persson
3957 2215 294 186 vid
4083 2215 462 186 anhållan¬-

2495 2389 317 193 det
2676 2389 544 193 innehade
3039 2389 453 193 bifogas.

2530 2511 292 239 På
2676 2511 439 239 grund
2969 2511 292 239 af
3115 2511 390 239 hvad
3359 2511 536 239 sålunda
3748 2511 682 239 förekommit
4236 2511 292 239 kom¬-

2478 2685 314 176 mer
2657 2685 403 176 Johan
2926 2685 493 176 Fredrik
3285 2685 493 176 Persson
3643 2685 314 176 att
3823 2685 403 176 denna
4091 2685 314 176 dag
4226 2685 224 176 för

2487 2775 487 198 Poliskn
2841 2775 619 198 inställas.
3327 2775 531 198 Göteborg
3726 2775 310 198 den
3903 2775 265 198 22
4035 2775 354 198 Juni
4212 2775 310 198 1880.

4463 2916 219 176 No
4537 2916 219 176 139.

4420 3054 282 141 Anton
4576 3054 251 141 Robert

4436 3174 254 107 Larsson
4620 3174 161 107 och
4690 3174 161 107 Johan

4400 3230 284 121 Jonsson.

2611 2931 540 195 Arbetskarlen
3050 2931 270 195 Aron
3219 2931 473 195 Johansson,
3591 2931 338 195 boende
3827 2931 169 195 å
3895 2931 338 195 Torpet
4097 2931 338 195 Fäfångan

2507 3044 151 175 i
2567 3044 332 175 stadens
2808 3044 241 175 12te
2959 3044 241 175 rote
3110 3044 211 175 har
3231 3044 362 175 Lördagen
3502 3044 211 175 den
3623 3044 181 175 19
3713 3044 302 175 dennes
3924 3044 332 175 anmält,
4166 3044 211 175 att
4256 3044 181 175 sag¬-

2513 3154 181 180 de
2603 3154 212 180 dag
2724 3154 212 180 kl.
2845 3154 151 180 6
2906 3154 272 180 e.m.,
3087 3154 181 180 då
3178 3154 212 180 han
3299 3154 302 180 kommit
3511 3154 302 180 gående
3722 3154 181 180 på
3813 3154 272 180 vägen
3994 3154 333 180 emellan
4206 3154 242 180 Stora¬-

2509 3250 224 155 och
2637 3250 289 155 Lilla
2830 3250 417 155 Härlanda,
3150 3250 224 155 två
3279 3250 321 155 okända
3503 3250 513 155 manspersoner
3920 3250 385 155 antastat
4176 3250 257 155 honom,

2519 3364 259 190 och,
2681 3364 292 190 under
2875 3364 389 190 uppgift,
3167 3364 227 190 det
3296 3364 194 190 de
3393 3364 259 190 voro
3555 3364 324 190 stadde
3782 3364 194 190 på
3879 3364 389 190 vandring
4171 3364 259 190 bedt
4300 3364 130 190 om

2503 3447 287 189 något
2694 3447 446 189 penningar;
3044 3447 223 189 att
3172 3447 223 189 han
3299 3447 159 189 i
3363 3447 414 189 anledning
3681 3447 287 189 deraf
3872 3447 414 189 framtagit
4191 3447 223 189 sin
4286 3447 223 189 port¬-

2522 3546 344 182 monnaie
2772 3546 219 182 som
2897 3546 437 182 innehållit
3240 3546 187 182 26
3334 3546 250 182 öre,
3490 3546 406 182 bestående
3802 3546 187 182 af
3896 3546 219 182 ett
4021 3546 468 182 silfvermynt
4364 3546 94 182 å

2509 3628 190 234 25
2604 3628 221 234 öre
2731 3628 221 234 och
2857 3628 221 234 ett
2984 3628 443 234 kopparmynt
3332 3628 158 234 å
3395 3628 221 234 ett
3522 3628 253 234 öre,
3680 3628 316 234 hvaraf
3901 3628 221 234 han
4028 3628 380 234 erbjudit
4281 3628 158 234 dem
