4963 4084
516 213 589 193 falskning
969 213 363 193 icke
1195 213 272 193 är
1331 213 272 193 på
1467 213 317 193 ett
1649 213 408 193 eller
1921 213 408 193 annat
2147 213 272 193 sätt

494 326 303 179 är
646 326 606 179 delaktig
1101 326 253 179 i
1202 326 303 179 de
1353 326 455 179 under
1657 326 455 179 sista
1909 326 455 179 tiderna

510 459 297 181 på
659 459 446 181 olika
956 459 545 181 ställen
1352 459 396 181 inom
1600 459 495 181 landet
1897 459 495 181 förekom¬-

481 579 457 180 mande
786 579 864 180 utprånglingar
1497 579 305 180 af
1650 579 508 180 falska
1955 579 406 180 sedlar

488 677 471 194 ehuru
802 677 471 194 någon
1116 677 680 194 bevisning
1639 677 523 194 derom,
1953 677 419 194 åtmin¬-

472 833 434 159 stone
761 833 338 159 för
954 833 724 159 närvarande,
1534 833 386 159 icke
1727 833 627 159 förefinnes.

624 945 499 170 Enligt
973 945 499 170 numera
1323 945 599 170 erhållna
1722 945 699 170 upplysningar

458 1025 337 198 har
650 1025 433 198 Höjer
939 1025 289 198 en
1083 1025 481 198 längre
1420 1025 337 198 tid
1612 1025 529 198 vistats
1997 1025 241 198 i
2045 1025 337 198 Norge

467 1135 343 179 och
663 1135 441 179 skall
957 1135 294 179 nu
1104 1135 637 179 uppehålla
1594 1135 343 179 sig
1790 1135 245 179 i
1839 1135 539 179 Christia¬-

476 1263 398 103 nia,
725 1263 448 103 ehuru
1024 1263 398 103 hans
1272 1263 498 103 bostad
1621 1263 348 103 der
1820 1263 299 103 ur
1919 1263 498 103 obekant,

461 1349 586 185 likasom
887 1349 373 185 det
1100 1349 533 185 falska
1473 1349 480 185 namn,
1793 1349 533 185 hvaraf
2113 1349 266 185 han

468 1437 550 203 begagnar
881 1437 321 203 sig
1064 1437 229 203 i
1156 1437 458 203 Norge.
1476 1437 229 203 I
1568 1437 687 203 Christiania
2072 1437 321 203 lärer

460 1552 363 153 han
668 1552 727 153 emellertid
1239 1552 467 153 hafva
1550 1552 623 153 formerat
1966 1552 467 153 närmare

470 1706 694 139 bekantskap
1016 1706 347 139 med
1214 1706 347 139 ett
1412 1706 694 139 fruntimmer
1957 1706 347 139 vid
2106 1706 297 139 namn

465 1750 494 177 Maria,
811 1750 346 177 som
1008 1750 346 177 bor
1206 1750 247 177 å
1305 1750 840 177 Skepparegatan
1997 1750 247 177 i
2046 1750 247 177 ett

482 1856 338 155 hus
675 1856 338 155 som
868 1856 387 155 till
1110 1856 290 155 en
1255 1856 338 155 del
1448 1856 532 155 skjuter
1835 1856 290 155 ut
1980 1856 290 155 på
2077 1856 338 155 gatan

487 1965 530 212 framför
872 1965 337 212 den
1065 1965 481 212 öfriga
1402 1965 626 212 husraden.
1835 1965 337 212 Höjer

2096 1984 332 123 visar

364 2084 299 184 sig
535 2084 427 184 enligt
834 2084 385 184 hvad,
1091 2084 299 184 som
1262 2084 641 184 uppgifvits,
1775 2084 513 184 tarfligt
2117 2084 299 184 klädd

463 2205 355 140 men

1001 2189 429 179 lärer
1287 2189 382 179 vara
1526 2189 525 179 försedd
1907 2189 334 179 med
2050 2189 382 179 snygga

462 2283 537 199 kläder,
853 2283 635 199 deriblund
1341 2283 293 199 en
1488 2283 635 199 öfverrock
1976 2283 293 199 af
2074 2283 244 199 blå

420 2445 405 102 velur.

582 2503 315 166 Härvid
802 2503 346 166 bifogas
1053 2503 252 166 dels
1211 2503 220 166 ett
1336 2503 315 166 mindre
1557 2503 661 166 fotografiporträtt
2123 2503 189 166 af
2186 2503 157 166 Hö¬-

468 2602 256 188 jer,
628 2602 288 188 taget
820 2602 192 188 år
884 2602 192 188 1872

1024 2605 132 67 och

1069 2603 262 149 dels
1233 2603 230 149 ett
1364 2603 230 149 det
1495 2603 197 149 af
1594 2603 295 149 honom
1791 2603 230 149 vid
1889 2603 459 149 frigifningen

466 2702 265 162 från
631 2702 463 162 Långholmen
995 2702 232 162 den
1128 2702 199 162 10
1227 2702 265 162 Juli
1392 2702 265 162 1879
1558 2702 298 162 tagna
1756 2702 397 162 porträtt
2054 2702 232 162 med
2154 2702 165 162 be¬-

458 2817 465 163 skrifning;
823 2817 232 163 och
956 2817 398 163 anhålles
1254 2817 232 163 att
1387 2817 597 163 Poliskammaren,
1885 2817 232 163 med
1984 2817 365 163 öfversän¬-

459 2940 275 156 dande
643 2940 183 156 af
735 2940 275 156 dessa
918 2940 459 156 fotografier
1285 2940 275 156 ville
1468 2940 214 156 hos
1591 2940 611 156 Polismyndigheten
2110 2940 153 156 i
2141 2940 214 156 Chri¬-

433 3038 354 199 stiania
690 3038 257 199 göra
851 3038 547 199 framställning
1301 3038 193 199 om
1397 3038 322 199 Höjers
1622 3038 547 199 efterspanande
2073 3038 225 199 och
2169 3038 193 199 häk¬-

435 3160 373 200 tande.
696 3160 447 200 Göteborg
1031 3160 261 200 den
1180 3160 186 200 8
1254 3160 261 200 Maj
1366 3160 261 200 1880.

83 3268 298 157 No
183 3268 248 157 108

27 3384 202 190 Carl
153 3384 253 190 August
305 3384 202 190 Carls¬-

25 3529 203 124 son
112 3529 407 124 Hammarström.

531 3262 591 203 Poliskonstapeln
1028 3262 187 203 No
1122 3262 187 203 17
1215 3262 404 203 Liljegren
1526 3262 218 203 har
1650 3262 373 203 Lördagen
1930 3262 218 203 den
2054 3262 155 203 8
2085 3262 249 203 dennes

482 3375 179 161 kl
572 3375 209 161 1/2
691 3375 179 161 12
781 3375 239 161 f.m.
931 3375 150 161 å
990 3375 419 161 Skeppsbron
1319 3375 359 161 anhållit
1588 3375 269 161 förre
1738 3375 568 161 Kronoarbetskarlen

469 3520 274 159 Carl
640 3520 343 159 August
880 3520 411 159 Carlsson
1189 3520 548 159 Hammarström,
1634 3520 343 159 boende
1874 3520 171 159 i
1943 3520 309 159 huset
2148 3520 206 159 No
2217 3520 137 159 20

455 3603 216 210 vid
578 3603 462 210 Bergsgatan,
948 3603 216 210 för
1072 3603 216 210 det
1195 3603 216 210 han
1318 3603 370 210 innehaft
1596 3603 339 210 omkring
1842 3603 216 210 tre
1965 3603 216 210 fot
2058 3603 308 210 stenkol,

2596 243 223 163 för
2724 243 351 163 åtkomst
2979 243 383 163 hvartill
3266 243 223 163 han
3394 243 191 163 ej
3489 243 319 163 kunnat
3713 243 415 163 redogöra;
4032 243 223 163 och
4159 243 223 163 har
4255 243 287 163 Hammar¬-

2573 366 258 192 ström
2745 366 201 192 vid
2860 366 201 192 det
2975 366 201 192 med
3089 366 258 192 honom
3261 366 143 192 i
3319 366 373 192 anledning
3606 366 258 192 häraf
3778 366 373 192 anställde
4064 366 287 192 förhör
4236 366 287 192 vidgått,

2594 476 215 213 att
2717 476 215 213 han
2840 476 431 213 tillgripit
3179 476 461 213 ifrågakomne
3548 476 215 213 kol
3671 476 185 213 ur
3763 476 185 213 en
3855 476 277 213 pråm,
4040 476 215 213 som
4163 476 277 213 varit
4316 476 185 213 lig¬-

2602 595 265 217 gande
2778 595 206 217 vid
2896 595 531 217 jernvägskajen,
3339 595 147 217 i
3398 595 295 217 afsigt
3604 595 206 217 att
3722 595 354 217 försälja
3987 595 354 217 desamma;
4253 595 236 217 samt
4371 595 147 217 att

2593 701 226 167 han
2722 701 258 167 kort
2883 701 290 167 förut
3077 701 194 167 ur
3173 701 290 167 samma
3367 701 258 167 pråm
3528 701 452 167 tillgripit
3883 701 355 167 omkring
4141 701 161 167 2
4205 701 226 167 fot
4302 701 226 167 sten¬-

2594 848 251 150 kol,
2750 848 220 150 som
2876 848 220 150 han
3001 848 220 150 för
3127 848 188 150 50
3221 848 220 150 öre
3347 848 251 150 sålt
3503 848 251 150 till
3629 848 847 150 Nykterhetsvärdshusidkaren

2594 915 392 231 Svenssons
2895 915 301 231 hustru
3106 915 271 231 Brita
3287 915 392 231 Christina
3589 915 362 231 Svensson
3860 915 151 231 i
3920 915 271 231 huset
4101 915 181 231 No
4191 915 151 231 2
4252 915 211 231 vid
4342 915 181 231 Bro¬-

2557 1102 352 150 gatan.

2727 1116 340 206 Hustrun
2974 1116 278 206 Brita
3159 1116 401 206 Christina
3468 1116 401 206 Svensson,
3777 1116 278 206 härom
3962 1116 278 206 hörd,
4147 1116 216 206 har
4240 1116 278 206 erkänt,

2610 1237 225 182 att
2738 1237 225 182 hon
2867 1237 225 182 för
2995 1237 193 182 50
3091 1237 225 182 öre
3220 1237 257 182 köpt
3380 1237 353 182 omkring
3637 1237 161 182 2
3701 1237 225 182 fot
3830 1237 225 182 kol
3958 1237 193 182 af
4023 1237 449 182 Hammarström,

2607 1386 337 186 hvilken
2852 1386 214 186 för
2975 1386 275 186 henne
3158 1386 428 186 uppgifvit,
3495 1386 214 186 att
3617 1386 214 186 han
3740 1386 337 186 plockat
3985 1386 214 186 dem
4107 1386 153 186 å
4138 1386 367 186 Skeppsbro¬-

2545 1570 329 141 kajen.

2789 1605 419 189 Handlanden
3118 1605 240 189 Jean
3268 1605 180 189 O.
3358 1605 389 189 Eriksson,
3658 1605 210 189 som
3777 1605 210 189 har
3897 1605 240 189 sitt
4047 1605 299 189 kontor
4256 1605 150 189 i
4286 1605 210 189 huset

2611 1713 183 157 No
2702 1713 152 157 1
2763 1713 213 157 vid
2885 1713 457 157 Skeppsbron,
3251 1713 213 157 har
3373 1713 305 157 anmält
3586 1713 213 157 sig
3708 1713 213 157 som
3830 1713 274 157 egare
4013 1713 244 157 till
4135 1713 396 157 ifrågakomne

2611 1821 238 204 kal,
2760 1821 268 204 under
2939 1821 357 204 uppgift,
3207 1821 209 204 att
3326 1821 209 204 de,
3445 1821 209 204 som
3565 1821 238 204 vore
3713 1821 268 204 värde
3892 1821 179 204 30
3982 1821 209 204 öre
4101 1821 298 204 foten,
4279 1821 209 204 till¬-

2598 1927 370 220 gripits
2867 1927 202 220 ur
2968 1927 235 220 den
3102 1927 202 220 af
3203 1927 504 220 Hammarström
3607 1927 403 220 uppgifne
3909 1927 370 220 pråmen;
4178 1927 235 220 och
4279 1927 235 220 hafva

2596 2051 197 220 de
2695 2051 263 220 kol,
2859 2051 230 220 som
2990 2051 492 220 Hammarström
3384 2051 230 220 vid
3515 2051 492 220 anhållandet
3909 2051 427 220 innehade,
4205 2051 295 220 blifvit

2589 2217 279 144 till
2763 2217 488 144 Målsegaren
3112 2217 488 144 återlemnade.

2784 2279 197 213 På
2883 2279 295 213 grund
3079 2279 197 213 af
3178 2279 262 213 hvad
3342 2279 361 213 sålunda
3604 2279 492 213 förekommit,
3998 2279 197 213 är
4096 2279 262 213 Carl
4228 2279 262 213 August

2601 2410 389 179 Carlsson
2892 2410 486 179 Hammarström
3281 2410 324 179 kallad
3508 2410 259 179 till
3670 2410 486 179 inställelse
4059 2410 292 179 inför
4221 2410 259 179 Polis¬-

2599 2512 455 193 Kammaren
2940 2512 341 193 denna
3168 2512 303 193 dag.
3357 2512 455 193 Göteborg
3699 2512 265 193 den
3850 2512 227 193 10
3964 2512 265 193 Maj
4078 2512 265 193 1880.

4473 2606 249 135 No
4555 2606 249 135 109.

4436 2773 288 121 Johan
4596 2773 256 121 Anders

4437 2845 271 140 Svensson.

2748 2673 440 176 Följande
3078 2673 440 176 personer
3408 2673 330 176 hafva
3591 2673 330 176 anmält:

2588 2750 200 197 1o
2688 2750 400 197 Kassören
2988 2750 267 197 Axel
3155 2750 400 197 Nyström,
3455 2750 701 197 wärdshusidkerskan
4055 2750 300 197 Maria
4222 2750 267 197 Ljung¬-

2602 2863 272 183 berg,
2783 2863 696 183 Kontorsvaktmästaren
3389 2863 182 183 O.
3480 2863 182 183 C.
3571 2863 303 183 Selvig
3782 2863 212 183 och
3904 2863 272 183 pigan
4085 2863 363 183 Fredrika
4327 2863 182 183 Ols¬-

2602 2988 254 195 son,
2761 2988 158 195 i
2824 2988 317 195 tjenst
3046 2988 222 195 hos
3173 2988 349 195 bemälde
3426 2988 349 195 Selvig,
3680 2988 254 195 alla
3838 2988 317 195 boende
4060 2988 158 195 i
4124 2988 285 195 huset
4314 2988 190 195 No
4377 2988 127 195 10

2598 3092 229 205 vid
2729 3092 261 205 Öfra
2892 3092 588 205 Magasinsgatan,
3383 3092 229 205 att
3513 3092 294 205 sedan
3709 3092 327 205 slutet
3938 3092 196 205 af
4036 3092 425 205 sistlidne
4330 3092 131 205 A¬-

2589 3240 279 181 pril
2763 3240 314 181 månad
2938 3240 453 181 tillgripits

2589 3318 265 211 från
2754 3318 397 211 Nyström:
3052 3318 199 211 en
3152 3318 331 211 gammal
3383 3318 430 211 ljuskrona
3714 3318 199 211 af
3814 3318 397 211 messing,
4112 3318 265 211 värd
4277 3318 199 211 10
4343 3318 166 211 kr;

2600 3439 277 200 från
2773 3439 484 200 Ljungberg:
3154 3439 208 200 en
3258 3439 311 200 kruka
3465 3439 484 200 hallonsylt
3846 3439 311 200 hvarå
4053 3439 311 200 värde
4261 3439 208 200 ej
4330 3439 173 200 kan

2595 3601 502 164 uppgifvas;
2954 3601 108 164 f

2611 3644 253 221 från
2770 3644 348 221 Selvig:
3023 3644 190 221 en
3118 3644 221 221 del
3244 3644 253 221 keks
3402 3644 221 221 och
3529 3644 316 221 nötter
3750 3644 190 221 af
3845 3644 411 221 obestämdt
4162 3644 285 221 värde
4320 3644 158 221 och
