5050 4074
487 185 153 86 4
549 185 215 86 st.
671 185 368 86 skjortor
948 185 184 86 av
1040 185 399 86 domistik,
1347 185 276 86 värde
1531 185 153 86 2
1592 185 215 86 kr.
1685 185 153 86 st.

2097 183 167 82 8.-

463 289 204 96 1
545 289 204 96 -
626 289 245 96 do
749 289 204 96 -
830 289 245 96 af
912 289 245 96 ylle

2087 290 263 85 6,50,

473 391 154 92 6
535 391 246 92 gula
658 391 430 92 sitsnäsdukar

2102 384 258 81 2,75.

475 498 164 85 1
541 498 230 85 röd
640 498 460 85 sidenhalsduk

2102 497 230 64 1,90.

483 593 164 85 1
549 593 229 85 gul
647 593 459 85 sidenhalsduk

2139 575 156 68 "
2170 575 156 68 83,

481 693 223 75 14
555 693 371 75 damekrus

2075 675 237 77 7:-,

471 787 154 85 5
502 787 678 85 kompositionsbroscher

2080 770 224 76 2,50.

494 869 163 103 1
559 869 228 103 par
689 869 260 103 dame
851 869 488 103 guttapercka
1209 869 358 103 galoscher

2104 875 228 72 2.
2180 875 114 72 -

481 979 154 91 2
543 979 216 91 st.
636 979 432 91 portmonnaier

2122 956 183 79 2.
2183 956 92 79 -

495 1064 173 96 1
565 1064 311 96 karta
772 1064 242 96 med
911 1064 692 96 manchettknappar,
1464 1064 208 96 värd

2138 1055 168 70 4.
2194 1055 84 70 -

470 1173 160 92 3
534 1173 319 92 lådor,
757 1173 511 92 innehållande
1141 1173 319 92 cigarrer

2125 1147 150 83 24
2175 1147 75 83 -

490 1273 180 88 1
562 1273 325 88 karta
779 1273 253 88 med
887 1273 469 88 hattspännen

2125 1253 199 73 1,50,

457 1385 203 84 1
498 1385 366 84 damekam

2084 1344 244 77 0,50.

459 1484 165 87 2
525 1484 691 87 Annotationsböcker

2086 1445 180 74 1:-

457 1550 229 123 och
588 1550 360 123 diverse
850 1550 295 123 andra
1047 1550 557 123 handelsvaror,
1506 1550 229 123 som
1637 1550 262 123 icke
1801 1550 295 123 kunde
1965 1550 393 123 uppgifvas.

465 1659 187 118 2o
558 1659 531 118 Hemmansegaren
996 1659 219 118 Per
1121 1659 375 118 Svensson
1402 1659 250 118 från
1558 1659 312 118 gården
1777 1659 344 118 Svänsby
2026 1659 156 118 i
2089 1659 281 118 Säfve
2245 1659 125 118 sn

467 1777 188 118 på
561 1777 406 118 Hisingen,
873 1777 219 118 att
998 1777 375 118 lördagen
1280 1777 219 118 den
1405 1777 156 118 7
1467 1777 313 118 dennes
1686 1777 188 118 på
1780 1777 250 118 e.m.
1936 1777 156 118 å
1999 1777 250 118 hans
2124 1777 250 118 åkdon,

463 1881 345 128 stående
714 1881 345 128 utanför
965 1881 283 128 huset
1153 1881 188 128 No
1248 1881 157 128 7
1310 1881 220 128 vid
1436 1881 408 128 Torggatan
1750 1881 251 128 från
1907 1881 283 128 honom
2064 1881 314 128 tillgri¬-

460 1981 268 132 pits
628 1981 201 132 en
729 1981 302 132 tina,
930 1981 536 132 innehållande
1366 1981 201 132 en
1466 1981 201 132 ny
1567 1981 402 132 psalmbok
1869 1981 235 132 med
1969 1981 369 132 förgyllda

458 2101 326 118 kanter,
695 2101 237 118 värd
843 2101 148 118 7
902 2101 296 118 Kronor
1110 2101 178 118 50
1198 2101 207 118 öre
1317 2101 237 118 samt
1465 2101 178 118 en
1554 2101 207 118 del
1672 2101 296 118 kaffe,
1879 2101 326 118 socker,
2086 2101 326 118 hvetemjöl

476 2231 198 84 och
589 2231 255 84 blått
731 2231 283 84 ullgarn.

476 2301 182 112 3o
567 2301 425 112 handlanden
931 2301 182 112 A.
1022 2301 395 112 Lundbäck,
1325 2301 303 112 boende
1538 2301 152 112 i
1599 2301 273 112 huset
1781 2301 182 112 No
1872 2301 152 112 8
1932 2301 212 112 vid
2054 2301 273 112 Östra
2206 2301 212 112 Larm¬-

457 2411 294 116 gatan,
662 2411 206 116 att
780 2411 353 116 lördagen
1044 2411 206 116 den
1162 2411 147 116 7
1221 2411 294 116 dennes
1427 2411 176 116 på
1515 2411 235 116 e.m.
1662 2411 265 116 genom
1838 2411 323 116 inbrott
2073 2411 147 116 i
2132 2411 206 116 ett
2220 2411 206 116 skaf¬-

450 2523 255 114 feri
610 2523 192 114 på
706 2523 287 114 undra
897 2523 319 114 botten
1121 2523 160 114 i
1185 2523 351 114 berörde
1440 2523 255 114 hus,
1600 2523 287 114 genom
1791 2523 447 114 begagnande
2143 2523 192 114 af
2206 2523 224 114 falsk

454 2661 357 100 nyckel,
713 2661 260 100 från
876 2661 292 100 honom
1071 2661 487 100 tillgripits
1460 2661 195 100 en
1558 2661 227 100 ost
1688 2661 195 100 om
1785 2661 195 100 20
1883 2661 195 100 ℔,
1980 2661 260 100 värd
2110 2661 260 100 13,40.

473 2787 205 88 och
590 2787 176 88 en
678 2787 205 88 ost
796 2787 176 88 om
884 2787 176 88 16
972 2787 176 88 ℔,
1060 2787 235 88 värd
1206 2787 147 88 8
1236 2787 264 88 kronor;

469 2903 197 78 4o
568 2903 296 78 Enkan
765 2903 329 78 Ingrid
995 2903 427 78 Granberg,
1324 2903 329 78 boende
1554 2903 164 78 i
1619 2903 460 78 sistnämnde
1981 2903 263 78 hus,
2145 2903 230 78 att
2244 2903 164 78 vid

455 3035 472 76 sistberörda
832 3035 409 76 tillfälle
1147 3035 157 76 i
1210 3035 441 76 Handlanden
1557 3035 409 76 Lundbäcks
1872 3035 409 76 skafferi,
2155 3035 189 76 från

449 3139 294 82 henne
645 3139 490 82 tillgripits
1037 3139 196 82 en
1135 3139 229 82 blå
1266 3139 359 82 blommig
1527 3139 620 82 porslinstallrik
2049 3139 294 82 jemte
2213 3139 163 82 ett

453 3237 212 86 22
559 3237 283 86 ägg,
736 3237 531 86 tillsammans
1160 3237 318 86 värde
1373 3237 177 86 2
1443 3237 389 86 Kronor,
1691 3237 177 86 och

470 3333 203 98 5o
572 3333 677 98 Slagtaremästaren
1147 3333 203 98 J.
1249 3333 203 98 F.
1350 3333 440 98 Carlsson,
1689 3333 339 98 boende
1926 3333 169 98 i
1994 3333 305 98 huset
2197 3333 203 98 No
2264 3333 102 98 5

457 3443 219 110 vid
582 3443 501 110 Kungstorget,
989 3443 219 110 att
1114 3443 219 110 den
1239 3443 157 110 7
1302 3443 313 110 dennes
1521 3443 188 110 på
1615 3443 532 110 eftermiddagen
2054 3443 250 110 från
2179 3443 219 110 honom

451 3557 501 100 tillgripits
852 3557 234 100 två
985 3557 234 100 st.
1119 3557 401 100 slagtade
1420 3557 301 100 gäss,
1621 3557 334 100 hwilka
1855 3557 301 100 varit
2022 3557 334 100 uthängda

460 3673 161 84 å
524 3673 193 84 en
621 3673 290 84 stång
814 3673 161 84 i
878 3673 451 84 portgången
1233 3673 258 84 till
1394 3673 290 84 sagde
1587 3673 225 84 hus
1716 3673 225 84 och
1845 3673 483 84 tillsammans
2199 3673 193 84 voro

446 3783 286 78 värda
637 3783 191 78 10
700 3783 286 78 Kronor.

2751 208 282 130 Såsom
2939 208 407 130 misstänkt
3252 208 219 130 för
3377 208 470 130 tillgreppet
3753 208 188 130 af
3847 208 219 130 Per
3972 208 407 130 Svenssons
4285 208 282 130 tina,
4442 208 188 130 haf¬-

2699 318 200 146 va
2799 318 801 146 detektivkonstaplarne
3500 318 401 146 Rönnbäck
3801 318 234 146 och
3934 318 334 146 Andrén
4168 318 401 146 Måndagen
4435 318 167 146 den

2695 419 155 156 9
2757 419 310 156 dennes
2974 419 372 156 anhållit
3253 419 465 156 ynglingarne
3625 419 279 156 Johan
3810 419 341 156 Mauritz
4058 419 434 156 Andersson,
4368 419 186 156 född

2708 531 209 154 den
2828 531 149 154 1
2887 531 358 154 Februari
3156 531 239 154 1864
3305 531 209 154 och
3424 531 298 154 boende
3633 531 209 154 hos
3752 531 209 154 sin
3872 531 269 154 fader
4051 531 328 154 Sågaren
4289 531 239 154 Carl
4409 531 149 154 An¬-

2699 632 346 164 dersson
2950 632 157 164 i
3013 632 283 164 huset
3201 632 189 164 No
3296 632 251 164 Litt
3453 632 251 164 rödt
3610 632 157 164 L
3673 632 189 164 af
3767 632 377 164 Majornas
4050 632 314 164 förste
4270 632 251 164 rote
4395 632 189 164 samt

2706 734 238 174 Carl
2855 734 297 174 Gustaf
3063 734 327 174 Theodor
3301 734 327 174 Olsson,
3539 734 238 174 född
3688 734 208 174 den
3807 734 178 174 30
3896 734 327 174 Januari
4134 734 238 174 1859
4283 734 208 174 och
4372 734 238 174 boende

2668 846 236 173 hos
2803 846 236 173 sin
2938 846 304 173 moder
3141 846 304 173 enkan
3343 846 304 173 Beata
3546 846 337 173 Olsson
3782 846 169 173 i
3849 846 304 173 huset
4052 846 202 173 No
4153 846 236 173 242
4288 846 169 173 i
4322 846 236 173 samma

2698 964 293 155 rote,
2893 964 325 155 hvilka
3120 964 228 155 vid
3250 964 228 155 det
3380 964 228 155 med
3510 964 228 155 dem
3640 964 423 155 anställda
3965 964 325 155 förhör
4160 964 390 155 uppgifvit:

2705 1062 463 170 Andersson:
3069 1062 232 170 att
3201 1062 298 170 sedan
3399 1062 232 170 han
3532 1062 232 170 och
3664 1062 331 170 Olsson
3896 1062 397 170 Lördagen
4193 1062 232 170 den
4325 1062 165 170 7
4392 1062 198 170 ds
4458 1062 132 170 på

2703 1175 266 169 e.m.
2869 1175 167 169 å
2936 1175 466 169 fisktorget
3302 1175 566 169 sammanträffat
3769 1175 233 169 med
3902 1175 500 169 ynglingarne
4268 1175 300 169 Andreas

2695 1283 347 165 Magnus
2938 1283 382 165 Bergman
3216 1283 243 165 och
3355 1283 312 165 Johan
3563 1283 312 165 Albin
3772 1283 382 165 Olsson,
4049 1283 208 165 de
4119 1283 451 165 allesammans

2697 1388 374 174 begifvit
2977 1388 218 174 sig
3102 1388 249 174 till
3257 1388 436 174 torggatan,
3600 1388 342 174 hvarest
3849 1388 436 174 Andersson,
4191 1388 187 174 på
4254 1388 342 174 uppmaning

2712 1494 191 182 af
2808 1494 255 182 Carl
2967 1494 350 182 Olsson,
3221 1494 255 182 från
3381 1494 223 182 ett
3508 1494 286 182 åkdon
3699 1494 446 182 tillgripit
4049 1494 477 182 ifrågakomne
4399 1494 223 182 tina,

2698 1602 305 182 hvarur
2911 1602 213 182 han
3033 1602 274 182 tagit
3216 1602 183 182 en
3307 1602 274 182 strut
3490 1602 427 182 hvetemjöl,
3826 1602 213 182 1/2
3948 1602 152 182 ℔
4009 1602 305 182 Socker
4222 1602 213 182 och
4344 1602 213 182 ett
4436 1602 152 182 pa¬-

2686 1716 212 174 ket
2807 1716 182 174 af
2898 1716 333 174 omkring
3140 1716 212 174 1/3
3261 1716 151 174 ℔
3321 1716 272 174 blått
3503 1716 363 174 ullgarn,
3775 1716 393 174 hvarefter
4078 1716 212 174 han
4199 1716 303 174 ställt
4380 1716 212 174 tinan

2682 1826 171 176 i
2750 1826 205 176 en
2853 1826 445 176 portgång,
3195 1826 240 176 der
3332 1826 274 176 Carl
3503 1826 342 176 Olsson
3743 1826 308 176 sedan
3948 1826 411 176 upptagit
4222 1826 376 176 densamma;

2689 1938 228 174 att
2820 1938 424 174 Andersson
3146 1938 293 174 derpå
3341 1938 424 174 aflägsnat
3667 1938 228 174 sig
3798 1938 391 174 derifrån
4091 1938 228 174 och
4221 1938 293 174 ensam
4384 1938 196 174 gått

2692 2055 270 164 till
2861 2055 641 164 Grönsakstorget,
3400 2055 236 164 der
3535 2055 236 164 han
3670 2055 270 164 åter
3839 2055 573 164 sammanträffat
4311 2055 236 164 med
4412 2055 202 164 Carl

2698 2163 415 164 Olsson,
3000 2163 415 164 hvilken
3302 2163 378 164 lemnat
3567 2163 340 164 honom
3793 2163 227 164 en
3906 2163 453 164 Psalmbok
4246 2163 264 164 med
4359 2163 227 164 för¬-

2685 2279 334 164 gyllda
2918 2279 367 164 kanter,
3185 2279 300 164 under
3385 2279 400 164 uppgift,
3685 2279 234 164 att
3819 2279 234 164 han
3952 2279 300 164 tagit
4152 2279 234 164 den
4286 2279 200 164 ur
4353 2279 234 164 tinan

2676 2381 240 172 och
2813 2381 376 172 anmodat
3086 2381 445 172 Andersson
3429 2381 240 172 att
3565 2381 411 172 försälja
3873 2381 445 172 densamma;
4216 2381 240 172 att
4352 2381 205 172 då
4421 2381 171 172 han

2675 2494 267 174 icke
2841 2494 267 174 fått
3008 2494 300 174 någon
3208 2494 367 174 köpare,
3475 2494 433 174 Andersson
3808 2494 467 174 återlemnat
4142 2494 400 174 Psalmboken

2668 2594 259 182 till
2829 2594 259 182 Carl
2991 2594 356 182 Olsson,
3250 2594 356 182 hvilken
3509 2594 324 182 straxt
3736 2594 388 182 derefter
4027 2594 162 182 å
4092 2594 227 182 ett
4189 2594 421 182 nykterhets¬-

2671 2704 396 184 värdshus
2968 2704 231 184 vid
3100 2704 594 184 Grönsakstorget
3595 2704 264 184 sålt
3760 2704 297 184 boken
3958 2704 297 184 såsom
4156 2704 231 184 han
4255 2704 363 184 uppgifvit

2670 2819 239 179 för
2806 2819 205 179 En
2909 2819 341 179 Krona;
3148 2819 239 179 att
3284 2819 444 179 Andersson
3626 2819 239 179 och
3763 2819 273 179 Carl
3933 2819 341 179 Olsson
4172 2819 307 179 sedan
4343 2819 239 179 samma

2669 2937 267 161 e.m.
2835 2937 267 161 gått
3002 2937 267 161 till
3169 2937 534 161 Kungstorget,
3603 2937 234 161 der
3736 2937 200 161 de
3836 2937 567 161 sammanträffat
4303 2937 234 161 med
4403 2937 167 161 för

2668 3035 306 177 andra
2872 3035 306 177 resan
3076 3035 306 177 stöld
3281 3035 442 177 straffade
3621 3035 306 177 James
3825 3035 374 177 Hjalmar
4097 3035 442 177 Petersson
4404 3035 170 177 och

2657 3134 166 193 i
2723 3134 398 193 sällskap
3022 3134 232 193 med
3155 3134 299 193 honom
3354 3134 465 193 tillgripit
3719 3134 631 193 Slagtarmästaren
4217 3134 365 193 Carlssons

2651 3251 229 190 två
2782 3251 262 190 gäss
2946 3251 196 190 på
3044 3251 196 190 så
3142 3251 295 190 sätt,
3338 3251 229 190 att
3469 3251 262 190 Carl
3633 3251 327 190 Olsson
3862 3251 295 190 tagit
4058 3251 229 190 ned
4189 3251 327 190 gässen
4386 3251 196 190 från

2667 3392 371 152 stången;
2945 3392 217 152 att
3069 3392 402 152 Andersson
3379 3392 371 152 erhållit
3657 3392 217 152 den
3781 3392 217 152 ena
3904 3392 309 152 gåsen,
4121 3392 371 152 hvaremot
4369 3392 247 152 Olsson

2657 3509 394 144 behållit
2953 3509 230 144 och
3084 3509 263 144 lagt
3249 3509 230 144 den
3380 3509 296 144 andra
3577 3509 164 144 i
3643 3509 197 144 en
3742 3509 361 144 medhafd
4004 3509 296 144 säck;
4202 3509 230 144 att
4333 3509 197 144 de
4399 3509 197 144 alla

2661 3612 215 153 tre
2784 3612 369 153 derefter
3061 3612 369 153 begifvit
3338 3612 215 153 sig
3461 3612 246 153 till
3614 3612 277 153 huset
3799 3612 184 153 No
3891 3612 154 153 8
3952 3612 215 153 vid
4075 3612 277 153 Östra
4229 3612 369 153 Hamngatan,

2666 3716 332 149 hvarest
2907 3716 181 149 de
2998 3716 151 149 i
3058 3716 211 149 ett
3179 3716 362 149 skafferi
3451 3716 181 149 på
3541 3716 272 149 undra
3722 3716 302 149 botten
3934 3716 423 149 tillgripit
4266 3716 211 149 två
4356 3716 242 149 ostar,
