5066 4055
491 144 257 219 kort
652 144 289 219 förut
845 144 257 219 till
1005 144 579 219 Lumphandlanden
1488 144 193 219 S.
1584 144 450 219 Johansson,
1938 144 322 219 boende
2163 144 161 219 i
2195 144 225 219 huset

503 273 180 149 No
593 273 150 149 5
653 273 180 149 af
743 273 360 149 Majornas
1013 273 210 149 4de
1133 273 270 149 rote,
1313 273 270 149 velat
1493 273 360 149 försälja
1762 273 210 149 två
1882 273 210 149 st.
2002 273 300 149 linor,
2212 273 210 149 den
2302 273 150 149 ena

512 379 368 205 omkring
779 379 201 205 84
879 379 234 205 fot
1013 379 268 205 lång
1180 379 234 205 och
1314 379 268 205 nära
1481 379 201 205 ny
1582 379 268 205 samt
1749 379 234 205 den
1883 379 301 205 andra
2083 379 368 205 omkring
2317 379 134 205 60

491 532 215 191 fot
614 532 246 191 lång
768 532 215 191 och
891 532 307 191 mycket
1106 532 399 191 begagnad;
1413 532 215 191 för
1536 532 338 191 åtkomst
1782 532 369 191 hvartill
2058 532 215 191 han
2181 532 184 191 ej
2243 532 184 191 kun¬-

484 683 250 117 nat
592 683 393 117 redogöra.

632 710 215 174 Vid
755 710 215 174 det
878 710 215 174 med
1000 710 429 174 Henriksson
1337 710 153 174 i
1399 710 398 174 anledning
1705 710 276 174 häraf
1889 710 398 174 anställde
2165 710 245 174 förhör

511 798 210 217 har
631 798 210 217 han
751 798 420 217 uppgifvit,
1082 798 210 217 att
1202 798 210 217 han
1322 798 330 217 omkring
1562 798 150 217 5
1622 798 330 217 veckors
1862 798 210 217 tid
1983 798 270 217 varit
2133 798 300 217 anställd

491 932 321 173 ombord
715 932 160 173 å
779 932 321 173 slupen
1004 932 545 173 "Apparancen",
1452 932 192 173 nu
1549 932 385 173 liggande
1837 932 224 173 vid
1933 932 449 173 Barlastkajen

505 1024 217 220 och
629 1024 248 220 förd
784 1024 186 220 af
877 1024 403 220 Skepparen
1187 1024 310 220 Samuel
1404 1024 434 220 Berndtsson
1746 1024 248 220 från
1901 1024 310 220 Lundby
2118 1024 310 220 Socken
2304 1024 124 220 på

483 1149 372 241 Hisingen;
770 1149 201 241 att
884 1149 401 241 Henriksson
1200 1149 458 241 förstberörde
1572 1149 201 241 dag
1687 1149 172 241 på
1773 1149 229 241 e.m.
1916 1149 287 241 ombord
2116 1149 143 241 å
2145 1149 258 241 ifråga¬-

493 1256 286 223 komne
684 1256 254 223 slup
842 1256 190 223 af
937 1256 222 223 två
1064 1256 317 223 längre
1286 1256 286 223 linor
1477 1256 349 223 afkapat
1731 1256 222 223 och
1858 1256 444 223 tillgripit
2207 1256 190 223 de
2270 1256 127 223 af

517 1384 282 184 honom
705 1384 408 184 innehafde
1019 1384 376 184 linorna,
1301 1384 220 184 som
1426 1384 220 184 han
1552 1384 282 184 velat
1740 1384 376 184 försälja
2023 1384 251 184 till
2148 1384 251 184 ofvan¬-

491 1533 381 181 nämnde,
734 1533 416 181 Johansson.

635 1601 437 192 Skepparen
971 1601 336 192 Samuel
1207 1601 437 192 Bengtsson
1543 1601 235 192 har
1677 1601 336 192 anmält
1912 1601 235 192 sig
2047 1601 235 192 som
2148 1601 235 192 egare

489 1755 232 189 till
634 1755 435 189 ifrågakomne
982 1755 290 189 linor,
1185 1755 261 189 under
1359 1755 348 189 uppgift,
1619 1755 203 189 att
1735 1755 203 189 de,
1851 1755 203 189 som
1967 1755 348 189 tillhopa
2199 1755 174 189 vore

497 1861 263 163 värda
672 1861 175 163 15
760 1861 321 163 Kronor,
993 1861 438 163 tillgripits
1344 1861 146 163 å
1402 1861 438 163 ifrågakomne
1724 1861 204 163 slup¬-

662 1944 198 197 På
761 1944 297 197 grund
959 1944 198 197 af
1058 1944 264 197 hvad
1223 1944 363 197 sålunda
1487 1944 495 197 förekommit,
1883 1944 330 197 kommer
2081 1944 297 197 Besätt¬-

491 2106 471 155 ningskarlen
867 2106 251 155 Carl
1024 2106 314 155 Alfred
1244 2106 439 155 Henriksson
1589 2106 220 155 att
1715 2106 283 155 denna
1903 2106 220 155 dag
2029 2106 220 155 för
2123 2106 251 155 Polis¬-

503 2204 197 173 Kn
602 2204 460 173 inställas.
963 2204 395 173 Göteborg
1259 2204 230 173 den
1391 2204 197 173 23
1489 2204 263 173 Juli
1621 2204 230 173 1880.

93 2371 310 109 No
197 2371 258 109 158

64 2474 189 159 Frans
190 2474 210 159 Ludvig
316 2474 231 159 Petersson

32 2590 200 103 Lätt.

566 2291 626 245 Poliskonstapeln
1093 2291 198 245 No
1192 2291 198 245 27
1291 2291 396 245 Melander
1588 2291 231 245 har
1720 2291 396 245 Söndagen
2016 2291 231 245 den
2148 2291 198 245 25
2247 2291 198 245 ds
2313 2291 132 245 på

495 2450 348 189 morgonen
756 2450 348 189 anhållit
1018 2450 261 189 förre
1192 2450 610 189 disciplinsoldaten
1714 2450 261 189 Frans
1888 2450 290 189 Ludvig
2063 2450 319 189 Petersson

499 2563 267 204 Lätt,
677 2563 208 204 som
796 2563 178 204 är
885 2563 148 204 i
944 2563 297 204 saknad
1152 2563 178 204 af
1241 2563 326 204 bestämd
1478 2563 326 204 bostad,
1716 2563 208 204 för
1834 2563 208 204 det
1953 2563 208 204 han
2072 2563 237 204 kort
2190 2563 208 204 förut

502 2674 220 206 vid
627 2674 282 206 Lilla
815 2674 282 206 Bomen
1004 2674 282 206 bakom
1192 2674 534 206 cellfängelset
1631 2674 188 206 ur
1726 2674 188 206 en
1820 2674 439 206 silltunna,
2165 2674 220 206 som
2259 2674 157 206 han

491 2845 337 179 öppnat,
737 2845 276 179 tagit
921 2845 215 179 tre
1043 2845 337 179 stycken
1258 2845 276 179 sillar.

636 2926 279 189 Lätt,
822 2926 217 189 som
946 2926 155 189 i
1008 2926 403 189 anledning
1319 2926 279 189 häraf
1505 2926 341 189 blifvit
1753 2926 372 189 förhörd,
2033 2926 217 189 har
2126 2926 279 189 uppgif¬-

509 3080 230 154 vit,
653 3080 201 154 att
768 3080 201 154 han
882 3080 201 154 den
997 3080 172 154 27
1083 3080 258 154 sist.
1255 3080 258 154 April

1432 3030 170 152 hit

1518 3041 498 162 återkommit
1909 3041 249 162 med
2052 3041 284 162 pass
2194 3041 213 162 från

485 3163 685 215 disciplinkompaniet
1077 3163 218 215 vid
1201 3163 436 215 Karlsborg;
1544 3163 218 215 att
1668 3163 218 215 han
1793 3163 280 215 sedan
1980 3163 249 215 dess
2105 3163 311 215 uppehål¬-

476 3285 208 192 lit
595 3285 208 192 sig
714 3285 208 192 med
833 3285 446 192 tillfälligt
1190 3285 327 192 arbete,
1428 3285 208 192 men
1547 3285 208 192 att
1666 3285 208 192 han
1785 3285 178 192 ej
1874 3285 178 192 på
1964 3285 327 192 sednare
2172 3285 208 192 tiden

496 3390 212 232 haft
629 3390 212 232 vare
762 3390 186 232 sig
868 3390 265 232 bostad
1053 3390 239 232 eller
1213 3390 504 232 sysselsättning,
1637 3390 212 232 samt
1769 3390 186 232 att
1876 3390 186 232 han
1982 3390 318 232 söndagen
2220 3390 186 232 den
2300 3390 106 232 25

491 3507 294 225 dennes
696 3507 176 225 på
785 3507 353 225 morgonen
1049 3507 412 225 tillgripit
1373 3507 176 225 en
1461 3507 147 225 å
1520 3507 265 225 kajen
1697 3507 206 225 vid
1814 3507 265 225 Lille
1991 3507 265 225 Bomen
2138 3507 294 225 liggande

484 3621 422 180 silltunna,
816 3621 211 180 som
936 3621 211 180 han
1057 3621 302 180 rullat
1268 3621 272 180 bakom
1449 3621 211 180 ett
1570 3621 151 180 i
1630 3621 362 180 närheten
1902 3621 181 180 af
1962 3621 453 180 cellfängelset

2609 175 185 165 på
2702 175 216 165 ett
2825 175 339 165 afstånd
3072 175 185 165 af
3165 175 339 165 omkring
3411 175 185 165 10
3504 175 247 165 steg
3658 175 247 165 från
3812 175 370 165 platsen,
4090 175 216 165 der
4214 175 309 165 tunnan
4399 175 154 165 le¬-

2626 246 251 237 gat,
2782 246 345 237 beläget
3033 246 282 237 skjul
3221 246 219 237 och
3346 246 251 237 der,
3503 246 345 237 medelst
3753 246 219 237 att
3879 246 219 237 med
4004 246 188 237 en
4098 246 251 237 sten
4254 246 219 237 slå
4348 246 157 237 upp

2623 377 240 206 ena
2760 377 376 206 bottnen
3033 377 171 206 i
3102 377 376 206 tunnan,
3376 377 342 206 öppnat
3615 377 445 206 densamma,
3957 377 445 206 hvarefter
4299 377 240 206 han
4402 377 137 206 ur

2610 491 324 227 tunnan
2837 491 389 227 upptagit
3129 491 227 227 tre
3258 491 357 227 stycken
3518 491 324 227 sillar
3745 491 260 227 och,
3907 491 487 227 medhafvande
4264 491 292 227 desamme

2618 597 403 256 aflägsnat
2928 597 248 256 sig,
3083 597 217 256 men
3208 597 279 256 några
3394 597 310 256 timmar
3611 597 372 256 derefter
3890 597 341 256 blifvit
4139 597 186 256 af
4201 597 341 256 Poliskon¬-

2600 687 371 288 stapeln
2870 687 405 288 Melander
3174 687 439 288 anhållen,
3511 687 371 288 hvarvid
3781 687 236 288 han
3916 687 270 288 ännu
4084 687 405 288 innehaft
4354 687 169 288 två

2626 929 198 169 af
2692 929 363 169 sillarne.

2760 915 328 244 Förste
2990 915 460 244 Styrmannen
3351 915 328 244 Gustaf
3581 915 361 244 Brandt,
3844 915 328 244 ombord
4073 915 164 244 å
4106 915 427 244 Ångfartyget

2640 1046 312 271 Konung
2858 1046 312 271 Oskar,
3077 1046 219 271 har
3202 1046 312 271 anmält
3421 1046 219 271 sig
3546 1046 219 271 som
3671 1046 281 271 egare
3858 1046 250 271 till
4015 1046 469 271 ifrågakomne
4358 1046 219 271 till¬-

2638 1147 344 296 tunna,
2878 1147 309 296 under
3085 1147 413 296 uppgift,
3394 1147 241 296 att
3532 1147 413 296 densamma
3841 1147 275 296 vore
4013 1147 275 296 värd
4185 1147 206 296 30
4254 1147 309 296 Kronor.

2777 1304 464 230 Silltunnan
3141 1304 232 230 har
3274 1304 364 230 blifvit
3539 1304 265 230 till
3705 1304 331 230 egaren
3903 1304 431 230 återlemnad.

2761 1402 211 283 På
2866 1402 316 283 grund
3077 1402 211 283 af
3182 1402 281 283 hvad
3358 1402 386 283 sålunda
3639 1402 527 283 förekommit,
4060 1402 351 283 kommer
4271 1402 246 283 Frans

2663 1542 310 212 Ludvig
2880 1542 402 212 Petersson
3189 1542 217 212 att
3313 1542 279 212 denna
3499 1542 217 212 dag
3623 1542 217 212 för
3747 1542 217 212 PKn
3839 1542 372 212 inställas.

2933 1650 366 251 Götebog
3199 1650 233 251 den
3332 1650 200 251 26
3432 1650 266 251 Juli
3565 1650 233 251 1880.

4514 1685 277 147 No
4606 1685 277 147 159.

4541 1859 298 158 Johanna
4731 1859 271 158 Lönngren

2702 1750 440 252 Banvaktaren
3054 1750 176 252 J.
3142 1750 352 252 Jonsson,
3406 1750 293 252 boende
3611 1750 205 252 vid
3729 1750 411 252 Jordfallet
4051 1750 147 252 i
4110 1750 323 252 Nödinge
4315 1750 235 252 socken

2646 1866 193 277 af
2742 1866 289 277 Bohus
2935 1866 257 277 län,
3096 1866 225 277 har
3225 1866 386 277 måndagen
3514 1866 225 277 den
3643 1866 193 277 26
3739 1866 322 277 dennes
3964 1866 354 277 anmält,
4221 1866 225 277 att
4350 1866 193 277 då
4414 1866 161 277 han

2640 1986 409 285 föregående
2961 1986 205 285 dag
3078 1986 175 285 på
3166 1986 497 285 eftermiddagen
3576 1986 380 285 innevarit
3868 1986 205 285 hos
3985 1986 497 285 prostituerade
4365 1986 234 285 qvins¬-

2633 2084 397 293 personen
2931 2084 364 293 Johanna
3195 2084 397 293 Lönngren
3493 2084 165 293 i
3559 2084 298 293 huset
3758 2084 199 293 No
3857 2084 199 293 13
3956 2084 232 293 vid
4089 2084 298 293 Norra
4254 2084 298 293 Larmgtn

2619 2222 246 262 från
2773 2222 277 262 honom
2958 2222 462 262 tillgripits
3327 2222 216 262 ett
3451 2222 154 262 i
3512 2222 216 262 ena
3635 2222 431 262 västfickan
3974 2222 400 262 förvaradt
4251 2222 308 262 silfver¬-

2645 2294 482 315 cylinderuur
3030 2294 289 315 jemte
3223 2294 482 315 vidhängande
3609 2294 578 315 messingskedja,
4091 2294 386 315 tillhopa
4348 2294 225 315 värdt

2637 2515 210 177 20
2707 2515 315 177 Kronor.

2826 2530 169 260 I
2894 2530 438 260 anledning
3231 2530 303 260 häraf
3433 2530 303 260 hafva
3635 2530 809 260 detektivKonstaplarne
4309 2530 270 260 Bohlin

2662 2673 208 248 och
2781 2673 357 248 Engqvist
3049 2673 476 248 förstberörde
3435 2673 208 248 dag
3554 2673 178 248 på
3644 2673 446 248 förmiddagen
4000 2673 357 248 anhållit
4238 2673 357 248 ofvannämn¬-

2641 2780 203 284 de
2743 2780 440 284 Lönngren,
3081 2780 372 284 hvilken
3352 2780 237 284 vid
3488 2780 237 284 det
3623 2780 237 284 med
3758 2780 305 284 henne
3961 2780 440 284 anställda
4266 2780 271 284 förhör

2639 2917 403 238 förnekat
2941 2917 235 238 all
3076 2917 403 238 kännedom
3378 2917 201 238 om
3478 2917 503 238 ifrågakomne
3847 2917 403 238 tillgrepp.

2756 3027 420 222 Ogifta
3050 3027 336 222 Anna
3260 3027 546 222 Christina
3680 3027 588 222 Börjesson,
4142 3027 420 222 boende
4394 3027 126 222 i

2657 3144 420 190 huset
2937 3144 280 190 No
3077 3144 280 190 13
3217 3144 327 190 vid
3404 3144 420 190 Norra
3684 3144 606 190 Larmgatan
4150 3144 327 190 har
4290 3144 280 190 upp¬-

2668 3256 325 212 lyst
2871 3256 325 212 att,
3074 3256 243 212 då
3196 3256 446 212 Jonsson
3520 3256 487 212 Söndagen
3885 3256 284 212 den
4048 3256 243 212 25
4169 3256 406 212 dennes
4413 3256 162 212 på

2658 3369 418 207 eftm.
2936 3369 557 207 inkommit
3354 3369 232 207 i
3446 3369 603 207 Lönngrens
3910 3369 510 207 bostad,
4235 3369 325 207 Jons¬-

2649 3486 316 155 son
2829 3486 542 155 innehaft
3236 3486 316 155 ett
3416 3486 316 155 ur,
3597 3486 316 155 att
3778 3486 271 155 då
3913 3486 316 155 han
4094 3486 271 155 en
4184 3486 316 155 stund

2645 3597 505 195 derefter
3024 3597 547 195 aflägsnat
3445 3597 295 195 sig
3613 3597 337 195 från
3824 3597 463 195 stället
4161 3597 295 195 han
4287 3597 337 195 endast
