4996 4053
2486 203 189 146 af
2581 203 379 146 brefvet,
2865 203 252 146 dock
3023 203 284 146 ville
3212 203 284 146 hafva
3402 203 347 146 anmärkt
3654 203 252 146 att,
3812 203 316 146 enligt
4033 203 410 146 meddelade
4317 203 189 146 upp¬-

2492 317 434 210 lysningar,
2833 317 651 210 Kontorsskrifvaren
3391 317 248 210 Sven
3545 317 217 210 Uno
3669 317 403 210 Frodlund,
3979 317 341 210 hvilken
4196 317 217 210 under

2498 445 263 183 några
2673 445 263 183 dagar
2848 445 146 183 i
2906 445 350 183 anseende
3169 445 233 183 till
3315 445 350 183 företedt
3577 445 467 183 läkarebevis,
3956 445 233 183 fått
4102 445 321 183 åtnjuta
4306 445 146 183 be¬-

2485 553 319 234 frielse
2717 553 232 234 från
2861 553 492 234 tjenstgöring,
3267 553 405 234 Thorsdagen
3585 553 203 234 den
3701 553 174 234 16
3788 553 174 234 ds
3875 553 203 234 kl.
3991 553 319 234 emellan
4222 553 145 234 2
4280 553 203 234 och
4367 553 87 234 3

2488 673 248 224 eft.
2643 673 279 224 midd.
2829 673 372 224 infunnit
3108 673 217 224 sig
3232 673 155 224 å
3294 673 217 224 den
3418 673 434 224 förenämnde
3760 673 341 224 lokalen
4008 673 248 224 och,
4163 673 217 224 med
4256 673 217 224 till¬-

2481 791 326 213 sägelse
2718 791 237 213 till
2866 791 237 213 e.o.
3014 791 622 213 Kontorsskrifvaren
3547 791 266 213 Adolf
3725 791 207 213 von
3843 791 444 213 Proschwitz,
4169 791 266 213 hvilken

2480 908 257 267 fått
2641 908 354 267 uppdrag
2898 908 225 267 att
3027 908 290 267 sköta
3220 908 418 267 Frodlunds
3541 908 354 267 tjenst;
3799 908 225 267 att
3927 908 386 267 Frodlund
4185 908 257 267 nämnde

2483 1052 219 237 dag
2608 1052 281 237 sjelf
2795 1052 313 237 ämnade
3014 1052 469 237 tjenstgöra,
3389 1052 438 237 öfvertagit
3733 1052 344 237 vakten,
3983 1052 344 237 hvilken
4202 1052 250 237 skolat

2483 1159 278 228 räcka
2669 1159 247 228 till
2823 1159 217 228 kl.
2947 1159 340 228 omkring
3195 1159 247 228 half
3349 1159 186 228 6;
3442 1159 217 228 att
3566 1159 371 228 Frodlund
3844 1159 247 228 dock
3999 1159 278 228 redan
4154 1159 278 228 klockan

2494 1283 332 220 omkring
2735 1283 151 220 4
2795 1283 241 220 eft.
2946 1283 271 220 midd.
3127 1283 392 220 aflägsnat
3428 1283 211 220 sig
3549 1283 211 220 och
3669 1283 392 220 sedermera
3971 1283 241 220 icke
4122 1283 271 220 låtit
4272 1283 151 220 sig

2481 1391 351 184 afhöra;
2736 1391 223 184 att
2864 1391 351 184 brefvet
3119 1391 351 184 sednast
3374 1391 287 184 varit
3565 1391 351 184 synligt
3820 1391 191 184 kl
3916 1391 191 184 2.
4012 1391 287 184 e.m.,
4203 1391 191 184 då
4267 1391 159 184 det

2470 1483 306 287 legat
2674 1483 170 287 i
2742 1483 238 287 det
2878 1483 272 287 fack
3048 1483 170 287 i
3116 1483 204 287 en
3218 1483 238 287 uti
3354 1483 340 287 rummet
3591 1483 442 287 befintlig
3931 1483 374 287 pulpet,
4169 1483 306 287 hvarest

2503 1609 415 280 assurerade
2829 1609 474 280 försändelser
3214 1609 237 280 före
3362 1609 444 280 afsändandet
3718 1609 326 280 plägade
3955 1609 385 280 inläggas;
4251 1609 207 280 att
4340 1609 118 280 då

2513 1702 383 281 Carlberg
2800 1702 287 281 samma
2991 1702 223 281 dag
3119 1702 191 281 på
3215 1702 351 281 aftonen
3470 1702 159 281 i
3533 1702 414 281 Frodlunds
3852 1702 319 281 bostad
4044 1702 414 281 underrättat

2500 1824 299 232 honom
2699 1824 299 232 derom
2898 1824 232 232 att
3031 1824 365 232 brefvet
3297 1824 465 232 förkommit,
3662 1824 232 232 han
3795 1824 465 232 förefallit
4127 1824 332 232 Carlberg

2516 1965 406 238 ytterligt
2828 1965 219 238 slö
2953 1965 219 238 och
3078 1965 281 238 slapp
3265 1965 250 238 samt
3421 1965 219 238 med
3546 1965 437 238 synnerligt
3890 1965 250 238 lugn
4046 1965 344 238 yttrat:
4265 1965 187 238 "det

2506 2063 302 281 reder
2708 2063 235 281 sig
2842 2063 269 281 nog,
3010 2063 235 281 det
3144 2063 269 281 hade
3312 2063 302 281 varit
3514 2063 302 281 värre
3715 2063 201 281 om
3816 2063 302 281 någon
4017 2063 269 281 post
4152 2063 302 281 blifvit

2501 2187 494 251 försummad",
2896 2187 263 251 men,
3061 2187 198 251 på
3160 2187 428 251 Carlbergs
3489 2187 329 251 fråga,
3719 2187 263 251 icke
3884 2187 428 251 uppgifvit
4180 2187 231 251 någon

2511 2320 312 178 skälig
2729 2320 281 178 orsak
2917 2320 375 178 dertill;
3197 2320 218 178 att
3322 2320 218 178 han
3447 2320 375 178 tidigare
3728 2320 187 178 än
3822 2320 406 178 vederbort
4103 2320 343 178 aflägsnat

2491 2438 231 192 sig
2623 2438 264 192 från
2788 2438 561 192 Postkontoret;
3250 2438 264 192 samt
3415 2438 231 192 att
3547 2438 396 192 Carlberg
3844 2438 396 192 tillsagt
4108 2438 330 192 Frodlund

2486 2555 218 205 att
2611 2555 499 205 nästpåföljde
3016 2555 218 205 dag
3141 2555 374 205 Fredagen
3422 2555 218 205 den
3547 2555 187 205 17
3640 2555 312 205 dennes
3859 2555 343 205 infinna
4109 2555 218 205 sig
4233 2555 156 205 å
4265 2555 218 205 post¬-

2490 2651 361 237 kontoret
2760 2651 240 237 till
2911 2651 331 237 förhör,
3151 2651 240 237 utan
3301 2651 210 237 att
3421 2651 361 237 Frodlund
3692 2651 180 237 då
3782 2651 391 237 derstädes
4082 2651 361 237 infunnit
4323 2651 180 237 sig.

2651 2778 349 224 Följande
2912 2778 349 224 personer
3174 2778 261 224 hafva
3348 2778 203 224 vid
3464 2778 320 224 förhör,
3697 2778 203 224 som
3813 2778 145 224 i
3871 2778 378 224 anledning
4161 2778 174 224 af
4220 2778 261 224 berörda

2514 2942 353 150 anmälan
2771 2942 385 150 hållits,
3027 2942 353 150 berättat:

2513 2976 182 237 1o
2604 2976 639 237 Kontorsskrifvaren
3151 2976 243 237 Emil
3303 2976 395 237 Björkman,
3607 2976 304 237 boende
3820 2976 152 237 i
3881 2976 334 237 Cösters
4124 2976 213 237 hus
4246 2976 213 237 vid
4337 2976 152 237 Pu¬-

2515 3105 347 219 stervik:
2776 3105 203 219 att
2891 3105 203 219 han
3007 3105 203 219 för
3123 3105 463 219 tjenstgöring
3500 3105 405 219 Thorsdagen
3818 3105 203 219 den
3934 3105 174 219 16
4021 3105 203 219 ds,
4137 3105 203 219 kl.
4223 3105 232 219 straxt

2515 3223 278 217 efter
2700 3223 154 217 5
2762 3223 247 217 e.m.
2917 3223 371 217 infunnit
3194 3223 216 217 sig
3318 3223 154 217 å
3380 3223 648 217 Expeditionsrummet
3935 3223 216 217 för
4059 3223 371 217 afgående
4306 3223 216 217 post,

2520 3350 300 172 dervid
2730 3350 210 172 han
2850 3350 270 172 först
3030 3350 420 172 sysselsatt
3360 3350 210 172 sig
3480 3350 210 172 med
3601 3350 210 172 att
3721 3350 150 172 i
3751 3350 720 172 "assuransinskrifnings¬-

2517 3458 335 247 boken",
2760 3458 366 247 qvittera
3035 3458 213 247 tre
3157 3458 152 247 i
3218 3458 488 247 pulpetfacket
3614 3458 213 247 för
3736 3458 427 247 assurerade
4041 3458 427 247 försändelser

2520 3582 186 239 då
2613 3582 373 239 liggande
2893 3582 279 239 bref,
3079 3582 310 239 hvilka
3296 3582 217 239 han
3420 3582 373 239 derefter
3700 3582 342 239 inburit
3948 3582 155 239 i
3979 3582 497 239 karteringsrum¬
