5105 4062
621 187 305 98 På
774 187 457 98 grund
1078 187 305 98 af
1231 187 406 98 hvad
1484 187 559 98 sålunda
1840 187 660 98 förekommit,

589 303 549 100 kommer
973 303 604 100 Andreas
1413 303 604 100 Jonsson
1797 303 659 100 Lindqvist,

565 423 370 96 att
776 423 475 96 denna
1093 423 370 96 dag
1304 423 475 96 inför
1621 423 370 96 Pkn
1779 423 581 96 inställas

585 535 614 98 Göteborg
1046 535 358 98 den
1250 535 256 98 6
1353 535 461 98 April
1609 535 307 98 1880

147 657 330 106 No
257 657 275 106 76.

126 828 402 81 Johanna
381 828 219 81 Lina

88 928 472 85 Magnusson

654 725 412 106 Sedan
929 725 412 106 rykte
1203 725 595 106 uppstått,
1661 725 320 106 att
1844 725 457 106 ogifta
2118 725 366 106 Johan¬-

628 833 348 92 na
802 833 464 92 Lina
1092 833 754 92 Magnusson
1672 833 290 92 i
1788 833 580 92 tjenst
2136 833 290 92 hos

603 957 963 88 Handelsresanden
1414 957 304 88 C.
1566 957 304 88 G.
1718 957 507 88 Köhler
2073 957 253 88 i
2123 957 355 88 huset

566 1079 335 82 No
734 1079 279 82 8
846 1079 391 82 vid
1069 1079 615 82 Nygatan
1516 1079 503 82 under
1795 1079 615 82 sistliden

572 1179 460 86 Mars
860 1179 518 86 månad
1205 1179 288 86 i
1321 1179 748 86 enslighet
1896 1179 460 86 födt
2126 1179 288 86 och

591 1283 566 118 derefter
1015 1283 566 118 förstört
1440 1283 519 118 fostret
1817 1283 330 118 har
1959 1283 519 118 Magnusson

583 1395 374 120 som
796 1395 374 120 den
1010 1395 267 120 1
1117 1395 321 120 ds
1278 1395 535 120 lemnat
1652 1395 374 120 sin
1866 1395 535 120 tjenst
2187 1395 267 120 hos

603 1497 498 120 Köhler,
965 1497 498 120 blifvit
1327 1497 588 120 eftersökt
1779 1497 317 120 och
1915 1497 543 120 anträffats

592 1605 270 122 i
700 1605 485 122 huset
1024 1605 324 122 No
1185 1605 270 122 8
1293 1605 378 122 vid
1509 1605 432 122 Öfra
1725 1605 701 122 Husargatan.

637 1725 747 132 Magnusson,
1223 1725 373 132 som
1437 1725 587 132 blifvit
1863 1725 427 132 hörd
2130 1725 267 132 i
2183 1725 267 132 an¬-

573 1829 603 144 ledning
1012 1829 329 144 af
1176 1829 603 144 bemälde
1615 1829 494 144 rykte
1944 1829 384 144 har
2109 1829 329 144 der¬-

556 1991 366 86 vid
765 1991 733 86 uppgifvit,
1288 1991 262 86 att

1515 1912 241 61 sedan

1587 1972 336 66 hon
1779 1972 431 66 genom
2019 1972 431 66 oloflig

542 2081 840 126 beblandelse
1214 2081 616 126 blifvit
1662 2081 728 126 hafvande,
2166 2081 280 126 hon

539 2195 607 128 fördolt
980 2195 993 128 hafvandeskapet
1808 2195 441 128 och,
2084 2195 331 128 då
2194 2195 276 128 hon

529 2301 514 150 derom
871 2301 343 150 af
1043 2301 514 150 andra
1385 2301 628 150 blifvit
1785 2301 685 150 tillspord,

558 2433 696 138 förnekat
1080 2433 754 138 detsamma;
1660 2433 406 138 att
1892 2433 522 138 under
2182 2433 290 138 det

559 2563 529 122 hennes
929 2563 634 122 husbonde
1405 2563 529 122 Köhler
1775 2563 476 122 under
2039 2563 423 122 sistl.

537 2659 457 128 Mars
822 2659 514 128 månad
1165 2659 514 128 varit
1507 2659 685 128 bortrest
2021 2659 400 128 och
2193 2659 285 128 hon

547 2760 582 143 ensam
935 2760 323 143 i
1065 2760 840 143 bostaden,
1711 2760 453 143 hon
1905 2760 517 143 natten

551 2862 626 145 emellan
1007 2862 399 145 den
1234 2862 342 145 10
1405 2862 399 145 och
1633 2862 342 145 11
1804 2862 285 145 i
1918 2862 512 145 samma
2202 2862 228 145 må

548 2973 417 146 nad
787 2973 774 146 derstädes
1382 2973 298 146 f
1501 2973 298 146 i
1620 2973 715 146 ensamhet
2097 2973 357 146 fram

549 3089 491 146 födt
856 3089 430 146 ett
1101 3089 737 146 lefvande
1653 3089 552 146 barn,
1960 3089 430 146 hvars

549 3242 410 82 kön
784 3242 410 82 hon
1018 3242 468 82 icke
1310 3242 819 82 eftersett;
1954 3242 410 82 att
2129 3242 293 82 hon

541 3337 554 107 genast
929 3337 499 107 efter
1261 3337 610 107 barnets
1649 3337 444 107 födsel

623 3278 447 96 hvarvid
948 3278 406 96 barnet
1233 3278 406 96 gifvit
1517 3278 325 96 ljud
1720 3278 366 96 ifrån
1923 3278 203 96 sig

2095 3336 339 48 inlin¬-

517 3443 453 108 dat
776 3443 776 108 detsamma
1358 3443 323 108 i
1488 3443 388 108 en
1682 3443 582 108 mängd
2005 3443 453 108 gamla

537 3551 863 108 linnekläder
1227 3551 403 108 och
1457 3551 633 108 nedlagt
1917 3551 403 108 det
2147 3551 288 108 i
2204 3551 230 108 en

2757 212 664 90 trälåda,
3255 212 387 90 att
3476 212 443 90 hon,
3753 212 387 90 som
3974 212 554 90 lindat
4307 212 221 90 en

2754 322 668 105 linneduk
3255 322 556 105 jemväl
3645 322 334 105 om
3811 322 612 105 barnets
4201 322 445 105 hufvud

2774 427 527 98 antager
3157 427 335 98 att
3349 427 575 98 detsamma
3780 427 623 98 derigenom
4211 427 431 98 blifvit

2749 529 515 126 qväfvt
3109 529 463 126 innan
3418 529 360 126 det
3624 529 618 126 nedlades
4087 529 257 126 i
4138 529 412 126 lådan,

2778 611 309 161 att
2955 611 398 161 lådan
3220 611 309 161 med
3397 611 398 161 liket
3662 611 575 161 qvarstått
4104 611 221 161 i
4148 611 442 161 bostaden

2768 723 370 138 till
2999 723 323 138 den
3184 723 277 138 16
3322 723 231 138 i
3415 723 277 138 af
3553 723 693 138 sistberörde
4108 723 462 138 månad,
4385 723 185 138 då

2737 868 402 88 hon
2909 868 688 88 medtagande

3754 771 302 81 liket

4157 843 415 34 begifvit

2739 917 316 169 sig
2919 917 361 169 till
3145 917 587 169 Frillesås
3597 917 271 169 sn
3732 917 316 169 och
3913 917 587 169 instoppat
4319 917 271 169 det¬-

2720 1086 647 114 samma
3079 1086 216 114 i

2981 1177 328 134 en
3145 1177 601 134 öppning
3582 1177 328 134 på
3746 1177 492 134 östra
4074 1177 492 134 sidan
4347 1177 219 134 af

2730 1299 724 161 stenmuren
3287 1299 501 161 under
3621 1299 501 161 Idala
3956 1299 557 161 Kyrka,
4290 1299 334 161 samt

2753 1411 341 157 att
2948 1411 438 157 sedan
3240 1411 341 157 hon
3434 1411 730 157 qvarstadnat
4018 1411 389 157 inom
4213 1411 389 157 berör¬-

2727 1527 303 157 da
2879 1527 303 157 sn
3031 1527 354 157 hos
3233 1527 707 157 släktingar
3788 1527 657 157 derstädes
4243 1527 303 157 till

2733 1627 396 167 den
2960 1627 339 167 23
3129 1627 283 167 i
3242 1627 565 167 nämnde
3638 1627 509 167 månad
3977 1627 396 167 hon
4146 1627 396 167 åter¬-

2743 1763 494 157 vändt
3073 1763 384 157 hit
3292 1763 439 157 till
3512 1763 494 157 staden.

2722 1869 358 165 På
2901 1869 536 165 grund
3259 1869 358 165 af
3438 1869 477 165 hvad
3736 1869 656 165 sålunda
4153 1869 417 165 före¬-

2713 1983 733 175 kommit,
3247 1983 667 175 kommer
3713 1983 733 175 Johanna
4180 1983 400 175 Lina

2700 2103 815 185 Magnusson,
3340 2103 407 185 att
3573 2103 524 185 denna
3922 2103 407 185 dag
4155 2103 524 185 inför

2695 2237 383 163 Pkn
2914 2237 766 163 inställas.
3516 2237 656 163 Göteborg
4008 2237 383 163 den
4227 2237 273 163 7
4281 2237 383 163 april

2676 2459 342 74 1880.

4653 2470 246 74 No
4735 2470 164 74 77

4579 2600 309 73 Johan
4750 2600 241 73 Oskar

4542 2721 418 76 Bengtsson

2727 2553 819 113 Poliskonstapeln
3417 2553 259 113 No
3546 2553 259 113 38
3676 2553 431 113 Hagman
3977 2553 302 113 har
4107 2553 431 113 Tisdagen

2721 2667 300 109 den
2893 2667 215 109 6
2979 2667 258 109 ds
3107 2667 300 109 kl.
3279 2667 300 109 1/2
3451 2667 258 109 11
3580 2667 258 109 på
3708 2667 386 109 afton
3966 2667 515 109 anhållit
4309 2667 215 109 för

2730 2787 414 109 andra
3006 2787 414 109 resan
3283 2787 414 109 stöld
3559 2787 599 109 straffade
3973 2787 599 109 Stufveriar¬-

2708 2901 569 109 betaren
3122 2901 466 109 Johan
3433 2901 466 109 Oskar
3744 2901 673 109 Bengtsson
4209 2901 311 109 från

2691 3022 531 96 Lundby
3063 3022 319 96 sn
3222 3022 319 96 på
3381 3022 691 96 Hisingen,
3913 3022 372 96 för
4125 3022 372 96 det
4284 3022 266 96 han

2698 3145 652 92 innehaft
3187 3145 326 92 en
3350 3145 435 92 säck
3622 3145 870 92 innehållande
4274 3145 272 92 om¬-

2713 3250 425 98 kring
2996 3250 283 98 16
3137 3250 236 98 ℔
3232 3250 519 98 bomull,
3609 3250 330 98 för
3798 3250 519 98 åtkomst
4128 3250 472 98 hvartill

2687 3368 387 82 han
2908 3368 442 82 icke
3184 3368 553 82 kunnat
3516 3368 553 82 redogöra

2705 3467 330 102 Vid
2894 3467 330 102 det
3082 3467 330 102 med
3271 3467 613 102 Bengtsson
3743 3467 236 102 i
3837 3467 613 102 anledning
4262 3467 330 102 häraf

2688 3573 600 91 anstälde
3138 3573 500 91 förhör
3488 3573 350 91 har
3688 3573 350 91 han
3888 3573 600 91 vidgått,
4288 3573 250 91 att

2696 3674 320 139 han
2879 3674 366 139 ,att
3108 3674 320 139 och
3291 3674 275 139 en
3428 3674 915 139 stufveriarbetare
4206 3674 320 139 vid
4343 3674 275 139 namn
