5074 4096
482 224 241 109 242
619 224 379 109 Kronor,
895 224 344 109 hvilka
1136 224 448 109 penningar
1480 224 344 109 Olsson
1721 224 379 109 således
1962 224 482 109 förskingrat.

656 348 485 101 Förstberörde
1050 348 212 101 dag
1171 348 212 101 kl.
1292 348 333 101 omkring
1535 348 182 101 10
1626 348 182 101 e.
1717 348 182 101 m.
1808 348 212 101 har
1899 348 515 101 Poliskonstapeln

500 467 192 110 No
596 467 192 110 23
692 467 256 110 Lind
852 467 384 110 anhållit
1139 467 352 110 bemälde
1395 467 352 110 Olsson,
1651 467 352 110 hvilken
1907 467 224 110 vid
2034 467 224 110 det
2162 467 224 110 med
2258 467 160 110 ho¬-

489 571 214 132 nom
612 571 153 132 i
673 571 398 132 anledning
979 571 276 132 häraf
1163 571 398 132 anställda
1469 571 306 132 förhör
1683 571 429 132 uppgifvit,
2020 571 214 132 att
2142 571 245 132 han,
2265 571 153 132 som

496 686 287 145 varit
688 686 383 145 anställd
975 686 223 145 hos
1102 686 447 145 målsegaren
1453 686 223 145 som
1581 686 574 145 kontorsbiträde
2059 686 287 145 sedan
2219 686 223 145 Okto¬-

493 801 219 144 ber
618 801 282 144 1878,
806 801 188 144 på
900 801 250 144 sätt
1056 801 282 144 denne
1244 801 438 144 uppgifvit,
1588 801 376 144 Onsdagen
1870 801 219 144 den
1995 801 188 144 28
2089 801 282 144 sist.
2246 801 157 144 Ja¬-

486 923 287 126 nuari
678 923 351 126 blifvit
933 923 255 126 sänd
1093 923 224 126 att
1221 923 224 126 hos
1348 923 447 126 åtskillige
1699 923 543 126 handelsfirmor
2115 923 287 126 uppbära

489 1028 214 147 och
612 1028 367 147 qvittera
887 1028 550 147 fraktavgifter,
1345 1028 214 147 som
1467 1028 336 147 uppgått
1711 1028 244 147 till
1864 1028 214 147 ett
1986 1028 305 147 belopp
2200 1028 183 147 af
2261 1028 153 147 242

501 1154 346 145 Kronor;
752 1154 220 145 att
878 1154 251 145 han,
1035 1154 220 145 som
1161 1154 189 145 då
1255 1154 283 145 redan
1444 1154 220 145 vid
1569 1154 283 145 olika
1758 1154 440 145 tillfällen
2104 1154 283 145 under
2261 1154 157 145 må¬-

472 1276 307 145 naden
677 1276 239 145 hos
813 1276 648 145 godsemottagarne
1359 1276 273 145 utan
1529 1276 512 145 målsegarnes
1939 1276 375 145 vetskap
2177 1276 205 145 upp¬-

467 1388 317 153 burit
678 1388 563 153 penningarne,
1135 1388 281 153 emot
1311 1388 246 153 det
1452 1388 246 153 han
1593 1388 422 153 aflemnat
1909 1388 281 153 s.k.
2050 1388 352 153 fraktno¬-

490 1520 302 141 tiser,
701 1520 302 141 hvilka
913 1520 212 141 han
1034 1520 272 141 tagit
1215 1520 181 141 på
1306 1520 363 141 kontoret
1578 1520 212 141 och
1699 1520 272 141 sjelf
1880 1520 423 141 qvitterat,
2182 1520 212 141 dagen

484 1642 284 157 derpå
674 1642 379 157 inställt
958 1642 221 157 sig
1085 1642 158 157 å
1148 1642 379 157 kontoret
1432 1642 221 157 och
1559 1642 379 157 aflemnat
1843 1642 537 157 fraktsedlarne
2254 1642 158 157 med

483 1770 230 145 det
615 1770 362 145 besked,
878 1770 230 145 att
1009 1770 230 145 han
1141 1770 263 145 inga
1306 1770 428 145 penningar
1634 1770 428 145 bekommit,
1963 1770 230 145 att
2095 1770 230 145 han
2194 1770 230 145 redan

492 1883 288 151 under
684 1883 416 151 sistlidet
1005 1883 192 151 år
1101 1883 224 151 vid
1229 1883 288 151 några
1421 1883 481 151 tillfällen,
1805 1883 224 151 för
1934 1883 320 151 hvilka
2158 1883 224 151 han
2254 1883 128 151 nu

484 2002 274 138 icke
655 2002 240 138 kan
792 2002 376 138 närmare
1065 2002 445 138 redogöra,
1408 2002 240 138 mot
1544 2002 205 138 af
1647 2002 308 138 honom
1852 2002 479 138 qvitterade
2195 2002 240 138 frakt

488 2112 354 155 notiser
745 2112 386 155 uppburit
1035 2112 225 155 och
1163 2112 257 155 icke
1324 2112 418 155 redovisat
1646 2112 450 155 målsegaren
1968 2112 450 155 tillkommande

466 2244 604 137 fraktavgifter,
970 2244 235 137 som
1104 2244 235 137 han
1239 2244 537 137 förskingrat;
1675 2244 269 137 samt
1843 2244 235 137 att
1977 2244 235 137 han
2078 2244 302 137 användt

478 2366 201 133 de
579 2366 302 133 under
781 2366 436 133 sistlidne
1116 2366 369 133 Januari
1385 2366 302 133 månad
1586 2366 201 133 af
1687 2366 302 133 honom
1888 2366 403 133 upptagne
2190 2366 235 133 och

482 2476 417 139 redovisade
810 2476 417 139 afgifterna
1138 2476 238 139 dels
1287 2476 238 139 till
1436 2476 209 139 att
1555 2476 328 139 betäcka
1794 2476 238 139 hvad
1943 2476 209 139 han
2062 2476 268 139 förut
2211 2476 179 139 för¬-

466 2623 362 111 skingrat
737 2623 211 111 och
858 2623 241 111 dels
1008 2623 241 111 till
1159 2623 392 111 förtäring
1460 2623 211 111 och
1551 2623 241 111 nöjen.

612 2715 239 109 På
732 2715 359 109 grund
971 2715 239 109 af
1090 2715 319 109 hwad
1290 2715 438 109 sålunda
1609 2715 598 109 förekommit,
2047 2715 319 109 kommer

475 2818 294 115 Oskar
671 2818 359 115 Olsson,
932 2818 359 115 hvilken
1193 2818 359 115 blifvit
1454 2818 261 115 till
1617 2818 555 115 cellfängelset
2041 2818 359 115 införpas¬-

472 2927 290 120 sad,
653 2927 254 120 att
798 2927 326 120 denna
1015 2927 254 120 dag
1160 2927 254 120 för
1305 2927 254 120 PKn
1450 2927 507 120 inställas.
1849 2927 435 120 Göteborg
2175 2927 254 120 den
2283 2927 109 120 3

483 3068 371 85 Februari
731 3068 217 85 1880.

111 3197 236 71 No
189 3197 197 71 22.

104 3308 240 64 August
248 3308 240 64 Eriksson

90 3390 140 76 och
170 3390 180 76 James
290 3390 220 76 Severin

75 3484 293 65 Svensson.

533 3149 791 114 Bleckslagaremästaren
1225 3149 297 114 Adolf
1423 3149 461 114 Andersson,
1786 3149 231 114 som
1917 3149 297 114 idkar
2082 3149 264 114 handel

487 3250 220 153 med
612 3250 345 153 färdiga
863 3250 439 153 blecksaker
1209 3250 157 153 i
1271 3250 439 153 Bazarboden
1617 3250 188 153 No
1711 3250 188 153 37
1805 3250 251 153 Litt
1962 3250 157 153 B
2025 3250 220 153 vid
2119 3250 251 153 Bazar¬-

456 3372 301 161 gatan,
667 3372 211 161 har
787 3372 362 161 fredagen
1058 3372 211 161 den
1179 3372 181 161 23
1269 3372 271 161 sistl
1450 3372 331 161 Januari
1691 3372 271 161 låtit
1872 3372 331 161 anmäla,
2113 3372 211 161 att
2233 3372 151 161 i
2263 3372 151 161 of¬-

459 3502 402 139 vannämnde
768 3502 371 139 Bagarbod
1046 3502 216 139 vid
1170 3502 216 139 två
1293 3502 402 139 särskilda
1603 3502 433 139 tillfällen
1942 3502 278 139 genom
2097 3502 309 139 inbrott,

459 3620 339 115 hvarvid
706 3620 247 115 dyrk
860 3620 277 115 eller
1045 3620 277 115 falsk
1230 3620 308 115 nyckel
1445 3620 401 115 användts,
1754 3620 247 115 från
1908 3620 277 115 honom
2062 3620 308 115 tillgri¬-

461 3724 261 118 pits
624 3724 261 118 dels
787 3724 587 118 derförutgångne
1277 3724 261 118 natt
1440 3724 359 118 omkring
1701 3724 196 118 20
1798 3724 326 118 Kronor
2027 3724 228 118 och
2157 3724 261 118 dels
2288 3724 130 118 14

2718 309 292 86 dagar
2912 309 390 86 derförut
3205 309 357 86 omkring
3465 309 195 86 22
3530 309 292 86 Kronor.

2834 424 388 82 Måndagen
3125 424 226 82 den
3254 424 162 82 2
3319 424 323 82 dennes
3545 424 194 82 kl
3642 424 226 82 3/4
3771 424 162 82 9
3836 424 194 82 på
3933 424 356 82 aftonen
4191 424 420 82 förmärkte
4482 424 162 82 Po¬-

2706 532 517 94 liskonstapeln
3131 532 182 94 No
3222 532 182 94 45
3313 532 425 94 Jakobsson,
3648 532 334 94 hvilken
3891 532 365 94 posterar
4164 532 152 94 å
4195 532 425 94 Kungstorget,

2704 638 193 104 en
2800 638 290 104 okänd
2994 638 354 104 yngling
3251 638 290 104 under
3445 638 451 104 misstänkta
3799 638 580 104 omständigheter
4250 638 354 104 uppehålla

2711 740 230 115 sig
2842 740 361 115 utanför
3105 740 492 115 ifrågakomne
3499 740 263 115 bod,
3663 740 328 115 hvadan
3893 740 460 115 Jakobsson,
4254 740 295 115 sedan
4418 740 164 115 han

2704 859 322 113 funnit
2929 859 451 113 hänglåset,
3284 859 355 113 hwarmed
3542 859 322 113 dörren
3768 859 258 113 till
3929 859 290 113 boden
4123 859 290 113 varit
4284 859 290 113 stängd,

2712 973 388 107 öppnadt,
3003 973 388 107 anhållit
3293 973 355 107 bemälde
3552 973 388 107 yngling,
3843 973 226 107 som
3972 973 420 107 uppgifvit
4295 973 226 107 sig
4392 973 194 107 vara

2721 1075 725 120 Bleckslagerilärlingen
3359 1075 290 120 August
3562 1075 377 120 Eriksson,
3851 1075 348 120 anställd
4112 1075 203 120 hos
4199 1075 435 120 Bleckslagare¬-

2705 1188 374 131 mästaren
2985 1188 280 131 Anton
3172 1188 280 131 Rolin
3359 1188 156 131 i
3421 1188 280 131 huset
3608 1188 187 131 No
3701 1188 218 131 110
3826 1188 156 131 å
3888 1188 405 131 Hagaheden
4199 1188 218 131 och
4324 1188 311 131 boende
4511 1188 93 131 i

2700 1307 303 121 huset
2902 1307 202 121 No
3004 1307 168 121 8
3071 1307 236 121 vid
3172 1307 438 121 Husargatan.

2852 1421 395 102 Eriksson,
3155 1421 334 102 hvilken
3398 1421 213 102 vid
3520 1421 456 102 anhållandet
3885 1421 273 102 bland
4067 1421 273 102 annat
4249 1421 365 102 innehade
4492 1421 152 102 två

2710 1535 403 118 nycklar,
3013 1535 235 118 med
3147 1535 336 118 hvilka
3383 1535 370 118 låsarne
3651 1535 269 118 till
3819 1535 437 118 boddörren
4156 1535 302 118 kunna
4324 1535 302 118 öppnas,

2705 1643 218 132 har
2829 1643 218 132 vid
2954 1643 218 132 det
3078 1643 218 132 med
3203 1643 280 132 honom
3390 1643 405 132 anställda
3701 1643 311 132 förhör
3919 1643 374 132 vidgått,
4199 1643 218 132 att
4324 1643 249 132 han,
4448 1643 156 132 som

2703 1759 176 136 är
2791 1759 234 136 född
2937 1759 205 136 den
3054 1759 176 136 11
3142 1759 263 136 Sept.
3317 1759 234 136 1862
3464 1759 146 136 i
3522 1759 410 136 Bollebygds
3844 1759 293 136 Socken
4049 1759 176 136 af
4137 1759 381 136 Elfsborgs
4400 1759 176 136 län,

2703 1883 163 122 i
2769 1883 294 122 börja
2965 1883 196 122 af
3063 1883 556 122 sistförflutna
3520 1883 261 122 året
3684 1883 327 122 kommit
3912 1883 229 122 hit
4043 1883 261 122 till
4207 1883 327 122 staden
4403 1883 163 122 och

2698 2009 362 122 erhållit
2969 2009 452 122 anställning
3331 2009 211 122 hos
3451 2009 301 122 Rolin,
3662 2009 331 122 hvilken
3903 2009 452 122 förfärdigar
4265 2009 181 122 de
4325 2009 241 122 bleck¬-

2677 2138 295 114 saker,
2883 2138 207 114 som
3001 2138 177 114 af
3090 2138 384 114 Andersson
3385 2138 384 114 försäljas
3680 2138 148 114 i
3739 2138 413 114 Bazarboden
4063 2138 177 114 No
4152 2138 177 114 37
4240 2138 236 114 Litt
4388 2138 177 114 B;
4447 2138 148 114 att

2683 2240 218 126 han
2807 2240 280 126 någon
2994 2240 218 126 dag
3119 2240 156 126 i
3181 2240 311 126 början
3399 2240 187 126 af
3492 2240 405 126 sistlidne
3804 2240 374 126 november
4084 2240 280 126 månad
4271 2240 218 126 vid
4364 2240 218 126 fram¬-

2683 2359 437 119 forslandet
3026 2359 187 119 av
3120 2359 437 119 blicksaker
3463 2359 250 119 till
3619 2359 281 119 boden
3806 2359 156 119 å
3868 2359 218 119 den
3993 2359 250 119 från
4149 2359 406 119 Korsgatan
4430 2359 156 119 öf¬-

2679 2471 220 115 ver
2804 2471 471 115 Wallgrafven
3181 2471 345 115 ledande
3432 2471 345 115 träbron
3683 2471 408 115 upphittat
3997 2471 188 115 en
4092 2471 314 115 nyckel
4311 2471 251 115 till
4437 2471 157 115 ett

2677 2583 396 125 hänglås;
2974 2583 231 125 att
3106 2583 297 125 sedan
3304 2583 231 125 han
3436 2583 330 125 funnit
3666 2583 231 125 det
3798 2583 495 125 ifrågakomne
4194 2583 330 125 nyckel
4392 2583 198 125 öpp¬-

2661 2694 230 128 nat
2793 2694 460 128 hänglåset,
3154 2694 361 128 hvarmed
3417 2694 427 128 boddörren
3745 2694 197 128 är
3843 2694 361 128 stängd,
4106 2694 230 128 han
4238 2694 296 128 tagit
4402 2694 164 128 ett

2651 2804 336 138 aftryck
2896 2804 183 138 af
2987 2804 397 138 dörrlåset
3292 2804 214 138 och
3414 2804 366 138 derefter
3689 2804 275 138 låtit
3872 2804 427 138 förfärdiga
4208 2804 214 138 sig
4330 2804 183 138 en
4391 2804 183 138 nyc¬-

2668 2911 213 154 kel
2789 2911 243 154 till
2941 2911 334 154 berörde
3184 2911 243 154 lås;
3336 2911 213 154 att
3458 2911 213 154 han
3579 2911 365 154 derefter
3853 2911 213 154 vid
3974 2911 213 154 fem
4096 2911 395 154 särskilde
4369 2911 213 154 till¬-

2663 3033 348 148 fällen
2907 3033 314 148 under
3116 3033 314 148 sistl
3325 3033 418 148 December
3639 3033 244 148 och
3778 3033 383 148 Januari
4057 3033 383 148 månader
4335 3033 209 148 om
4405 3033 209 148 aft¬-

2666 3149 303 142 narne
2869 3149 236 142 med
3003 3149 202 142 de
3105 3149 371 142 sålunda
3374 3149 405 142 erhållne
3678 3149 438 142 nycklarne
4015 3149 337 142 beredt
4251 3149 236 142 sig
4352 3149 236 142 till¬-

2650 3271 271 146 träde
2830 3271 241 146 till
2981 3271 421 146 Anderssons
3311 3271 210 146 bod
3432 3271 210 146 och
3552 3271 210 146 der
3672 3271 180 146 ur
3762 3271 180 146 en
3852 3271 271 146 olåst
4033 3271 451 146 penninglåda
4364 3271 210 146 till¬-

2648 3385 320 150 gripit
2872 3385 448 150 penninngar
3223 3385 256 150 till
3383 3385 288 150 olika
3575 3385 352 150 belopp,
3831 3385 224 150 men
3959 3385 479 150 tillsammans
4310 3385 256 150 uppgå¬-

2644 3513 255 143 ende
2803 3513 255 143 till
2963 3513 350 143 omkring
3217 3513 191 143 50
3313 3513 350 143 Kronor;
3567 3513 223 143 att
3695 3513 223 143 han
3822 3513 191 143 af
3918 3513 350 143 fruktan
4172 3513 223 143 för
4268 3513 318 143 upptäckt

2640 3637 315 127 hvarje
2861 3637 252 127 gång
3019 3637 315 127 endast
3240 3637 441 127 tillgripit
3586 3637 189 127 en
3681 3637 221 127 del
3807 3637 189 127 af
3902 3637 189 127 de
3996 3637 158 127 i
4059 3637 284 127 lådan
4217 3637 347 127 förvarade

2624 3753 545 120 penningarne;
3067 3753 239 120 att
3203 3753 239 120 han
3339 3753 307 120 ensam
3544 3753 409 120 föröfvat
3851 3753 409 120 samtlige
4123 3753 443 120 tillgreppen
