<?xml version="1.0" encoding="UTF-8"?>
<alto xmlns:xsi="http://www.w3.org/2001/XMLSchema-instance"
      xmlns="http://www.loc.gov/standards/alto/ns-v4#"
      xmlns:page="http://schema.primaresearch.org/PAGE/gts/pagecontent/2013-07-15"
      xsi:schemaLocation="http://www.loc.gov/standards/alto/ns-v4# https://www.loc.gov/standards/alto/v4/alto.xsd">
   <Description>
      <MeasurementUnit>pixel</MeasurementUnit>
      <OCRProcessing ID="IdOcr">
         <ocrProcessingStep>
            <processingDateTime>2022-11-18T16:10:03.436+01:00</processingDateTime>
            <processingSoftware>
               <softwareCreator>READ COOP</softwareCreator>
               <softwareName>Transkribus</softwareName>
            </processingSoftware>
         </ocrProcessingStep>
      </OCRProcessing>
   </Description>
   <Tags/>
   <Layout>
      <Page ID="Page1" PHYSICAL_IMG_NR="1" HEIGHT="4072" WIDTH="4974">
         <TopMargin HEIGHT="0" WIDTH="4974" VPOS="0" HPOS="0"/>
         <LeftMargin HEIGHT="4072" WIDTH="0" VPOS="0" HPOS="0"/>
         <RightMargin HEIGHT="4072" WIDTH="0" VPOS="0" HPOS="4974"/>
         <BottomMargin HEIGHT="0" WIDTH="4974" VPOS="4072" HPOS="0"/>
         <PrintSpace HEIGHT="4072" WIDTH="4974" VPOS="0" HPOS="0">
            <TextBlock ID="r1" HEIGHT="3564" WIDTH="1880" VPOS="236" HPOS="508">
               <Shape>
                  <Polygon POINTS="508,236 508,3800 2388,3800 2388,236"/>
               </Shape>
               <TextLine ID="r1l1"
                         BASELINE="558,292 649,289 741,288 832,288 924,288 1015,288 1107,290 1198,292 1290,294 1381,296 1473,299 1564,301 1656,303 1747,305 1839,306 1930,307 2022,308 2113,306 2205,305 2296,303 2388,298"
                         HEIGHT="151"
                         WIDTH="1854"
                         VPOS="179"
                         HPOS="546">
                  <String HEIGHT="151"
                          WIDTH="303"
                          VPOS="179"
                          HPOS="512"
                          CONTENT="månad"/>
                  <SP HEIGHT="151" WIDTH="34" VPOS="179" HPOS="816"/>
                  <String HEIGHT="151"
                          WIDTH="472"
                          VPOS="179"
                          HPOS="715"
                          CONTENT="tillgripit"/>
                  <SP HEIGHT="151" WIDTH="34" VPOS="179" HPOS="1186"/>
                  <String HEIGHT="151" WIDTH="169" VPOS="179" HPOS="1085" CONTENT="å"/>
                  <SP HEIGHT="151" WIDTH="34" VPOS="179" HPOS="1254"/>
                  <String HEIGHT="151"
                          WIDTH="640"
                          VPOS="179"
                          HPOS="1153"
                          CONTENT="Skeppsbrokajen,"/>
                  <SP HEIGHT="151" WIDTH="34" VPOS="179" HPOS="1793"/>
                  <String HEIGHT="151"
                          WIDTH="236"
                          VPOS="179"
                          HPOS="1692"
                          CONTENT="har"/>
                  <SP HEIGHT="151" WIDTH="34" VPOS="179" HPOS="1928"/>
                  <String HEIGHT="151"
                          WIDTH="472"
                          VPOS="179"
                          HPOS="1827"
                          CONTENT="Handlanden"/>
                  <SP HEIGHT="151" WIDTH="34" VPOS="179" HPOS="2299"/>
                  <String HEIGHT="151"
                          WIDTH="236"
                          VPOS="179"
                          HPOS="2164"
                          CONTENT="Tide¬"
                          SUBS_TYPE="HypPart1"
                          SUBS_CONTENT="Tidemand,"/>
                  <HYP CONTENT="-"/>
               </TextLine>
               <TextLine ID="r1l2"
                         BASELINE="556,414 647,412 739,410 830,408 922,408 1014,408 1105,408 1197,408 1288,410 1380,410 1472,412 1563,412 1655,414 1746,414 1838,414 1930,414 2021,414 2113,412 2204,412 2296,410 2388,406"
                         HEIGHT="168"
                         WIDTH="1856"
                         VPOS="310"
                         HPOS="545">
                  <String HEIGHT="168"
                          WIDTH="288"
                          VPOS="310"
                          HPOS="513"
                          CONTENT="mand,"
                          SUBS_TYPE="HypPart2"
                          SUBS_CONTENT="Tidemand,"/>
                  <SP HEIGHT="168" WIDTH="32" VPOS="310" HPOS="801"/>
                  <String HEIGHT="168"
                          WIDTH="224"
                          VPOS="310"
                          HPOS="705"
                          CONTENT="som"/>
                  <SP HEIGHT="168" WIDTH="32" VPOS="310" HPOS="929"/>
                  <String HEIGHT="168"
                          WIDTH="224"
                          VPOS="310"
                          HPOS="833"
                          CONTENT="har"/>
                  <SP HEIGHT="168" WIDTH="32" VPOS="310" HPOS="1057"/>
                  <String HEIGHT="168"
                          WIDTH="320"
                          VPOS="310"
                          HPOS="961"
                          CONTENT="kontor"/>
                  <SP HEIGHT="168" WIDTH="32" VPOS="310" HPOS="1281"/>
                  <String HEIGHT="168" WIDTH="160" VPOS="310" HPOS="1185" CONTENT="i"/>
                  <SP HEIGHT="168" WIDTH="32" VPOS="310" HPOS="1345"/>
                  <String HEIGHT="168"
                          WIDTH="288"
                          VPOS="310"
                          HPOS="1249"
                          CONTENT="huset"/>
                  <SP HEIGHT="168" WIDTH="32" VPOS="310" HPOS="1537"/>
                  <String HEIGHT="168"
                          WIDTH="192"
                          VPOS="310"
                          HPOS="1441"
                          CONTENT="No"/>
                  <SP HEIGHT="168" WIDTH="32" VPOS="310" HPOS="1633"/>
                  <String HEIGHT="168" WIDTH="160" VPOS="310" HPOS="1537" CONTENT="6"/>
                  <SP HEIGHT="168" WIDTH="32" VPOS="310" HPOS="1697"/>
                  <String HEIGHT="168"
                          WIDTH="224"
                          VPOS="310"
                          HPOS="1601"
                          CONTENT="vid"/>
                  <SP HEIGHT="168" WIDTH="32" VPOS="310" HPOS="1825"/>
                  <String HEIGHT="168"
                          WIDTH="288"
                          VPOS="310"
                          HPOS="1729"
                          CONTENT="Lilla"/>
                  <SP HEIGHT="168" WIDTH="32" VPOS="310" HPOS="2017"/>
                  <String HEIGHT="168"
                          WIDTH="352"
                          VPOS="310"
                          HPOS="1921"
                          CONTENT="Torget,"/>
                  <SP HEIGHT="168" WIDTH="32" VPOS="310" HPOS="2273"/>
                  <String HEIGHT="168"
                          WIDTH="256"
                          VPOS="310"
                          HPOS="2145"
                          CONTENT="anmält"/>
               </TextLine>
               <TextLine ID="r1l3"
                         BASELINE="544,528 631,526 719,524 806,524 894,522 982,520 1069,520 1157,518 1244,518 1332,517 1420,516 1507,516 1595,516 1682,514 1770,514 1858,514 1945,514 2033,514 2120,514 2208,514 2296,516"
                         HEIGHT="152"
                         WIDTH="1774"
                         VPOS="419"
                         HPOS="533">
                  <String HEIGHT="152"
                          WIDTH="230"
                          VPOS="419"
                          HPOS="500"
                          CONTENT="sig"/>
                  <SP HEIGHT="152" WIDTH="33" VPOS="419" HPOS="730"/>
                  <String HEIGHT="152"
                          WIDTH="296"
                          VPOS="419"
                          HPOS="632"
                          CONTENT="såsom"/>
                  <SP HEIGHT="152" WIDTH="33" VPOS="419" HPOS="927"/>
                  <String HEIGHT="152"
                          WIDTH="329"
                          VPOS="419"
                          HPOS="829"
                          CONTENT="egare,"/>
                  <SP HEIGHT="152" WIDTH="33" VPOS="419" HPOS="1157"/>
                  <String HEIGHT="152"
                          WIDTH="427"
                          VPOS="419"
                          HPOS="1059"
                          CONTENT="hvarjemte"/>
                  <SP HEIGHT="152" WIDTH="33" VPOS="419" HPOS="1486"/>
                  <String HEIGHT="152"
                          WIDTH="394"
                          VPOS="419"
                          HPOS="1387"
                          CONTENT="Tidemand"/>
                  <SP HEIGHT="152" WIDTH="33" VPOS="419" HPOS="1781"/>
                  <String HEIGHT="152"
                          WIDTH="460"
                          VPOS="419"
                          HPOS="1683"
                          CONTENT="uppgifvit:"/>
                  <SP HEIGHT="152" WIDTH="33" VPOS="419" HPOS="2143"/>
                  <String HEIGHT="152"
                          WIDTH="230"
                          VPOS="419"
                          HPOS="2044"
                          CONTENT="att"/>
                  <SP HEIGHT="152" WIDTH="33" VPOS="419" HPOS="2274"/>
                  <String HEIGHT="152"
                          WIDTH="164"
                          VPOS="419"
                          HPOS="2143"
                          CONTENT="han"/>
               </TextLine>
               <TextLine ID="r1l4"
                         BASELINE="546,614 636,612 727,610 818,608 908,607 999,606 1090,604 1180,602 1271,602 1362,600 1453,600 1543,598 1634,598 1725,596 1815,596 1906,596 1997,594 2087,594 2178,594 2269,594 2360,596"
                         HEIGHT="167"
                         WIDTH="1838"
                         VPOS="515"
                         HPOS="533">
                  <String HEIGHT="167"
                          WIDTH="414"
                          VPOS="515"
                          HPOS="487"
                          CONTENT="genom"/>
                  <SP HEIGHT="167" WIDTH="46" VPOS="515" HPOS="901"/>
                  <String HEIGHT="167"
                          WIDTH="551"
                          VPOS="515"
                          HPOS="763"
                          CONTENT="olofligt"/>
                  <SP HEIGHT="167" WIDTH="46" VPOS="515" HPOS="1314"/>
                  <String HEIGHT="167"
                          WIDTH="597"
                          VPOS="515"
                          HPOS="1176"
                          CONTENT="tillgrepp"/>
                  <SP HEIGHT="167" WIDTH="46" VPOS="515" HPOS="1774"/>
                  <String HEIGHT="167"
                          WIDTH="460"
                          VPOS="515"
                          HPOS="1636"
                          CONTENT="mistat"/>
                  <SP HEIGHT="167" WIDTH="46" VPOS="515" HPOS="2095"/>
                  <String HEIGHT="167"
                          WIDTH="368"
                          VPOS="515"
                          HPOS="1957"
                          CONTENT="dels"/>
                  <SP HEIGHT="167" WIDTH="46" VPOS="515" HPOS="2325"/>
                  <String HEIGHT="167"
                          WIDTH="230"
                          VPOS="515"
                          HPOS="2141"
                          CONTENT="vid"/>
               </TextLine>
               <TextLine ID="r1l5"
                         BASELINE="574,702 661,702 748,700 835,700 922,698 1010,696 1097,694 1184,694 1271,692 1358,690 1446,690 1533,688 1620,686 1707,685 1794,684 1882,682 1969,682 2056,682 2143,682 2230,680 2318,682"
                         HEIGHT="108"
                         WIDTH="1767"
                         VPOS="608"
                         HPOS="562">
                  <String HEIGHT="108"
                          WIDTH="442"
                          VPOS="608"
                          HPOS="513"
                          CONTENT="något"/>
                  <SP HEIGHT="108" WIDTH="49" VPOS="608" HPOS="955"/>
                  <String HEIGHT="108"
                          WIDTH="638"
                          VPOS="608"
                          HPOS="807"
                          CONTENT="tillfälle"/>
                  <SP HEIGHT="108" WIDTH="49" VPOS="608" HPOS="1446"/>
                  <String HEIGHT="108"
                          WIDTH="540"
                          VPOS="608"
                          HPOS="1298"
                          CONTENT="emellan"/>
                  <SP HEIGHT="108" WIDTH="49" VPOS="608" HPOS="1838"/>
                  <String HEIGHT="108"
                          WIDTH="344"
                          VPOS="608"
                          HPOS="1691"
                          CONTENT="den"/>
                  <SP HEIGHT="108" WIDTH="49" VPOS="608" HPOS="2035"/>
                  <String HEIGHT="108"
                          WIDTH="393"
                          VPOS="608"
                          HPOS="1887"
                          CONTENT="10de"/>
                  <SP HEIGHT="108" WIDTH="49" VPOS="608" HPOS="2280"/>
                  <String HEIGHT="108"
                          WIDTH="245"
                          VPOS="608"
                          HPOS="2084"
                          CONTENT="och"/>
               </TextLine>
               <TextLine ID="r1l6"
                         BASELINE="562,802 651,802 740,803 830,802 919,801 1009,800 1098,798 1187,796 1277,792 1366,790 1456,788 1545,786 1634,784 1724,782 1813,782 1903,782 1992,782 2081,782 2171,786 2260,789 2350,794"
                         HEIGHT="159"
                         WIDTH="1811"
                         VPOS="693"
                         HPOS="551">
                  <String HEIGHT="159" WIDTH="279" VPOS="693" HPOS="505" CONTENT="14"/>
                  <SP HEIGHT="159" WIDTH="46" VPOS="693" HPOS="783"/>
                  <String HEIGHT="159"
                          WIDTH="418"
                          VPOS="693"
                          HPOS="644"
                          CONTENT="sist."/>
                  <SP HEIGHT="159" WIDTH="46" VPOS="693" HPOS="1062"/>
                  <String HEIGHT="159"
                          WIDTH="511"
                          VPOS="693"
                          HPOS="922"
                          CONTENT="Januari"/>
                  <SP HEIGHT="159" WIDTH="46" VPOS="693" HPOS="1433"/>
                  <String HEIGHT="159"
                          WIDTH="279"
                          VPOS="693"
                          HPOS="1294"
                          CONTENT="40"/>
                  <SP HEIGHT="159" WIDTH="46" VPOS="693" HPOS="1573"/>
                  <String HEIGHT="159"
                          WIDTH="371"
                          VPOS="693"
                          HPOS="1433"
                          CONTENT="till"/>
                  <SP HEIGHT="159" WIDTH="46" VPOS="693" HPOS="1805"/>
                  <String HEIGHT="159"
                          WIDTH="279"
                          VPOS="693"
                          HPOS="1665"
                          CONTENT="50"/>
                  <SP HEIGHT="159" WIDTH="46" VPOS="693" HPOS="1944"/>
                  <String HEIGHT="159"
                          WIDTH="464"
                          VPOS="693"
                          HPOS="1805"
                          CONTENT="tunnor"/>
                  <SP HEIGHT="159" WIDTH="46" VPOS="693" HPOS="2269"/>
                  <String HEIGHT="159"
                          WIDTH="279"
                          VPOS="693"
                          HPOS="2083"
                          CONTENT="haf¬"
                          SUBS_TYPE="HypPart1"
                          SUBS_CONTENT="hafre"/>
                  <HYP CONTENT="-"/>
               </TextLine>
               <TextLine ID="r1l7"
                         BASELINE="572,912 660,912 749,910 837,909 926,908 1014,906 1103,904 1191,901 1280,900 1368,898 1457,896 1545,894 1634,894 1722,892 1811,892 1899,892 1988,892 2076,892 2165,894 2253,896 2342,900"
                         HEIGHT="196"
                         WIDTH="1793"
                         VPOS="790"
                         HPOS="560">
                  <String HEIGHT="196"
                          WIDTH="336"
                          VPOS="790"
                          HPOS="504"
                          CONTENT="re"
                          SUBS_TYPE="HypPart2"
                          SUBS_CONTENT="hafre"/>
                  <SP HEIGHT="196" WIDTH="56" VPOS="790" HPOS="840"/>
                  <String HEIGHT="196"
                          WIDTH="392"
                          VPOS="790"
                          HPOS="672"
                          CONTENT="som"/>
                  <SP HEIGHT="196" WIDTH="56" VPOS="790" HPOS="1064"/>
                  <String HEIGHT="196"
                          WIDTH="728"
                          VPOS="790"
                          HPOS="896"
                          CONTENT="förvarats"/>
                  <SP HEIGHT="196" WIDTH="56" VPOS="790" HPOS="1625"/>
                  <String HEIGHT="196" WIDTH="280" VPOS="790" HPOS="1457" CONTENT="i"/>
                  <SP HEIGHT="196" WIDTH="56" VPOS="790" HPOS="1737"/>
                  <String HEIGHT="196"
                          WIDTH="728"
                          VPOS="790"
                          HPOS="1569"
                          CONTENT="hemförare"/>
                  <SP HEIGHT="196" WIDTH="56" VPOS="790" HPOS="2297"/>
                  <String HEIGHT="196"
                          WIDTH="280"
                          VPOS="790"
                          HPOS="2073"
                          CONTENT="Bo¬"
                          SUBS_TYPE="HypPart1"
                          SUBS_CONTENT="Bolagets"/>
                  <HYP CONTENT="-"/>
               </TextLine>
               <TextLine ID="r1l8"
                         BASELINE="572,1032 655,1028 738,1024 821,1022 905,1018 988,1016 1071,1014 1155,1010 1238,1008 1321,1006 1405,1005 1488,1004 1571,1002 1654,1000 1738,1000 1821,1000 1904,1000 1988,1000 2071,1000 2154,1002 2238,1002"
                         HEIGHT="171"
                         WIDTH="1692"
                         VPOS="910"
                         HPOS="559">
                  <String HEIGHT="171"
                          WIDTH="546"
                          VPOS="910"
                          HPOS="504"
                          CONTENT="lagets"
                          SUBS_TYPE="HypPart2"
                          SUBS_CONTENT="Bolagets"/>
                  <SP HEIGHT="171" WIDTH="55" VPOS="910" HPOS="1050"/>
                  <String HEIGHT="171"
                          WIDTH="382"
                          VPOS="910"
                          HPOS="886"
                          CONTENT="båt"/>
                  <SP HEIGHT="171" WIDTH="55" VPOS="910" HPOS="1269"/>
                  <String HEIGHT="171"
                          WIDTH="327"
                          VPOS="910"
                          HPOS="1105"
                          CONTENT="No"/>
                  <SP HEIGHT="171" WIDTH="55" VPOS="910" HPOS="1432"/>
                  <String HEIGHT="171" WIDTH="273" VPOS="910" HPOS="1269" CONTENT="1"/>
                  <SP HEIGHT="171" WIDTH="55" VPOS="910" HPOS="1541"/>
                  <String HEIGHT="171"
                          WIDTH="382"
                          VPOS="910"
                          HPOS="1378"
                          CONTENT="och"/>
                  <SP HEIGHT="171" WIDTH="55" VPOS="910" HPOS="1760"/>
                  <String HEIGHT="171"
                          WIDTH="491"
                          VPOS="910"
                          HPOS="1596"
                          CONTENT="varit"/>
                  <SP HEIGHT="171" WIDTH="55" VPOS="910" HPOS="2087"/>
                  <String HEIGHT="171"
                          WIDTH="382"
                          VPOS="910"
                          HPOS="1869"
                          CONTENT="värda"/>
               </TextLine>
               <TextLine ID="r1l9"
                         BASELINE="562,1156 646,1150 730,1147 814,1142 898,1138 982,1134 1066,1132 1150,1129 1234,1128 1318,1125 1402,1124 1486,1122 1570,1120 1654,1118 1738,1118 1822,1116 1906,1114 1990,1112 2074,1111 2158,1108 2242,1106"
                         HEIGHT="149"
                         WIDTH="1707"
                         VPOS="1026"
                         HPOS="548">
                  <String HEIGHT="149"
                          WIDTH="351"
                          VPOS="1026"
                          HPOS="498"
                          CONTENT="540"/>
                  <SP HEIGHT="149" WIDTH="50" VPOS="1026" HPOS="849"/>
                  <String HEIGHT="149"
                          WIDTH="552"
                          VPOS="1026"
                          HPOS="699"
                          CONTENT="kronor,"/>
                  <SP HEIGHT="149" WIDTH="50" VPOS="1026" HPOS="1251"/>
                  <String HEIGHT="149"
                          WIDTH="351"
                          VPOS="1026"
                          HPOS="1100"
                          CONTENT="och"/>
                  <SP HEIGHT="149" WIDTH="50" VPOS="1026" HPOS="1452"/>
                  <String HEIGHT="149"
                          WIDTH="402"
                          VPOS="1026"
                          HPOS="1301"
                          CONTENT="dels"/>
                  <SP HEIGHT="149" WIDTH="50" VPOS="1026" HPOS="1703"/>
                  <String HEIGHT="149"
                          WIDTH="251"
                          VPOS="1026"
                          HPOS="1552"
                          CONTENT="i"/>
                  <SP HEIGHT="149" WIDTH="50" VPOS="1026" HPOS="1803"/>
                  <String HEIGHT="149"
                          WIDTH="502"
                          VPOS="1026"
                          HPOS="1653"
                          CONTENT="sistl."/>
                  <SP HEIGHT="149" WIDTH="50" VPOS="1026" HPOS="2155"/>
                  <String HEIGHT="149"
                          WIDTH="301"
                          VPOS="1026"
                          HPOS="1954"
                          CONTENT="Juni"/>
               </TextLine>
               <TextLine ID="r1l10"
                         BASELINE="558,1254 647,1252 736,1250 825,1247 914,1244 1003,1243 1092,1241 1181,1240 1270,1238 1359,1236 1448,1234 1537,1232 1626,1230 1715,1228 1804,1226 1893,1224 1982,1222 2071,1219 2160,1216 2249,1213 2338,1208"
                         HEIGHT="170"
                         WIDTH="1804"
                         VPOS="1142"
                         HPOS="547">
                  <String HEIGHT="170"
                          WIDTH="524"
                          VPOS="1142"
                          HPOS="489"
                          CONTENT="månad"/>
                  <SP HEIGHT="170" WIDTH="58" VPOS="1142" HPOS="1013"/>
                  <String HEIGHT="170"
                          WIDTH="349"
                          VPOS="1142"
                          HPOS="838"
                          CONTENT="11"/>
                  <SP HEIGHT="170" WIDTH="58" VPOS="1142" HPOS="1187"/>
                  <String HEIGHT="170"
                          WIDTH="582"
                          VPOS="1142"
                          HPOS="1013"
                          CONTENT="säckar"/>
                  <SP HEIGHT="170" WIDTH="58" VPOS="1142" HPOS="1594"/>
                  <String HEIGHT="170"
                          WIDTH="524"
                          VPOS="1142"
                          HPOS="1420"
                          CONTENT="hafre"/>
                  <SP HEIGHT="170" WIDTH="58" VPOS="1142" HPOS="1944"/>
                  <String HEIGHT="170"
                          WIDTH="407"
                          VPOS="1142"
                          HPOS="1769"
                          CONTENT="som"/>
                  <SP HEIGHT="170" WIDTH="58" VPOS="1142" HPOS="2176"/>
                  <String HEIGHT="170"
                          WIDTH="407"
                          VPOS="1142"
                          HPOS="1944"
                          CONTENT="varit"/>
               </TextLine>
               <TextLine ID="r1l11"
                         BASELINE="556,1372 641,1368 726,1364 811,1360 896,1357 981,1354 1066,1352 1151,1350 1236,1348 1321,1347 1406,1346 1491,1344 1576,1343 1661,1342 1746,1340 1831,1340 1916,1338 2001,1336 2086,1336 2171,1334 2256,1332"
                         HEIGHT="190"
                         WIDTH="1724"
                         VPOS="1251"
                         HPOS="543">
                  <String HEIGHT="190"
                          WIDTH="739"
                          VPOS="1251"
                          HPOS="481"
                          CONTENT="upplagde"/>
                  <SP HEIGHT="190" WIDTH="62" VPOS="1251" HPOS="1220"/>
                  <String HEIGHT="190"
                          WIDTH="369"
                          VPOS="1251"
                          HPOS="1036"
                          CONTENT="på"/>
                  <SP HEIGHT="190" WIDTH="62" VPOS="1251" HPOS="1405"/>
                  <String HEIGHT="190"
                          WIDTH="554"
                          VPOS="1251"
                          HPOS="1220"
                          CONTENT="samma"/>
                  <SP HEIGHT="190" WIDTH="62" VPOS="1251" HPOS="1774"/>
                  <String HEIGHT="190"
                          WIDTH="616"
                          VPOS="1251"
                          HPOS="1590"
                          CONTENT="ställe"/>
                  <SP HEIGHT="190" WIDTH="62" VPOS="1251" HPOS="2205"/>
                  <String HEIGHT="190"
                          WIDTH="308"
                          VPOS="1251"
                          HPOS="1959"
                          CONTENT="som"/>
               </TextLine>
               <TextLine ID="r1l12"
                         BASELINE="560,1478 649,1474 738,1470 827,1468 916,1466 1006,1464 1095,1462 1184,1460 1273,1460 1362,1458 1452,1458 1541,1458 1630,1457 1719,1456 1808,1456 1898,1456 1987,1456 2076,1456 2165,1456 2254,1456 2344,1454"
                         HEIGHT="149"
                         WIDTH="1806"
                         VPOS="1369"
                         HPOS="549">
                  <String HEIGHT="149"
                          WIDTH="757"
                          VPOS="1369"
                          HPOS="491"
                          CONTENT="förenämde"/>
                  <SP HEIGHT="149" WIDTH="58" VPOS="1369" HPOS="1248"/>
                  <String HEIGHT="149"
                          WIDTH="408"
                          VPOS="1369"
                          HPOS="1073"
                          CONTENT="fem"/>
                  <SP HEIGHT="149" WIDTH="58" VPOS="1369" HPOS="1481"/>
                  <String HEIGHT="149"
                          WIDTH="641"
                          VPOS="1369"
                          HPOS="1306"
                          CONTENT="säckar,"/>
                  <SP HEIGHT="149" WIDTH="58" VPOS="1369" HPOS="1947"/>
                  <String HEIGHT="149"
                          WIDTH="408"
                          VPOS="1369"
                          HPOS="1772"
                          CONTENT="att"/>
                  <SP HEIGHT="149" WIDTH="58" VPOS="1369" HPOS="2180"/>
                  <String HEIGHT="149"
                          WIDTH="408"
                          VPOS="1369"
                          HPOS="1947"
                          CONTENT="under"/>
               </TextLine>
               <TextLine ID="r1l14"
                         BASELINE="570,1586 654,1588 738,1588 822,1588 907,1588 991,1588 1075,1586 1160,1584 1244,1584 1328,1582 1413,1580 1497,1578 1581,1576 1665,1574 1750,1574 1834,1572 1918,1572 2003,1570 2087,1570 2171,1570 2256,1570"
                         HEIGHT="179"
                         WIDTH="1710"
                         VPOS="1479"
                         HPOS="557">
                  <String HEIGHT="179"
                          WIDTH="415"
                          VPOS="1479"
                          HPOS="505"
                          CONTENT="hela"/>
                  <SP HEIGHT="179" WIDTH="52" VPOS="1479" HPOS="920"/>
                  <String HEIGHT="179"
                          WIDTH="466"
                          VPOS="1479"
                          HPOS="764"
                          CONTENT="sist."/>
                  <SP HEIGHT="179" WIDTH="52" VPOS="1479" HPOS="1231"/>
                  <String HEIGHT="179"
                          WIDTH="363"
                          VPOS="1479"
                          HPOS="1075"
                          CONTENT="vår"/>
                  <SP HEIGHT="179" WIDTH="52" VPOS="1479" HPOS="1438"/>
                  <String HEIGHT="179"
                          WIDTH="518"
                          VPOS="1479"
                          HPOS="1282"
                          CONTENT="städse"/>
                  <SP HEIGHT="179" WIDTH="52" VPOS="1479" HPOS="1801"/>
                  <String HEIGHT="179"
                          WIDTH="259"
                          VPOS="1479"
                          HPOS="1645"
                          CONTENT="i"/>
                  <SP HEIGHT="179" WIDTH="52" VPOS="1479" HPOS="1904"/>
                  <String HEIGHT="179"
                          WIDTH="311"
                          VPOS="1479"
                          HPOS="1749"
                          CONTENT="de"/>
                  <SP HEIGHT="179" WIDTH="52" VPOS="1479" HPOS="2060"/>
                  <String HEIGHT="179"
                          WIDTH="415"
                          VPOS="1479"
                          HPOS="1852"
                          CONTENT="hafre¬"
                          SUBS_TYPE="HypPart1"
                          SUBS_CONTENT="hafrepartier"/>
                  <HYP CONTENT="-"/>
               </TextLine>
               <TextLine ID="r1l15"
                         BASELINE="562,1718 647,1714 732,1712 817,1708 903,1705 988,1702 1073,1699 1159,1696 1244,1692 1329,1690 1415,1686 1500,1684 1585,1682 1670,1680 1756,1678 1841,1678 1926,1676 2012,1676 2097,1674 2182,1676 2268,1676"
                         HEIGHT="166"
                         WIDTH="1731"
                         VPOS="1582"
                         HPOS="549">
                  <String HEIGHT="166"
                          WIDTH="614"
                          VPOS="1582"
                          HPOS="493"
                          CONTENT="partier"
                          SUBS_TYPE="HypPart2"
                          SUBS_CONTENT="hafrepartier"/>
                  <SP HEIGHT="166" WIDTH="56" VPOS="1582" HPOS="1107"/>
                  <String HEIGHT="166"
                          WIDTH="391"
                          VPOS="1582"
                          HPOS="940"
                          CONTENT="som"/>
                  <SP HEIGHT="166" WIDTH="56" VPOS="1582" HPOS="1331"/>
                  <String HEIGHT="166"
                          WIDTH="726"
                          VPOS="1582"
                          HPOS="1163"
                          CONTENT="härstädes"/>
                  <SP HEIGHT="166" WIDTH="56" VPOS="1582" HPOS="1889"/>
                  <String HEIGHT="166"
                          WIDTH="614"
                          VPOS="1582"
                          HPOS="1666"
                          CONTENT="förvarats"/>
               </TextLine>
               <TextLine ID="r1l16"
                         BASELINE="564,1826 647,1821 730,1817 814,1813 897,1811 981,1806 1064,1804 1147,1802 1231,1800 1314,1798 1398,1796 1481,1794 1564,1794 1648,1792 1731,1791 1815,1790 1898,1790 1981,1788 2065,1788 2148,1788 2232,1786"
                         HEIGHT="145"
                         WIDTH="1691"
                         VPOS="1699"
                         HPOS="552">
                  <String HEIGHT="145" WIDTH="282" VPOS="1699" HPOS="496" CONTENT="i"/>
                  <SP HEIGHT="145" WIDTH="56" VPOS="1699" HPOS="777"/>
                  <String HEIGHT="145"
                          WIDTH="733"
                          VPOS="1699"
                          HPOS="608"
                          CONTENT="sistnämde"/>
                  <SP HEIGHT="145" WIDTH="56" VPOS="1699" HPOS="1341"/>
                  <String HEIGHT="145"
                          WIDTH="564"
                          VPOS="1699"
                          HPOS="1172"
                          CONTENT="Bolags"/>
                  <SP HEIGHT="145" WIDTH="56" VPOS="1699" HPOS="1736"/>
                  <String HEIGHT="145"
                          WIDTH="620"
                          VPOS="1699"
                          HPOS="1567"
                          CONTENT="pråmar,"/>
                  <SP HEIGHT="145" WIDTH="56" VPOS="1699" HPOS="2187"/>
                  <String HEIGHT="145"
                          WIDTH="282"
                          VPOS="1699"
                          HPOS="1961"
                          CONTENT="vid"/>
               </TextLine>
               <TextLine ID="r1l17"
                         BASELINE="552,1936 640,1932 728,1928 816,1926 905,1922 993,1919 1081,1916 1170,1914 1258,1912 1346,1908 1435,1906 1523,1904 1611,1902 1699,1900 1788,1898 1876,1896 1964,1893 2053,1890 2141,1887 2229,1884 2318,1882"
                         HEIGHT="182"
                         WIDTH="1792"
                         VPOS="1792"
                         HPOS="539">
                  <String HEIGHT="182"
                          WIDTH="840"
                          VPOS="1792"
                          HPOS="483"
                          CONTENT="framkomsten"/>
                  <SP HEIGHT="182" WIDTH="56" VPOS="1792" HPOS="1323"/>
                  <String HEIGHT="182"
                          WIDTH="448"
                          VPOS="1792"
                          HPOS="1155"
                          CONTENT="till"/>
                  <SP HEIGHT="182" WIDTH="56" VPOS="1792" HPOS="1603"/>
                  <String HEIGHT="182"
                          WIDTH="952"
                          VPOS="1792"
                          HPOS="1379"
                          CONTENT="Skeppningsorten"/>
               </TextLine>
               <TextLine ID="r1l18"
                         BASELINE="544,2062 633,2056 723,2052 813,2047 903,2043 993,2040 1083,2038 1173,2036 1263,2034 1353,2034 1443,2032 1532,2032 1622,2030 1712,2030 1802,2028 1892,2028 1982,2026 2072,2024 2162,2021 2252,2017 2342,2014"
                         HEIGHT="192"
                         WIDTH="1822"
                         VPOS="1935"
                         HPOS="532">
                  <String HEIGHT="192"
                          WIDTH="607"
                          VPOS="1935"
                          HPOS="477"
                          CONTENT="funnits"/>
                  <SP HEIGHT="192" WIDTH="55" VPOS="1935" HPOS="1084"/>
                  <String HEIGHT="192"
                          WIDTH="773"
                          VPOS="1935"
                          HPOS="918"
                          CONTENT="undervigt,"/>
                  <SP HEIGHT="192" WIDTH="55" VPOS="1935" HPOS="1691"/>
                  <String HEIGHT="192"
                          WIDTH="442"
                          VPOS="1935"
                          HPOS="1526"
                          CONTENT="samt"/>
                  <SP HEIGHT="192" WIDTH="55" VPOS="1935" HPOS="1968"/>
                  <String HEIGHT="192"
                          WIDTH="386"
                          VPOS="1935"
                          HPOS="1802"
                          CONTENT="att"/>
                  <SP HEIGHT="192" WIDTH="55" VPOS="1935" HPOS="2188"/>
                  <String HEIGHT="192"
                          WIDTH="386"
                          VPOS="1935"
                          HPOS="1968"
                          CONTENT="sedan"/>
               </TextLine>
               <TextLine ID="r1l19"
                         BASELINE="546,2184 635,2178 724,2175 813,2171 902,2166 991,2164 1080,2160 1169,2158 1258,2154 1347,2152 1437,2150 1526,2148 1615,2146 1704,2144 1793,2142 1882,2140 1971,2138 2060,2136 2149,2134 2238,2134 2328,2132"
                         HEIGHT="194"
                         WIDTH="1807"
                         VPOS="2035"
                         HPOS="533">
                  <String HEIGHT="194"
                          WIDTH="657"
                          VPOS="2035"
                          HPOS="478"
                          CONTENT="Tidemand"/>
                  <SP HEIGHT="194" WIDTH="55" VPOS="2035" HPOS="1135"/>
                  <String HEIGHT="194"
                          WIDTH="493"
                          VPOS="2035"
                          HPOS="971"
                          CONTENT="flera"/>
                  <SP HEIGHT="194" WIDTH="55" VPOS="2035" HPOS="1464"/>
                  <String HEIGHT="194"
                          WIDTH="548"
                          VPOS="2035"
                          HPOS="1300"
                          CONTENT="gånger"/>
                  <SP HEIGHT="194" WIDTH="55" VPOS="2035" HPOS="1847"/>
                  <String HEIGHT="194"
                          WIDTH="548"
                          VPOS="2035"
                          HPOS="1683"
                          CONTENT="saknat"/>
                  <SP HEIGHT="194" WIDTH="55" VPOS="2035" HPOS="2230"/>
                  <String HEIGHT="194"
                          WIDTH="329"
                          VPOS="2035"
                          HPOS="2011"
                          CONTENT="haf¬"
                          SUBS_TYPE="HypPart1"
                          SUBS_CONTENT="hafre"/>
                  <HYP CONTENT="-"/>
               </TextLine>
               <TextLine ID="r1l20"
                         BASELINE="556,2284 640,2280 724,2278 808,2275 892,2272 977,2268 1061,2266 1145,2264 1229,2262 1313,2260 1398,2258 1482,2256 1566,2254 1650,2252 1734,2252 1819,2252 1903,2250 1987,2250 2071,2252 2155,2252 2240,2252"
                         HEIGHT="173"
                         WIDTH="1708"
                         VPOS="2145"
                         HPOS="544">
                  <String HEIGHT="173"
                          WIDTH="342"
                          VPOS="2145"
                          HPOS="487"
                          CONTENT="re"
                          SUBS_TYPE="HypPart2"
                          SUBS_CONTENT="hafre"/>
                  <SP HEIGHT="173" WIDTH="57" VPOS="2145" HPOS="829"/>
                  <String HEIGHT="173"
                          WIDTH="399"
                          VPOS="2145"
                          HPOS="658"
                          CONTENT="han"/>
                  <SP HEIGHT="173" WIDTH="57" VPOS="2145" HPOS="1056"/>
                  <String HEIGHT="173"
                          WIDTH="512"
                          VPOS="2145"
                          HPOS="886"
                          CONTENT="derom"/>
                  <SP HEIGHT="173" WIDTH="57" VPOS="2145" HPOS="1398"/>
                  <String HEIGHT="173"
                          WIDTH="854"
                          VPOS="2145"
                          HPOS="1227"
                          CONTENT="underrättat"/>
                  <SP HEIGHT="173" WIDTH="57" VPOS="2145" HPOS="2081"/>
                  <String HEIGHT="173"
                          WIDTH="399"
                          VPOS="2145"
                          HPOS="1853"
                          CONTENT="Åkare"/>
               </TextLine>
               <TextLine ID="r1l21"
                         BASELINE="536,2404 626,2396 716,2391 806,2386 896,2382 986,2378 1076,2375 1166,2373 1256,2372 1346,2370 1436,2368 1526,2368 1616,2368 1706,2366 1796,2366 1886,2366 1976,2364 2066,2362 2156,2362 2246,2358 2336,2356"
                         HEIGHT="167"
                         WIDTH="1825"
                         VPOS="2272"
                         HPOS="524">
                  <String HEIGHT="167"
                          WIDTH="798"
                          VPOS="2272"
                          HPOS="467"
                          CONTENT="Johansson,"/>
                  <SP HEIGHT="167" WIDTH="57" VPOS="2272" HPOS="1265"/>
                  <String HEIGHT="167"
                          WIDTH="513"
                          VPOS="2272"
                          HPOS="1094"
                          CONTENT="hvars"/>
                  <SP HEIGHT="167" WIDTH="57" VPOS="2272" HPOS="1608"/>
                  <String HEIGHT="167"
                          WIDTH="570"
                          VPOS="2272"
                          HPOS="1437"
                          CONTENT="fordon"/>
                  <SP HEIGHT="167" WIDTH="57" VPOS="2272" HPOS="2007"/>
                  <String HEIGHT="167"
                          WIDTH="570"
                          VPOS="2272"
                          HPOS="1779"
                          CONTENT="Tidemand"/>
               </TextLine>
               <TextLine ID="r1l22"
                         BASELINE="532,2522 618,2516 705,2511 791,2508 878,2503 965,2499 1051,2495 1138,2492 1224,2490 1311,2486 1398,2484 1484,2482 1571,2480 1657,2478 1744,2476 1831,2475 1917,2474 2004,2472 2090,2470 2177,2469 2264,2468"
                         HEIGHT="166"
                         WIDTH="1757"
                         VPOS="2381"
                         HPOS="519">
                  <String HEIGHT="166"
                          WIDTH="604"
                          VPOS="2381"
                          HPOS="464"
                          CONTENT="användt"/>
                  <SP HEIGHT="166" WIDTH="55" VPOS="2381" HPOS="1068"/>
                  <String HEIGHT="166"
                          WIDTH="384"
                          VPOS="2381"
                          HPOS="903"
                          CONTENT="vid"/>
                  <SP HEIGHT="166" WIDTH="55" VPOS="2381" HPOS="1288"/>
                  <String HEIGHT="166"
                          WIDTH="659"
                          VPOS="2381"
                          HPOS="1123"
                          CONTENT="körslor,"/>
                  <SP HEIGHT="166" WIDTH="55" VPOS="2381" HPOS="1782"/>
                  <String HEIGHT="166"
                          WIDTH="384"
                          VPOS="2381"
                          HPOS="1617"
                          CONTENT="med"/>
                  <SP HEIGHT="166" WIDTH="55" VPOS="2381" HPOS="2001"/>
                  <String HEIGHT="166"
                          WIDTH="494"
                          VPOS="2381"
                          HPOS="1782"
                          CONTENT="begäran"/>
               </TextLine>
               <TextLine ID="r1l23"
                         BASELINE="524,2640 613,2634 703,2630 793,2624 883,2619 973,2614 1062,2610 1152,2604 1242,2600 1332,2597 1422,2594 1511,2590 1601,2587 1691,2584 1781,2582 1871,2580 1960,2579 2050,2578 2140,2578 2230,2576 2320,2578"
                         HEIGHT="201"
                         WIDTH="1820"
                         VPOS="2465"
                         HPOS="512">
                  <String HEIGHT="201"
                          WIDTH="375"
                          VPOS="2465"
                          HPOS="458"
                          CONTENT="att"/>
                  <SP HEIGHT="201" WIDTH="54" VPOS="2465" HPOS="833"/>
                  <String HEIGHT="201"
                          WIDTH="696"
                          VPOS="2465"
                          HPOS="673"
                          CONTENT="Johansson"/>
                  <SP HEIGHT="201" WIDTH="54" VPOS="2465" HPOS="1368"/>
                  <String HEIGHT="201"
                          WIDTH="535"
                          VPOS="2465"
                          HPOS="1208"
                          CONTENT="skulle"/>
                  <SP HEIGHT="201" WIDTH="54" VPOS="2465" HPOS="1743"/>
                  <String HEIGHT="201"
                          WIDTH="428"
                          VPOS="2465"
                          HPOS="1583"
                          CONTENT="vara"/>
                  <SP HEIGHT="201" WIDTH="54" VPOS="2465" HPOS="2011"/>
                  <String HEIGHT="201"
                          WIDTH="535"
                          VPOS="2465"
                          HPOS="1797"
                          CONTENT="Tidemand"/>
               </TextLine>
               <TextLine ID="r1l24"
                         BASELINE="514,2762 604,2758 694,2754 784,2749 874,2744 964,2740 1054,2735 1144,2730 1234,2726 1324,2722 1415,2718 1505,2714 1595,2711 1685,2708 1775,2706 1865,2704 1955,2702 2045,2702 2135,2702 2225,2702 2316,2704"
                         HEIGHT="209"
                         WIDTH="1827"
                         VPOS="2630"
                         HPOS="500">
                  <String HEIGHT="209"
                          WIDTH="691"
                          VPOS="2630"
                          HPOS="451"
                          CONTENT="behjelplig"/>
                  <SP HEIGHT="209" WIDTH="49" VPOS="2630" HPOS="1142"/>
                  <String HEIGHT="209"
                          WIDTH="346"
                          VPOS="2630"
                          HPOS="994"
                          CONTENT="med"/>
                  <SP HEIGHT="209" WIDTH="49" VPOS="2630" HPOS="1339"/>
                  <String HEIGHT="209"
                          WIDTH="346"
                          VPOS="2630"
                          HPOS="1191"
                          CONTENT="att"/>
                  <SP HEIGHT="209" WIDTH="49" VPOS="2630" HPOS="1537"/>
                  <String HEIGHT="209"
                          WIDTH="691"
                          VPOS="2630"
                          HPOS="1389"
                          CONTENT="efterspana"/>
                  <SP HEIGHT="209" WIDTH="49" VPOS="2630" HPOS="2080"/>
                  <String HEIGHT="209"
                          WIDTH="346"
                          VPOS="2630"
                          HPOS="1932"
                          CONTENT="den"/>
                  <SP HEIGHT="209" WIDTH="49" VPOS="2630" HPOS="2278"/>
                  <String HEIGHT="209"
                          WIDTH="247"
                          VPOS="2630"
                          HPOS="2080"
                          CONTENT="el¬"
                          SUBS_TYPE="HypPart1"
                          SUBS_CONTENT="eller"/>
                  <HYP CONTENT="-"/>
               </TextLine>
               <TextLine ID="r1l25"
                         BASELINE="520,2880 610,2873 700,2868 790,2864 880,2857 971,2852 1061,2846 1151,2842 1241,2836 1331,2832 1422,2828 1512,2824 1602,2820 1692,2816 1782,2813 1873,2810 1963,2808 2053,2806 2143,2804 2233,2804 2324,2804"
                         HEIGHT="195"
                         WIDTH="1825"
                         VPOS="2718"
                         HPOS="506">
                  <String HEIGHT="195"
                          WIDTH="355"
                          VPOS="2718"
                          HPOS="455"
                          CONTENT="ler"
                          SUBS_TYPE="HypPart2"
                          SUBS_CONTENT="eller"/>
                  <SP HEIGHT="195" WIDTH="51" VPOS="2718" HPOS="810"/>
                  <String HEIGHT="195"
                          WIDTH="304"
                          VPOS="2718"
                          HPOS="658"
                          CONTENT="de"/>
                  <SP HEIGHT="195" WIDTH="51" VPOS="2718" HPOS="962"/>
                  <String HEIGHT="195"
                          WIDTH="608"
                          VPOS="2718"
                          HPOS="810"
                          CONTENT="personer"/>
                  <SP HEIGHT="195" WIDTH="51" VPOS="2718" HPOS="1419"/>
                  <String HEIGHT="195"
                          WIDTH="355"
                          VPOS="2718"
                          HPOS="1266"
                          CONTENT="som"/>
                  <SP HEIGHT="195" WIDTH="51" VPOS="2718" HPOS="1621"/>
                  <String HEIGHT="195"
                          WIDTH="253"
                          VPOS="2718"
                          HPOS="1469"
                          CONTENT="i"/>
                  <SP HEIGHT="195" WIDTH="51" VPOS="2718" HPOS="1723"/>
                  <String HEIGHT="195"
                          WIDTH="507"
                          VPOS="2718"
                          HPOS="1571"
                          CONTENT="mindre"/>
                  <SP HEIGHT="195" WIDTH="51" VPOS="2718" HPOS="2078"/>
                  <String HEIGHT="195"
                          WIDTH="456"
                          VPOS="2718"
                          HPOS="1875"
                          CONTENT="partier"/>
               </TextLine>
               <TextLine ID="r1l27"
                         BASELINE="528,3004 618,2996 709,2992 799,2985 890,2980 981,2974 1071,2969 1162,2964 1252,2960 1343,2955 1434,2952 1524,2948 1615,2944 1705,2941 1796,2938 1887,2936 1977,2934 2068,2932 2158,2930 2249,2928 2340,2926"
                         HEIGHT="245"
                         WIDTH="1838"
                         VPOS="2827"
                         HPOS="514">
                  <String HEIGHT="245"
                          WIDTH="324"
                          VPOS="2827"
                          HPOS="460"
                          CONTENT="af"/>
                  <SP HEIGHT="245" WIDTH="54" VPOS="2827" HPOS="784"/>
                  <String HEIGHT="245"
                          WIDTH="757"
                          VPOS="2827"
                          HPOS="622"
                          CONTENT="misstänkte"/>
                  <SP HEIGHT="245" WIDTH="54" VPOS="2827" HPOS="1379"/>
                  <String HEIGHT="245"
                          WIDTH="649"
                          VPOS="2827"
                          HPOS="1217"
                          CONTENT="personer"/>
                  <SP HEIGHT="245" WIDTH="54" VPOS="2827" HPOS="1865"/>
                  <String HEIGHT="245"
                          WIDTH="487"
                          VPOS="2827"
                          HPOS="1703"
                          CONTENT="köpte"/>
                  <SP HEIGHT="245" WIDTH="54" VPOS="2827" HPOS="2190"/>
                  <String HEIGHT="245"
                          WIDTH="378"
                          VPOS="2827"
                          HPOS="1974"
                          CONTENT="hafre"/>
               </TextLine>
               <TextLine ID="r1l28"
                         BASELINE="530,3116 619,3113 709,3108 798,3104 888,3100 977,3094 1067,3088 1156,3083 1246,3076 1335,3072 1425,3066 1514,3062 1604,3057 1693,3054 1783,3050 1872,3048 1962,3046 2051,3046 2141,3046 2230,3048 2320,3050"
                         HEIGHT="231"
                         WIDTH="1818"
                         VPOS="2936"
                         HPOS="517">
                  <String HEIGHT="231"
                          WIDTH="540"
                          VPOS="2936"
                          HPOS="468"
                          CONTENT="hvilken"/>
                  <SP HEIGHT="231" WIDTH="49" VPOS="2936" HPOS="1008"/>
                  <String HEIGHT="231"
                          WIDTH="540"
                          VPOS="2936"
                          HPOS="861"
                          CONTENT="begäran"/>
                  <SP HEIGHT="231" WIDTH="49" VPOS="2936" HPOS="1401"/>
                  <String HEIGHT="231"
                          WIDTH="639"
                          VPOS="2936"
                          HPOS="1254"
                          CONTENT="Johansson"/>
                  <SP HEIGHT="231" WIDTH="49" VPOS="2936" HPOS="1893"/>
                  <String HEIGHT="231"
                          WIDTH="491"
                          VPOS="2936"
                          HPOS="1745"
                          CONTENT="lofvat"/>
                  <SP HEIGHT="231" WIDTH="49" VPOS="2936" HPOS="2237"/>
                  <String HEIGHT="231"
                          WIDTH="295"
                          VPOS="2936"
                          HPOS="2040"
                          CONTENT="upp¬"
                          SUBS_TYPE="HypPart1"
                          SUBS_CONTENT="uppfylla."/>
                  <HYP CONTENT="-"/>
               </TextLine>
               <TextLine ID="r1l29"
                         BASELINE="524,3238 550,3236 576,3233 602,3232 628,3230 654,3229 680,3228 706,3226 732,3224 758,3223 784,3221 810,3220 836,3219 862,3218 888,3217 914,3216 940,3216"
                         HEIGHT="193"
                         WIDTH="444"
                         VPOS="3114"
                         HPOS="507">
                  <String HEIGHT="193"
                          WIDTH="592"
                          VPOS="3114"
                          HPOS="359"
                          CONTENT="fylla."
                          SUBS_TYPE="HypPart2"
                          SUBS_CONTENT="uppfylla."/>
               </TextLine>
               <TextLine ID="r1l30"
                         BASELINE="664,3340 746,3332 829,3324 912,3317 995,3312 1078,3306 1160,3302 1243,3298 1326,3294 1409,3292 1492,3290 1574,3288 1657,3286 1740,3284 1823,3284 1906,3284 1988,3282 2071,3282 2154,3282 2237,3282 2320,3282"
                         HEIGHT="182"
                         WIDTH="1682"
                         VPOS="3174"
                         HPOS="650">
                  <String HEIGHT="182"
                          WIDTH="760"
                          VPOS="3174"
                          HPOS="596"
                          CONTENT="Handlanden"/>
                  <SP HEIGHT="182" WIDTH="54" VPOS="3174" HPOS="1355"/>
                  <String HEIGHT="182"
                          WIDTH="651"
                          VPOS="3174"
                          HPOS="1193"
                          CONTENT="Berggren"/>
                  <SP HEIGHT="182" WIDTH="54" VPOS="3174" HPOS="1844"/>
                  <String HEIGHT="182"
                          WIDTH="434"
                          VPOS="3174"
                          HPOS="1681"
                          CONTENT="har,"/>
                  <SP HEIGHT="182" WIDTH="54" VPOS="3174" HPOS="2115"/>
                  <String HEIGHT="182"
                          WIDTH="434"
                          VPOS="3174"
                          HPOS="1898"
                          CONTENT="ytter¬"
                          SUBS_TYPE="HypPart1"
                          SUBS_CONTENT="ytterligare"/>
                  <HYP CONTENT="-"/>
               </TextLine>
               <TextLine ID="r1l31"
                         BASELINE="508,3454 593,3446 679,3440 764,3433 850,3428 936,3424 1021,3418 1107,3414 1192,3410 1278,3406 1364,3404 1449,3400 1535,3398 1620,3396 1706,3393 1792,3390 1877,3389 1963,3386 2048,3384 2134,3384 2220,3382"
                         HEIGHT="216"
                         WIDTH="1734"
                         VPOS="3295"
                         HPOS="495">
                  <String HEIGHT="216"
                          WIDTH="510"
                          VPOS="3295"
                          HPOS="444"
                          CONTENT="ligare"
                          SUBS_TYPE="HypPart2"
                          SUBS_CONTENT="ytterligare"/>
                  <SP HEIGHT="216" WIDTH="51" VPOS="3295" HPOS="954"/>
                  <String HEIGHT="216"
                          WIDTH="459"
                          VPOS="3295"
                          HPOS="801"
                          CONTENT="hörd,"/>
                  <SP HEIGHT="216" WIDTH="51" VPOS="3295" HPOS="1260"/>
                  <String HEIGHT="216"
                          WIDTH="357"
                          VPOS="3295"
                          HPOS="1107"
                          CONTENT="med"/>
                  <SP HEIGHT="216" WIDTH="51" VPOS="3295" HPOS="1464"/>
                  <String HEIGHT="216"
                          WIDTH="714"
                          VPOS="3295"
                          HPOS="1311"
                          CONTENT="åberopande"/>
                  <SP HEIGHT="216" WIDTH="51" VPOS="3295" HPOS="2025"/>
                  <String HEIGHT="216"
                          WIDTH="306"
                          VPOS="3295"
                          HPOS="1872"
                          CONTENT="af"/>
                  <SP HEIGHT="216" WIDTH="51" VPOS="3295" HPOS="2178"/>
                  <String HEIGHT="216"
                          WIDTH="255"
                          VPOS="3295"
                          HPOS="1974"
                          CONTENT="sin"/>
               </TextLine>
               <TextLine ID="r1l32"
                         BASELINE="514,3560 603,3554 692,3548 782,3543 871,3538 961,3531 1050,3526 1139,3521 1229,3514 1318,3510 1408,3504 1497,3500 1586,3496 1676,3492 1765,3490 1855,3486 1944,3484 2033,3483 2123,3482 2212,3482 2302,3482"
                         HEIGHT="183"
                         WIDTH="1814"
                         VPOS="3406"
                         HPOS="500">
                  <String HEIGHT="183"
                          WIDTH="373"
                          VPOS="3406"
                          HPOS="447"
                          CONTENT="här"/>
                  <SP HEIGHT="183" WIDTH="53" VPOS="3406" HPOS="820"/>
                  <String HEIGHT="183"
                          WIDTH="480"
                          VPOS="3406"
                          HPOS="660"
                          CONTENT="ofvan"/>
                  <SP HEIGHT="183" WIDTH="53" VPOS="3406" HPOS="1140"/>
                  <String HEIGHT="183"
                          WIDTH="587"
                          VPOS="3406"
                          HPOS="980"
                          CONTENT="intagna"/>
                  <SP HEIGHT="183" WIDTH="53" VPOS="3406" HPOS="1567"/>
                  <String HEIGHT="183"
                          WIDTH="640"
                          VPOS="3406"
                          HPOS="1407"
                          CONTENT="anmälan,"/>
                  <SP HEIGHT="183" WIDTH="53" VPOS="3406" HPOS="2047"/>
                  <String HEIGHT="183"
                          WIDTH="480"
                          VPOS="3406"
                          HPOS="1834"
                          CONTENT="uppgif¬"
                          SUBS_TYPE="HypPart1"
                          SUBS_CONTENT="uppgifvit"/>
                  <HYP CONTENT="-"/>
               </TextLine>
               <TextLine ID="r1l33"
                         BASELINE="514,3662 603,3655 692,3647 781,3641 870,3634 960,3629 1049,3624 1138,3620 1227,3616 1316,3613 1406,3609 1495,3607 1584,3605 1673,3604 1762,3602 1852,3600 1941,3600 2030,3600 2119,3598 2208,3598 2298,3598"
                         HEIGHT="132"
                         WIDTH="1810"
                         VPOS="3531"
                         HPOS="500">
                  <String HEIGHT="132"
                          WIDTH="373"
                          VPOS="3531"
                          HPOS="447"
                          CONTENT="vit"
                          SUBS_TYPE="HypPart2"
                          SUBS_CONTENT="uppgifvit"/>
                  <SP HEIGHT="132" WIDTH="53" VPOS="3531" HPOS="819"/>
                  <String HEIGHT="132"
                          WIDTH="373"
                          VPOS="3531"
                          HPOS="660"
                          CONTENT="att"/>
                  <SP HEIGHT="132" WIDTH="53" VPOS="3531" HPOS="1032"/>
                  <String HEIGHT="132"
                          WIDTH="479"
                          VPOS="3531"
                          HPOS="873"
                          CONTENT="under"/>
                  <SP HEIGHT="132" WIDTH="53" VPOS="3531" HPOS="1352"/>
                  <String HEIGHT="132"
                          WIDTH="479"
                          VPOS="3531"
                          HPOS="1192"
                          CONTENT="tiden"/>
                  <SP HEIGHT="132" WIDTH="53" VPOS="3531" HPOS="1671"/>
                  <String HEIGHT="132"
                          WIDTH="586"
                          VPOS="3531"
                          HPOS="1511"
                          CONTENT="emellan"/>
                  <SP HEIGHT="132" WIDTH="53" VPOS="3531" HPOS="2097"/>
                  <String HEIGHT="132"
                          WIDTH="373"
                          VPOS="3531"
                          HPOS="1937"
                          CONTENT="den"/>
                  <SP HEIGHT="132" WIDTH="53" VPOS="3531" HPOS="2310"/>
                  <String HEIGHT="132"
                          WIDTH="213"
                          VPOS="3531"
                          HPOS="2097"
                          CONTENT="15"/>
               </TextLine>
               <TextLine ID="r1l34"
                         BASELINE="518,3774 605,3766 692,3758 780,3752 867,3747 955,3743 1042,3740 1129,3740 1217,3738 1304,3738 1392,3738 1479,3740 1566,3740 1654,3742 1741,3743 1829,3744 1916,3744 2003,3746 2091,3744 2178,3744 2266,3742"
                         HEIGHT="182"
                         WIDTH="1771"
                         VPOS="3619"
                         HPOS="506">
                  <String HEIGHT="182"
                          WIDTH="644"
                          VPOS="3619"
                          HPOS="452"
                          CONTENT="November"/>
                  <SP HEIGHT="182" WIDTH="54" VPOS="3619" HPOS="1096"/>
                  <String HEIGHT="182"
                          WIDTH="376"
                          VPOS="3619"
                          HPOS="935"
                          CONTENT="och"/>
                  <SP HEIGHT="182" WIDTH="54" VPOS="3619" HPOS="1311"/>
                  <String HEIGHT="182"
                          WIDTH="322"
                          VPOS="3619"
                          HPOS="1150"
                          CONTENT="11"/>
                  <SP HEIGHT="182" WIDTH="54" VPOS="3619" HPOS="1472"/>
                  <String HEIGHT="182"
                          WIDTH="644"
                          VPOS="3619"
                          HPOS="1311"
                          CONTENT="December"/>
                  <SP HEIGHT="182" WIDTH="54" VPOS="3619" HPOS="1955"/>
                  <String HEIGHT="182"
                          WIDTH="483"
                          VPOS="3619"
                          HPOS="1794"
                          CONTENT="1879,"/>
                  <SP HEIGHT="182" WIDTH="54" VPOS="3619" HPOS="2277"/>
                  <String HEIGHT="182"
                          WIDTH="215"
                          VPOS="3619"
                          HPOS="2062"
                          CONTENT="då"/>
               </TextLine>
            </TextBlock>
            <TextBlock ID="TextRegion_1584881646107_1913"
                       HEIGHT="3571"
                       WIDTH="1824"
                       VPOS="259"
                       HPOS="2666">
               <Shape>
                  <Polygon POINTS="2666,259 4490,259 4490,3830 2666,3830"/>
               </Shape>
               <TextLine ID="r2l1"
                         BASELINE="2670,352 2758,348 2846,344 2934,341 3022,338 3111,338 3199,336 3287,336 3375,336 3463,336 3552,336 3640,335 3728,334 3816,334 3904,334 3993,332 4081,330 4169,326 4257,322 4345,317 4434,310"
                         HEIGHT="171"
                         WIDTH="1786"
                         VPOS="225"
                         HPOS="2658">
                  <String HEIGHT="171"
                          WIDTH="305"
                          VPOS="225"
                          HPOS="2614"
                          CONTENT="han"/>
                  <SP HEIGHT="171" WIDTH="44" VPOS="225" HPOS="2919"/>
                  <String HEIGHT="171"
                          WIDTH="348"
                          VPOS="225"
                          HPOS="2789"
                          CONTENT="haft"/>
                  <SP HEIGHT="171" WIDTH="44" VPOS="225" HPOS="3137"/>
                  <String HEIGHT="171"
                          WIDTH="392"
                          VPOS="225"
                          HPOS="3006"
                          CONTENT="hafre"/>
                  <SP HEIGHT="171" WIDTH="44" VPOS="225" HPOS="3399"/>
                  <String HEIGHT="171"
                          WIDTH="523"
                          VPOS="225"
                          HPOS="3268"
                          CONTENT="förvarad"/>
                  <SP HEIGHT="171" WIDTH="44" VPOS="225" HPOS="3791"/>
                  <String HEIGHT="171" WIDTH="218" VPOS="225" HPOS="3660" CONTENT="i"/>
                  <SP HEIGHT="171" WIDTH="44" VPOS="225" HPOS="3878"/>
                  <String HEIGHT="171"
                          WIDTH="566"
                          VPOS="225"
                          HPOS="3747"
                          CONTENT="Hemförare"/>
                  <SP HEIGHT="171" WIDTH="44" VPOS="225" HPOS="4313"/>
                  <String HEIGHT="171"
                          WIDTH="305"
                          VPOS="225"
                          HPOS="4139"
                          CONTENT="Bola¬"
                          SUBS_TYPE="HypPart1"
                          SUBS_CONTENT="Bolagits"/>
                  <HYP CONTENT="-"/>
               </TextLine>
               <TextLine ID="r2l2"
                         BASELINE="2678,454 2766,452 2855,450 2944,448 3033,448 3122,446 3210,446 3299,444 3388,444 3477,444 3566,444 3654,442 3743,442 3832,440 3921,440 4010,438 4098,436 4187,433 4276,429 4365,426 4454,420"
                         HEIGHT="151"
                         WIDTH="1801"
                         VPOS="361"
                         HPOS="2665">
                  <String HEIGHT="151"
                          WIDTH="327"
                          VPOS="361"
                          HPOS="2624"
                          CONTENT="gits"
                          SUBS_TYPE="HypPart2"
                          SUBS_CONTENT="Bolagits"/>
                  <SP HEIGHT="151" WIDTH="41" VPOS="361" HPOS="2952"/>
                  <String HEIGHT="151"
                          WIDTH="368"
                          VPOS="361"
                          HPOS="2829"
                          CONTENT="båtar"/>
                  <SP HEIGHT="151" WIDTH="41" VPOS="361" HPOS="3197"/>
                  <String HEIGHT="151"
                          WIDTH="246"
                          VPOS="361"
                          HPOS="3074"
                          CONTENT="No"/>
                  <SP HEIGHT="151" WIDTH="41" VPOS="361" HPOS="3320"/>
                  <String HEIGHT="151"
                          WIDTH="246"
                          VPOS="361"
                          HPOS="3197"
                          CONTENT="39"/>
                  <SP HEIGHT="151" WIDTH="41" VPOS="361" HPOS="3443"/>
                  <String HEIGHT="151"
                          WIDTH="287"
                          VPOS="361"
                          HPOS="3320"
                          CONTENT="och"/>
                  <SP HEIGHT="151" WIDTH="41" VPOS="361" HPOS="3606"/>
                  <String HEIGHT="151"
                          WIDTH="287"
                          VPOS="361"
                          HPOS="3484"
                          CONTENT="45,"/>
                  <SP HEIGHT="151" WIDTH="41" VPOS="361" HPOS="3770"/>
                  <String HEIGHT="151"
                          WIDTH="287"
                          VPOS="361"
                          HPOS="3647"
                          CONTENT="han"/>
                  <SP HEIGHT="151" WIDTH="41" VPOS="361" HPOS="3934"/>
                  <String HEIGHT="151"
                          WIDTH="409"
                          VPOS="361"
                          HPOS="3811"
                          CONTENT="mistat"/>
                  <SP HEIGHT="151" WIDTH="41" VPOS="361" HPOS="4220"/>
                  <String HEIGHT="151"
                          WIDTH="246"
                          VPOS="361"
                          HPOS="4098"
                          CONTENT="af"/>
                  <SP HEIGHT="151" WIDTH="41" VPOS="361" HPOS="4343"/>
                  <String HEIGHT="151"
                          WIDTH="287"
                          VPOS="361"
                          HPOS="4220"
                          CONTENT="den"/>
                  <SP HEIGHT="151" WIDTH="41" VPOS="361" HPOS="4507"/>
                  <String HEIGHT="151" WIDTH="123" VPOS="361" HPOS="4343" CONTENT="i"/>
               </TextLine>
               <TextLine ID="r2l3"
                         BASELINE="2672,570 2760,566 2849,564 2938,563 3027,560 3116,558 3205,556 3294,554 3383,552 3472,550 3561,548 3649,546 3738,544 3827,542 3916,540 4005,538 4094,536 4183,534 4272,532 4361,530 4450,530"
                         HEIGHT="188"
                         WIDTH="1803"
                         VPOS="441"
                         HPOS="2659">
                  <String HEIGHT="188"
                          WIDTH="396"
                          VPOS="441"
                          HPOS="2615"
                          CONTENT="båten"/>
                  <SP HEIGHT="188" WIDTH="44" VPOS="441" HPOS="3011"/>
                  <String HEIGHT="188"
                          WIDTH="264"
                          VPOS="441"
                          HPOS="2879"
                          CONTENT="No"/>
                  <SP HEIGHT="188" WIDTH="44" VPOS="441" HPOS="3143"/>
                  <String HEIGHT="188"
                          WIDTH="264"
                          VPOS="441"
                          HPOS="3011"
                          CONTENT="39"/>
                  <SP HEIGHT="188" WIDTH="44" VPOS="441" HPOS="3275"/>
                  <String HEIGHT="188"
                          WIDTH="616"
                          VPOS="441"
                          HPOS="3143"
                          CONTENT="befintliga"/>
                  <SP HEIGHT="188" WIDTH="44" VPOS="441" HPOS="3758"/>
                  <String HEIGHT="188"
                          WIDTH="440"
                          VPOS="441"
                          HPOS="3626"
                          CONTENT="hafren"/>
                  <SP HEIGHT="188" WIDTH="44" VPOS="441" HPOS="4066"/>
                  <String HEIGHT="188"
                          WIDTH="308"
                          VPOS="441"
                          HPOS="3934"
                          CONTENT="39."/>
                  <SP HEIGHT="188" WIDTH="44" VPOS="441" HPOS="4242"/>
                  <String HEIGHT="188"
                          WIDTH="396"
                          VPOS="441"
                          HPOS="4066"
                          CONTENT="Centner"/>
               </TextLine>
               <TextLine ID="r2l4"
                         BASELINE="2684,688 2773,686 2862,682 2951,680 3041,676 3130,674 3219,670 3309,666 3398,662 3487,658 3577,656 3666,652 3755,650 3844,646 3934,644 4023,642 4112,640 4202,638 4291,638 4380,638 4470,638"
                         HEIGHT="187"
                         WIDTH="1813"
                         VPOS="550"
                         HPOS="2670">
                  <String HEIGHT="187"
                          WIDTH="272"
                          VPOS="550"
                          HPOS="2625"
                          CONTENT="4."/>
                  <SP HEIGHT="187" WIDTH="45" VPOS="550" HPOS="2897"/>
                  <String HEIGHT="187"
                          WIDTH="589"
                          VPOS="550"
                          HPOS="2761"
                          CONTENT="skålpund,"/>
                  <SP HEIGHT="187" WIDTH="45" VPOS="550" HPOS="3350"/>
                  <String HEIGHT="187"
                          WIDTH="317"
                          VPOS="550"
                          HPOS="3214"
                          CONTENT="och"/>
                  <SP HEIGHT="187" WIDTH="45" VPOS="550" HPOS="3531"/>
                  <String HEIGHT="187"
                          WIDTH="272"
                          VPOS="550"
                          HPOS="3395"
                          CONTENT="af"/>
                  <SP HEIGHT="187" WIDTH="45" VPOS="550" HPOS="3667"/>
                  <String HEIGHT="187"
                          WIDTH="453"
                          VPOS="550"
                          HPOS="3531"
                          CONTENT="hafren"/>
                  <SP HEIGHT="187" WIDTH="45" VPOS="550" HPOS="3984"/>
                  <String HEIGHT="187" WIDTH="227" VPOS="550" HPOS="3848" CONTENT="i"/>
                  <SP HEIGHT="187" WIDTH="45" VPOS="550" HPOS="4075"/>
                  <String HEIGHT="187"
                          WIDTH="408"
                          VPOS="550"
                          HPOS="3939"
                          CONTENT="båten"/>
                  <SP HEIGHT="187" WIDTH="45" VPOS="550" HPOS="4347"/>
                  <String HEIGHT="187"
                          WIDTH="272"
                          VPOS="550"
                          HPOS="4211"
                          CONTENT="No"/>
                  <SP HEIGHT="187" WIDTH="45" VPOS="550" HPOS="4483"/>
                  <String HEIGHT="187"
                          WIDTH="181"
                          VPOS="550"
                          HPOS="4302"
                          CONTENT="45"/>
               </TextLine>
               <TextLine ID="r2l5"
                         BASELINE="2700,818 2785,816 2871,815 2956,814 3042,810 3127,806 3213,802 3298,798 3384,794 3469,788 3555,785 3640,780 3726,775 3811,772 3897,768 3982,765 4068,764 4153,762 4239,762 4324,764 4410,766"
                         HEIGHT="186"
                         WIDTH="1739"
                         VPOS="662"
                         HPOS="2683">
                  <String HEIGHT="186" WIDTH="242" VPOS="662" HPOS="2635" CONTENT="4"/>
                  <SP HEIGHT="186" WIDTH="48" VPOS="662" HPOS="2876"/>
                  <String HEIGHT="186"
                          WIDTH="531"
                          VPOS="662"
                          HPOS="2731"
                          CONTENT="Centner"/>
                  <SP HEIGHT="186" WIDTH="48" VPOS="662" HPOS="3263"/>
                  <String HEIGHT="186"
                          WIDTH="290"
                          VPOS="662"
                          HPOS="3118"
                          CONTENT="43"/>
                  <SP HEIGHT="186" WIDTH="48" VPOS="662" HPOS="3408"/>
                  <String HEIGHT="186"
                          WIDTH="628"
                          VPOS="662"
                          HPOS="3263"
                          CONTENT="skålpund;"/>
                  <SP HEIGHT="186" WIDTH="48" VPOS="662" HPOS="3891"/>
                  <String HEIGHT="186"
                          WIDTH="338"
                          VPOS="662"
                          HPOS="3746"
                          CONTENT="att"/>
                  <SP HEIGHT="186" WIDTH="48" VPOS="662" HPOS="4084"/>
                  <String HEIGHT="186"
                          WIDTH="290"
                          VPOS="662"
                          HPOS="3939"
                          CONTENT="då"/>
                  <SP HEIGHT="186" WIDTH="48" VPOS="662" HPOS="4229"/>
                  <String HEIGHT="186"
                          WIDTH="386"
                          VPOS="662"
                          HPOS="4036"
                          CONTENT="Spann¬"
                          SUBS_TYPE="HypPart1"
                          SUBS_CONTENT="Spannmål"/>
                  <HYP CONTENT="-"/>
               </TextLine>
               <TextLine ID="r2l6"
                         BASELINE="2666,942 2754,938 2842,932 2931,928 3019,922 3108,916 3196,910 3284,905 3373,898 3461,894 3550,888 3638,884 3726,878 3815,874 3903,870 3992,868 4080,864 4168,862 4257,860 4345,860 4434,860"
                         HEIGHT="160"
                         WIDTH="1791"
                         VPOS="793"
                         HPOS="2652">
                  <String HEIGHT="160"
                          WIDTH="330"
                          VPOS="793"
                          HPOS="2605"
                          CONTENT="mål"
                          SUBS_TYPE="HypPart2"
                          SUBS_CONTENT="Spannmål"/>
                  <SP HEIGHT="160" WIDTH="47" VPOS="793" HPOS="2935"/>
                  <String HEIGHT="160"
                          WIDTH="660"
                          VPOS="793"
                          HPOS="2793"
                          CONTENT="inlastades"/>
                  <SP HEIGHT="160" WIDTH="47" VPOS="793" HPOS="3453"/>
                  <String HEIGHT="160" WIDTH="236" VPOS="793" HPOS="3312" CONTENT="i"/>
                  <SP HEIGHT="160" WIDTH="47" VPOS="793" HPOS="3548"/>
                  <String HEIGHT="160"
                          WIDTH="566"
                          VPOS="793"
                          HPOS="3406"
                          CONTENT="båtarne,"/>
                  <SP HEIGHT="160" WIDTH="47" VPOS="793" HPOS="3972"/>
                  <String HEIGHT="160"
                          WIDTH="330"
                          VPOS="793"
                          HPOS="3830"
                          CONTENT="det"/>
                  <SP HEIGHT="160" WIDTH="47" VPOS="793" HPOS="4160"/>
                  <String HEIGHT="160"
                          WIDTH="471"
                          VPOS="793"
                          HPOS="3972"
                          CONTENT="vanligen"/>
               </TextLine>
               <TextLine ID="r2l7"
                         BASELINE="2682,1066 2771,1062 2860,1057 2950,1052 3039,1048 3129,1042 3218,1036 3307,1030 3397,1024 3486,1019 3576,1013 3665,1007 3754,1002 3844,997 3933,991 4023,986 4112,982 4201,976 4291,972 4380,968 4470,966"
                         HEIGHT="216"
                         WIDTH="1814"
                         VPOS="867"
                         HPOS="2668">
                  <String HEIGHT="216"
                          WIDTH="655"
                          VPOS="867"
                          HPOS="2618"
                          CONTENT="tillginge"/>
                  <SP HEIGHT="216" WIDTH="50" VPOS="867" HPOS="3273"/>
                  <String HEIGHT="216"
                          WIDTH="302"
                          VPOS="867"
                          HPOS="3121"
                          CONTENT="så"/>
                  <SP HEIGHT="216" WIDTH="50" VPOS="867" HPOS="3424"/>
                  <String HEIGHT="216"
                          WIDTH="353"
                          VPOS="867"
                          HPOS="3273"
                          CONTENT="att"/>
                  <SP HEIGHT="216" WIDTH="50" VPOS="867" HPOS="3625"/>
                  <String HEIGHT="216"
                          WIDTH="605"
                          VPOS="867"
                          HPOS="3474"
                          CONTENT="densamma"/>
                  <SP HEIGHT="216" WIDTH="50" VPOS="867" HPOS="4079"/>
                  <String HEIGHT="216"
                          WIDTH="504"
                          VPOS="867"
                          HPOS="3928"
                          CONTENT="vägdes"/>
                  <SP HEIGHT="216" WIDTH="50" VPOS="867" HPOS="4432"/>
                  <String HEIGHT="216"
                          WIDTH="252"
                          VPOS="867"
                          HPOS="4230"
                          CONTENT="fö¬"
                          SUBS_TYPE="HypPart1"
                          SUBS_CONTENT="före"/>
                  <HYP CONTENT="-"/>
               </TextLine>
               <TextLine ID="r2l8"
                         BASELINE="2676,1198 2763,1190 2850,1181 2937,1173 3024,1167 3112,1159 3199,1154 3286,1149 3373,1145 3460,1140 3548,1136 3635,1132 3722,1128 3809,1124 3896,1120 3984,1116 4071,1111 4158,1106 4245,1101 4332,1095 4420,1088"
                         HEIGHT="250"
                         WIDTH="1769"
                         VPOS="993"
                         HPOS="2660">
                  <String HEIGHT="250"
                          WIDTH="272"
                          VPOS="993"
                          HPOS="2615"
                          CONTENT="re"
                          SUBS_TYPE="HypPart2"
                          SUBS_CONTENT="före"/>
                  <SP HEIGHT="250" WIDTH="45" VPOS="993" HPOS="2887"/>
                  <String HEIGHT="250"
                          WIDTH="726"
                          VPOS="993"
                          HPOS="2751"
                          CONTENT="inlastningen"/>
                  <SP HEIGHT="250" WIDTH="45" VPOS="993" HPOS="3476"/>
                  <String HEIGHT="250"
                          WIDTH="318"
                          VPOS="993"
                          HPOS="3340"
                          CONTENT="och"/>
                  <SP HEIGHT="250" WIDTH="45" VPOS="993" HPOS="3658"/>
                  <String HEIGHT="250"
                          WIDTH="590"
                          VPOS="993"
                          HPOS="3522"
                          CONTENT="sedermera"/>
                  <SP HEIGHT="250" WIDTH="45" VPOS="993" HPOS="4111"/>
                  <String HEIGHT="250"
                          WIDTH="408"
                          VPOS="993"
                          HPOS="3975"
                          CONTENT="först"/>
                  <SP HEIGHT="250" WIDTH="45" VPOS="993" HPOS="4384"/>
                  <String HEIGHT="250"
                          WIDTH="227"
                          VPOS="993"
                          HPOS="4202"
                          CONTENT="vid"/>
               </TextLine>
               <TextLine ID="r2l9"
                         BASELINE="2672,1322 2761,1314 2851,1307 2941,1299 3030,1292 3120,1285 3210,1278 3299,1270 3389,1262 3479,1255 3569,1248 3658,1242 3748,1235 3838,1230 3927,1224 4017,1218 4107,1214 4196,1208 4286,1204 4376,1200 4466,1198"
                         HEIGHT="237"
                         WIDTH="1822"
                         VPOS="1125"
                         HPOS="2658">
                  <String HEIGHT="237"
                          WIDTH="976"
                          VPOS="1125"
                          HPOS="2593"
                          CONTENT="framkomsten"/>
                  <SP HEIGHT="237" WIDTH="65" VPOS="1125" HPOS="3569"/>
                  <String HEIGHT="237"
                          WIDTH="521"
                          VPOS="1125"
                          HPOS="3374"
                          CONTENT="till"/>
                  <SP HEIGHT="237" WIDTH="65" VPOS="1125" HPOS="3894"/>
                  <String HEIGHT="237"
                          WIDTH="846"
                          VPOS="1125"
                          HPOS="3634"
                          CONTENT="Skeppnings¬"
                          SUBS_TYPE="HypPart1"
                          SUBS_CONTENT="Skeppningsorten,"/>
                  <HYP CONTENT="-"/>
               </TextLine>
               <TextLine ID="r2l10"
                         BASELINE="2680,1432 2769,1422 2858,1414 2947,1406 3036,1397 3125,1390 3214,1383 3303,1376 3392,1369 3481,1363 3571,1357 3660,1351 3749,1346 3838,1341 3927,1336 4016,1329 4105,1324 4194,1320 4283,1314 4372,1307 4462,1300"
                         HEIGHT="254"
                         WIDTH="1814"
                         VPOS="1212"
                         HPOS="2663">
                  <String HEIGHT="254"
                          WIDTH="567"
                          VPOS="1212"
                          HPOS="2606"
                          CONTENT="orten,"
                          SUBS_TYPE="HypPart2"
                          SUBS_CONTENT="Skeppningsorten,"/>
                  <SP HEIGHT="254" WIDTH="57" VPOS="1212" HPOS="3173"/>
                  <String HEIGHT="254"
                          WIDTH="397"
                          VPOS="1212"
                          HPOS="3003"
                          CONTENT="men"/>
                  <SP HEIGHT="254" WIDTH="57" VPOS="1212" HPOS="3400"/>
                  <String HEIGHT="254"
                          WIDTH="397"
                          VPOS="1212"
                          HPOS="3230"
                          CONTENT="att"/>
                  <SP HEIGHT="254" WIDTH="57" VPOS="1212" HPOS="3627"/>
                  <String HEIGHT="254"
                          WIDTH="567"
                          VPOS="1212"
                          HPOS="3457"
                          CONTENT="emedan"/>
                  <SP HEIGHT="254" WIDTH="57" VPOS="1212" HPOS="4024"/>
                  <String HEIGHT="254"
                          WIDTH="340"
                          VPOS="1212"
                          HPOS="3853"
                          CONTENT="de"/>
                  <SP HEIGHT="254" WIDTH="57" VPOS="1212" HPOS="4194"/>
                  <String HEIGHT="254"
                          WIDTH="283"
                          VPOS="1212"
                          HPOS="4024"
                          CONTENT="i"/>
                  <SP HEIGHT="254" WIDTH="57" VPOS="1212" HPOS="4307"/>
                  <String HEIGHT="254"
                          WIDTH="397"
                          VPOS="1212"
                          HPOS="4080"
                          CONTENT="före¬"
                          SUBS_TYPE="HypPart1"
                          SUBS_CONTENT="förenämde"/>
                  <HYP CONTENT="-"/>
               </TextLine>
               <TextLine ID="r2l11"
                         BASELINE="2692,1538 2780,1529 2869,1520 2958,1511 3047,1503 3136,1494 3225,1488 3314,1478 3403,1473 3492,1464 3581,1458 3669,1451 3758,1445 3847,1438 3936,1434 4025,1428 4114,1422 4203,1418 4292,1413 4381,1408 4470,1404"
                         HEIGHT="231"
                         WIDTH="1806"
                         VPOS="1318"
                         HPOS="2678">
                  <String HEIGHT="231"
                          WIDTH="542"
                          VPOS="1318"
                          HPOS="2618"
                          CONTENT="nämde"
                          SUBS_TYPE="HypPart2"
                          SUBS_CONTENT="förenämde"/>
                  <SP HEIGHT="231" WIDTH="60" VPOS="1318" HPOS="3160"/>
                  <String HEIGHT="231"
                          WIDTH="421"
                          VPOS="1318"
                          HPOS="2979"
                          CONTENT="två"/>
                  <SP HEIGHT="231" WIDTH="60" VPOS="1318" HPOS="3400"/>
                  <String HEIGHT="231"
                          WIDTH="542"
                          VPOS="1318"
                          HPOS="3220"
                          CONTENT="båtar"/>
                  <SP HEIGHT="231" WIDTH="60" VPOS="1318" HPOS="3762"/>
                  <String HEIGHT="231"
                          WIDTH="783"
                          VPOS="1318"
                          HPOS="3581"
                          CONTENT="inlastade"/>
                  <SP HEIGHT="231" WIDTH="60" VPOS="1318" HPOS="4364"/>
                  <String HEIGHT="231"
                          WIDTH="361"
                          VPOS="1318"
                          HPOS="4123"
                          CONTENT="par¬"
                          SUBS_TYPE="HypPart1"
                          SUBS_CONTENT="partierna"/>
                  <HYP CONTENT="-"/>
               </TextLine>
               <TextLine ID="r2l12"
                         BASELINE="2696,1654 2781,1646 2867,1639 2953,1633 3038,1625 3124,1619 3210,1610 3295,1603 3381,1596 3467,1588 3553,1582 3638,1575 3724,1569 3810,1562 3895,1556 3981,1551 4067,1546 4152,1540 4238,1535 4324,1532 4410,1528"
                         HEIGHT="242"
                         WIDTH="1742"
                         VPOS="1436"
                         HPOS="2681">
                  <String HEIGHT="242"
                          WIDTH="601"
                          VPOS="1436"
                          HPOS="2621"
                          CONTENT="tierna"
                          SUBS_TYPE="HypPart2"
                          SUBS_CONTENT="partierna"/>
                  <SP HEIGHT="242" WIDTH="60" VPOS="1436" HPOS="3222"/>
                  <String HEIGHT="242"
                          WIDTH="541"
                          VPOS="1436"
                          HPOS="3041"
                          CONTENT="hafre"/>
                  <SP HEIGHT="242" WIDTH="60" VPOS="1436" HPOS="3582"/>
                  <String HEIGHT="242"
                          WIDTH="420"
                          VPOS="1436"
                          HPOS="3402"
                          CONTENT="mot"/>
                  <SP HEIGHT="242" WIDTH="60" VPOS="1436" HPOS="3822"/>
                  <String HEIGHT="242"
                          WIDTH="661"
                          VPOS="1436"
                          HPOS="3642"
                          CONTENT="vanliga"/>
                  <SP HEIGHT="242" WIDTH="60" VPOS="1436" HPOS="4303"/>
                  <String HEIGHT="242"
                          WIDTH="360"
                          VPOS="1436"
                          HPOS="4063"
                          CONTENT="för¬"
                          SUBS_TYPE="HypPart1"
                          SUBS_CONTENT="förhållandet"/>
                  <HYP CONTENT="-"/>
               </TextLine>
               <TextLine ID="r2l13"
                         BASELINE="2678,1786 2764,1780 2850,1772 2936,1766 3023,1758 3109,1751 3195,1743 3282,1733 3368,1726 3454,1716 3541,1708 3627,1700 3713,1692 3799,1683 3886,1675 3972,1668 4058,1661 4145,1654 4231,1649 4317,1644 4404,1640"
                         HEIGHT="260"
                         WIDTH="1758"
                         VPOS="1546"
                         HPOS="2658">
                  <String HEIGHT="260"
                          WIDTH="879"
                          VPOS="1546"
                          HPOS="2590"
                          CONTENT="hållandet"
                          SUBS_TYPE="HypPart2"
                          SUBS_CONTENT="förhållandet"/>
                  <SP HEIGHT="260" WIDTH="68" VPOS="1546" HPOS="3469"/>
                  <String HEIGHT="260"
                          WIDTH="676"
                          VPOS="1546"
                          HPOS="3267"
                          CONTENT="kommit"/>
                  <SP HEIGHT="260" WIDTH="68" VPOS="1546" HPOS="3943"/>
                  <String HEIGHT="260"
                          WIDTH="473"
                          VPOS="1546"
                          HPOS="3740"
                          CONTENT="att"/>
                  <SP HEIGHT="260" WIDTH="68" VPOS="1546" HPOS="4213"/>
                  <String HEIGHT="260"
                          WIDTH="473"
                          VPOS="1546"
                          HPOS="3943"
                          CONTENT="vägas"/>
               </TextLine>
               <TextLine ID="r2l14"
                         BASELINE="2704,1900 2792,1890 2881,1882 2969,1875 3058,1866 3146,1859 3235,1852 3323,1846 3412,1838 3500,1833 3589,1826 3677,1820 3766,1815 3854,1809 3943,1805 4031,1800 4120,1795 4208,1790 4297,1787 4385,1783 4474,1780"
                         HEIGHT="272"
                         WIDTH="1789"
                         VPOS="1680"
                         HPOS="2690">
                  <String HEIGHT="272"
                          WIDTH="596"
                          VPOS="1680"
                          HPOS="2630"
                          CONTENT="jemväl"/>
                  <SP HEIGHT="272" WIDTH="60" VPOS="1680" HPOS="3227"/>
                  <String HEIGHT="272"
                          WIDTH="417"
                          VPOS="1680"
                          HPOS="3048"
                          CONTENT="vid"/>
                  <SP HEIGHT="272" WIDTH="60" VPOS="1680" HPOS="3465"/>
                  <String HEIGHT="272"
                          WIDTH="1073"
                          VPOS="1680"
                          HPOS="3286"
                          CONTENT="utlastningarne"/>
                  <SP HEIGHT="272" WIDTH="60" VPOS="1680" HPOS="4360"/>
                  <String HEIGHT="272"
                          WIDTH="358"
                          VPOS="1680"
                          HPOS="4121"
                          CONTENT="från"/>
               </TextLine>
               <TextLine ID="r2l15"
                         BASELINE="2686,2006 2776,2000 2866,1993 2956,1986 3046,1979 3136,1972 3226,1966 3316,1960 3406,1952 3496,1947 3586,1940 3676,1935 3766,1928 3856,1923 3946,1917 4036,1911 4126,1907 4216,1900 4306,1896 4396,1891 4486,1886"
                         HEIGHT="235"
                         WIDTH="1820"
                         VPOS="1796"
                         HPOS="2671">
                  <String HEIGHT="235"
                          WIDTH="626"
                          VPOS="1796"
                          HPOS="2614"
                          CONTENT="båtarne"/>
                  <SP HEIGHT="235" WIDTH="57" VPOS="1796" HPOS="3240"/>
                  <String HEIGHT="235"
                          WIDTH="398"
                          VPOS="1796"
                          HPOS="3069"
                          CONTENT="den"/>
                  <SP HEIGHT="235" WIDTH="57" VPOS="1796" HPOS="3467"/>
                  <String HEIGHT="235"
                          WIDTH="796"
                          VPOS="1796"
                          HPOS="3297"
                          CONTENT="inträffade"/>
                  <SP HEIGHT="235" WIDTH="57" VPOS="1796" HPOS="4093"/>
                  <String HEIGHT="235"
                          WIDTH="626"
                          VPOS="1796"
                          HPOS="3865"
                          CONTENT="förlusten"/>
               </TextLine>
               <TextLine ID="r2l16"
                         BASELINE="2698,2116 2786,2110 2875,2104 2964,2099 3053,2093 3142,2086 3230,2081 3319,2074 3408,2068 3497,2062 3586,2056 3674,2050 3763,2044 3852,2038 3941,2034 4030,2027 4118,2022 4207,2017 4296,2012 4385,2007 4474,2002"
                         HEIGHT="267"
                         WIDTH="1809"
                         VPOS="1909"
                         HPOS="2681">
                  <String HEIGHT="267"
                          WIDTH="452"
                          VPOS="1909"
                          HPOS="2624"
                          CONTENT="före"/>
                  <SP HEIGHT="267" WIDTH="57" VPOS="1909" HPOS="3077"/>
                  <String HEIGHT="267"
                          WIDTH="961"
                          VPOS="1909"
                          HPOS="2907"
                          CONTENT="afskeppningen"/>
                  <SP HEIGHT="267" WIDTH="57" VPOS="1909" HPOS="3868"/>
                  <String HEIGHT="267"
                          WIDTH="735"
                          VPOS="1909"
                          HPOS="3699"
                          CONTENT="upptäkts;"/>
                  <SP HEIGHT="267" WIDTH="57" VPOS="1909" HPOS="4433"/>
                  <String HEIGHT="267"
                          WIDTH="283"
                          VPOS="1909"
                          HPOS="4207"
                          CONTENT="att"/>
               </TextLine>
               <TextLine ID="r2l17"
                         BASELINE="2684,2236 2767,2228 2850,2222 2933,2214 3016,2207 3099,2201 3182,2194 3265,2189 3348,2183 3431,2178 3514,2172 3597,2166 3680,2160 3763,2155 3846,2149 3929,2144 4012,2138 4095,2132 4178,2126 4261,2120 4344,2112"
                         HEIGHT="195"
                         WIDTH="1685"
                         VPOS="2051"
                         HPOS="2670">
                  <String HEIGHT="195"
                          WIDTH="393"
                          VPOS="2051"
                          HPOS="2614"
                          CONTENT="det"/>
                  <SP HEIGHT="195" WIDTH="56" VPOS="2051" HPOS="3007"/>
                  <String HEIGHT="195"
                          WIDTH="562"
                          VPOS="2051"
                          HPOS="2839"
                          CONTENT="jemväl"/>
                  <SP HEIGHT="195" WIDTH="56" VPOS="2051" HPOS="3400"/>
                  <String HEIGHT="195"
                          WIDTH="562"
                          VPOS="2051"
                          HPOS="3232"
                          CONTENT="eljest"/>
                  <SP HEIGHT="195" WIDTH="56" VPOS="2051" HPOS="3793"/>
                  <String HEIGHT="195"
                          WIDTH="337"
                          VPOS="2051"
                          HPOS="3625"
                          CONTENT="en"/>
                  <SP HEIGHT="195" WIDTH="56" VPOS="2051" HPOS="3962"/>
                  <String HEIGHT="195"
                          WIDTH="393"
                          VPOS="2051"
                          HPOS="3793"
                          CONTENT="och"/>
                  <SP HEIGHT="195" WIDTH="56" VPOS="2051" HPOS="4187"/>
                  <String HEIGHT="195"
                          WIDTH="393"
                          VPOS="2051"
                          HPOS="3962"
                          CONTENT="annan"/>
               </TextLine>
               <TextLine ID="r2l18"
                         BASELINE="2708,2342 2795,2332 2882,2323 2969,2316 3057,2310 3144,2301 3231,2296 3319,2291 3406,2285 3493,2280 3581,2276 3668,2271 3755,2266 3842,2262 3930,2257 4017,2254 4104,2248 4192,2243 4279,2240 4366,2234 4454,2228"
                         HEIGHT="303"
                         WIDTH="1775"
                         VPOS="2112"
                         HPOS="2693">
                  <String HEIGHT="303"
                          WIDTH="418"
                          VPOS="2112"
                          HPOS="2641"
                          CONTENT="gång"/>
                  <SP HEIGHT="303" WIDTH="52" VPOS="2112" HPOS="3058"/>
                  <String HEIGHT="303"
                          WIDTH="522"
                          VPOS="2112"
                          HPOS="2902"
                          CONTENT="händt,"/>
                  <SP HEIGHT="303" WIDTH="52" VPOS="2112" HPOS="3424"/>
                  <String HEIGHT="303"
                          WIDTH="365"
                          VPOS="2112"
                          HPOS="3267"
                          CONTENT="att"/>
                  <SP HEIGHT="303" WIDTH="52" VPOS="2112" HPOS="3633"/>
                  <String HEIGHT="303"
                          WIDTH="626"
                          VPOS="2112"
                          HPOS="3476"
                          CONTENT="Berggren"/>
                  <SP HEIGHT="303" WIDTH="52" VPOS="2112" HPOS="4103"/>
                  <String HEIGHT="303"
                          WIDTH="574"
                          VPOS="2112"
                          HPOS="3894"
                          CONTENT="tillhöri¬"
                          SUBS_TYPE="HypPart1"
                          SUBS_CONTENT="tillhöriga"/>
                  <HYP CONTENT="-"/>
               </TextLine>
               <TextLine ID="r2l19"
                         BASELINE="2714,2456 2802,2450 2891,2442 2980,2436 3069,2428 3158,2422 3246,2417 3335,2410 3424,2404 3513,2399 3602,2393 3690,2387 3779,2383 3868,2376 3957,2372 4046,2366 4134,2361 4223,2356 4312,2350 4401,2344 4490,2338"
                         HEIGHT="222"
                         WIDTH="1806"
                         VPOS="2277"
                         HPOS="2701">
                  <String HEIGHT="222"
                          WIDTH="310"
                          VPOS="2277"
                          HPOS="2649"
                          CONTENT="ga"
                          SUBS_TYPE="HypPart2"
                          SUBS_CONTENT="tillhöriga"/>
                  <SP HEIGHT="222" WIDTH="52" VPOS="2277" HPOS="2959"/>
                  <String HEIGHT="222"
                          WIDTH="826"
                          VPOS="2277"
                          HPOS="2804"
                          CONTENT="hafrepartier"/>
                  <SP HEIGHT="222" WIDTH="52" VPOS="2277" HPOS="3630"/>
                  <String HEIGHT="222"
                          WIDTH="413"
                          VPOS="2277"
                          HPOS="3475"
                          CONTENT="haft"/>
                  <SP HEIGHT="222" WIDTH="52" VPOS="2277" HPOS="3888"/>
                  <String HEIGHT="222"
                          WIDTH="361"
                          VPOS="2277"
                          HPOS="3733"
                          CONTENT="för"/>
                  <SP HEIGHT="222" WIDTH="52" VPOS="2277" HPOS="4094"/>
                  <String HEIGHT="222"
                          WIDTH="464"
                          VPOS="2277"
                          HPOS="3939"
                          CONTENT="ringa"/>
                  <SP HEIGHT="222" WIDTH="52" VPOS="2277" HPOS="4404"/>
                  <String HEIGHT="222"
                          WIDTH="310"
                          VPOS="2277"
                          HPOS="4197"
                          CONTENT="vigt"/>
               </TextLine>
               <TextLine ID="r2l20"
                         BASELINE="2698,2568 2787,2560 2876,2553 2965,2545 3054,2538 3143,2529 3232,2523 3321,2516 3410,2508 3499,2502 3588,2496 3677,2490 3766,2486 3855,2480 3944,2476 4033,2471 4122,2468 4211,2464 4300,2462 4389,2460 4478,2458"
                         HEIGHT="277"
                         WIDTH="1807"
                         VPOS="2363"
                         HPOS="2686">
                  <String HEIGHT="277"
                          WIDTH="395"
                          VPOS="2363"
                          HPOS="2630"
                          CONTENT="vid"/>
                  <SP HEIGHT="277" WIDTH="56" VPOS="2363" HPOS="3025"/>
                  <String HEIGHT="277"
                          WIDTH="847"
                          VPOS="2363"
                          HPOS="2855"
                          CONTENT="framkomsten"/>
                  <SP HEIGHT="277" WIDTH="56" VPOS="2363" HPOS="3702"/>
                  <String HEIGHT="277"
                          WIDTH="452"
                          VPOS="2363"
                          HPOS="3533"
                          CONTENT="till"/>
                  <SP HEIGHT="277" WIDTH="56" VPOS="2363" HPOS="3985"/>
                  <String HEIGHT="277"
                          WIDTH="734"
                          VPOS="2363"
                          HPOS="3759"
                          CONTENT="skeppnings¬"
                          SUBS_TYPE="HypPart1"
                          SUBS_CONTENT="skeppningsorten,"/>
                  <HYP CONTENT="-"/>
               </TextLine>
               <TextLine ID="r2l21"
                         BASELINE="2712,2678 2796,2670 2881,2662 2965,2656 3050,2650 3135,2644 3219,2640 3304,2634 3388,2630 3473,2626 3558,2622 3642,2618 3727,2614 3811,2611 3896,2608 3981,2604 4065,2600 4150,2596 4234,2593 4319,2589 4404,2584"
                         HEIGHT="205"
                         WIDTH="1719"
                         VPOS="2481"
                         HPOS="2698">
                  <String HEIGHT="205"
                          WIDTH="537"
                          VPOS="2481"
                          HPOS="2644"
                          CONTENT="orten,"
                          SUBS_TYPE="HypPart2"
                          SUBS_CONTENT="skeppningsorten,"/>
                  <SP HEIGHT="205" WIDTH="54" VPOS="2481" HPOS="3181"/>
                  <String HEIGHT="205"
                          WIDTH="698"
                          VPOS="2481"
                          HPOS="3020"
                          CONTENT="särskildt"/>
                  <SP HEIGHT="205" WIDTH="54" VPOS="2481" HPOS="3719"/>
                  <String HEIGHT="205"
                          WIDTH="376"
                          VPOS="2481"
                          HPOS="3558"
                          CONTENT="ett"/>
                  <SP HEIGHT="205" WIDTH="54" VPOS="2481" HPOS="3934"/>
                  <String HEIGHT="205"
                          WIDTH="483"
                          VPOS="2481"
                          HPOS="3772"
                          CONTENT="parti"/>
                  <SP HEIGHT="205" WIDTH="54" VPOS="2481" HPOS="4256"/>
                  <String HEIGHT="205"
                          WIDTH="376"
                          VPOS="2481"
                          HPOS="4041"
                          CONTENT="hafre"/>
               </TextLine>
               <TextLine ID="r2l22"
                         BASELINE="2704,2790 2792,2782 2880,2775 2968,2768 3056,2763 3144,2757 3232,2752 3320,2748 3408,2742 3496,2739 3585,2734 3673,2730 3761,2728 3849,2724 3937,2720 4025,2717 4113,2714 4201,2710 4289,2706 4377,2701 4466,2698"
                         HEIGHT="204"
                         WIDTH="1787"
                         VPOS="2599"
                         HPOS="2687">
                  <String HEIGHT="204"
                          WIDTH="391"
                          VPOS="2599"
                          HPOS="2631"
                          CONTENT="som"/>
                  <SP HEIGHT="204" WIDTH="56" VPOS="2599" HPOS="3022"/>
                  <String HEIGHT="204"
                          WIDTH="503"
                          VPOS="2599"
                          HPOS="2855"
                          CONTENT="under"/>
                  <SP HEIGHT="204" WIDTH="56" VPOS="2599" HPOS="3357"/>
                  <String HEIGHT="204"
                          WIDTH="503"
                          VPOS="2599"
                          HPOS="3190"
                          CONTENT="tiden"/>
                  <SP HEIGHT="204" WIDTH="56" VPOS="2599" HPOS="3692"/>
                  <String HEIGHT="204"
                          WIDTH="447"
                          VPOS="2599"
                          HPOS="3525"
                          CONTENT="från"/>
                  <SP HEIGHT="204" WIDTH="56" VPOS="2599" HPOS="3971"/>
                  <String HEIGHT="204"
                          WIDTH="391"
                          VPOS="2599"
                          HPOS="3804"
                          CONTENT="den"/>
                  <SP HEIGHT="204" WIDTH="56" VPOS="2599" HPOS="4195"/>
                  <String HEIGHT="204"
                          WIDTH="335"
                          VPOS="2599"
                          HPOS="4027"
                          CONTENT="24"/>
                  <SP HEIGHT="204" WIDTH="56" VPOS="2599" HPOS="4362"/>
                  <String HEIGHT="204"
                          WIDTH="335"
                          VPOS="2599"
                          HPOS="4139"
                          CONTENT="till"/>
               </TextLine>
               <TextLine ID="r2l23"
                         BASELINE="2700,2924 2785,2916 2870,2906 2955,2900 3040,2893 3125,2887 3210,2882 3295,2875 3380,2870 3465,2865 3550,2860 3635,2855 3720,2850 3805,2846 3890,2841 3975,2834 4060,2830 4145,2824 4230,2817 4315,2810 4400,2804"
                         HEIGHT="214"
                         WIDTH="1731"
                         VPOS="2718"
                         HPOS="2684">
                  <String HEIGHT="214"
                          WIDTH="379"
                          VPOS="2718"
                          HPOS="2630"
                          CONTENT="den"/>
                  <SP HEIGHT="214" WIDTH="54" VPOS="2718" HPOS="3009"/>
                  <String HEIGHT="214"
                          WIDTH="325"
                          VPOS="2718"
                          HPOS="2846"
                          CONTENT="27"/>
                  <SP HEIGHT="214" WIDTH="54" VPOS="2718" HPOS="3171"/>
                  <String HEIGHT="214"
                          WIDTH="649"
                          VPOS="2718"
                          HPOS="3009"
                          CONTENT="December"/>
                  <SP HEIGHT="214" WIDTH="54" VPOS="2718" HPOS="3658"/>
                  <String HEIGHT="214"
                          WIDTH="433"
                          VPOS="2718"
                          HPOS="3495"
                          CONTENT="1877"/>
                  <SP HEIGHT="214" WIDTH="54" VPOS="2718" HPOS="3928"/>
                  <String HEIGHT="214"
                          WIDTH="703"
                          VPOS="2718"
                          HPOS="3766"
                          CONTENT="förvarats"/>
                  <SP HEIGHT="214" WIDTH="54" VPOS="2718" HPOS="4469"/>
                  <String HEIGHT="214"
                          WIDTH="162"
                          VPOS="2718"
                          HPOS="4253"
                          CONTENT="i"/>
               </TextLine>
               <TextLine ID="r2l24"
                         BASELINE="2680,3042 2766,3033 2852,3027 2939,3020 3025,3013 3112,3008 3198,3001 3284,2994 3371,2990 3457,2983 3544,2977 3630,2972 3716,2966 3803,2960 3889,2954 3976,2947 4062,2941 4148,2933 4235,2927 4321,2918 4408,2910"
                         HEIGHT="265"
                         WIDTH="1758"
                         VPOS="2838"
                         HPOS="2666">
                  <String HEIGHT="265"
                          WIDTH="737"
                          VPOS="2838"
                          HPOS="2609"
                          CONTENT="Hemförare"/>
                  <SP HEIGHT="265" WIDTH="57" VPOS="2838" HPOS="3347"/>
                  <String HEIGHT="265"
                          WIDTH="681"
                          VPOS="2838"
                          HPOS="3176"
                          CONTENT="Bolagets"/>
                  <SP HEIGHT="265" WIDTH="57" VPOS="2838" HPOS="3857"/>
                  <String HEIGHT="265"
                          WIDTH="510"
                          VPOS="2838"
                          HPOS="3687"
                          CONTENT="båtar"/>
                  <SP HEIGHT="265" WIDTH="57" VPOS="2838" HPOS="4197"/>
                  <String HEIGHT="265"
                          WIDTH="454"
                          VPOS="2838"
                          HPOS="4027"
                          CONTENT="Nris"/>
                  <SP HEIGHT="265" WIDTH="57" VPOS="2838" HPOS="4481"/>
                  <String HEIGHT="265"
                          WIDTH="170"
                          VPOS="2838"
                          HPOS="4254"
                          CONTENT="1"/>
               </TextLine>
               <TextLine ID="r2l25"
                         BASELINE="2692,3166 2778,3157 2865,3148 2951,3139 3038,3130 3124,3124 3211,3115 3297,3108 3384,3100 3470,3094 3557,3086 3643,3080 3730,3074 3816,3067 3903,3062 3989,3056 4076,3050 4162,3044 4249,3040 4335,3034 4422,3028"
                         HEIGHT="242"
                         WIDTH="1758"
                         VPOS="2940"
                         HPOS="2678">
                  <String HEIGHT="242"
                          WIDTH="424"
                          VPOS="2940"
                          HPOS="2617"
                          CONTENT="och"/>
                  <SP HEIGHT="242" WIDTH="61" VPOS="2940" HPOS="3042"/>
                  <String HEIGHT="242"
                          WIDTH="364"
                          VPOS="2940"
                          HPOS="2860"
                          CONTENT="42"/>
                  <SP HEIGHT="242" WIDTH="61" VPOS="2940" HPOS="3224"/>
                  <String HEIGHT="242"
                          WIDTH="303"
                          VPOS="2940"
                          HPOS="3042"
                          CONTENT="i"/>
                  <SP HEIGHT="242" WIDTH="61" VPOS="2940" HPOS="3345"/>
                  <String HEIGHT="242"
                          WIDTH="667"
                          VPOS="2940"
                          HPOS="3163"
                          CONTENT="hvilket"/>
                  <SP HEIGHT="242" WIDTH="61" VPOS="2940" HPOS="3830"/>
                  <String HEIGHT="242"
                          WIDTH="424"
                          VPOS="2940"
                          HPOS="3648"
                          CONTENT="vid"/>
                  <SP HEIGHT="242" WIDTH="61" VPOS="2940" HPOS="4072"/>
                  <String HEIGHT="242"
                          WIDTH="606"
                          VPOS="2940"
                          HPOS="3830"
                          CONTENT="framkom¬"
                          SUBS_TYPE="HypPart1"
                          SUBS_CONTENT="framkomsten"/>
                  <HYP CONTENT="-"/>
               </TextLine>
               <TextLine ID="r2l26"
                         BASELINE="2692,3274 2779,3265 2867,3256 2955,3247 3043,3238 3131,3231 3218,3222 3306,3214 3394,3207 3482,3201 3570,3193 3657,3188 3745,3182 3833,3178 3921,3174 4009,3170 4096,3168 4184,3166 4272,3164 4360,3164 4448,3164"
                         HEIGHT="197"
                         WIDTH="1783"
                         VPOS="3083"
                         HPOS="2677">
                  <String HEIGHT="197"
                          WIDTH="460"
                          VPOS="3083"
                          HPOS="2619"
                          CONTENT="sten"
                          SUBS_TYPE="HypPart2"
                          SUBS_CONTENT="framkomsten"/>
                  <SP HEIGHT="197" WIDTH="58" VPOS="3083" HPOS="3080"/>
                  <String HEIGHT="197"
                          WIDTH="633"
                          VPOS="3083"
                          HPOS="2907"
                          CONTENT="funnits"/>
                  <SP HEIGHT="197" WIDTH="58" VPOS="3083" HPOS="3540"/>
                  <String HEIGHT="197"
                          WIDTH="748"
                          VPOS="3083"
                          HPOS="3367"
                          CONTENT="undervigt"/>
                  <SP HEIGHT="197" WIDTH="58" VPOS="3083" HPOS="4115"/>
                  <String HEIGHT="197"
                          WIDTH="575"
                          VPOS="3083"
                          HPOS="3885"
                          CONTENT="uppgåen¬"
                          SUBS_TYPE="HypPart1"
                          SUBS_CONTENT="uppgående"/>
                  <HYP CONTENT="-"/>
               </TextLine>
               <TextLine ID="r2l27"
                         BASELINE="2708,3380 2794,3375 2881,3369 2967,3364 3054,3360 3141,3353 3227,3348 3314,3342 3400,3338 3487,3331 3574,3326 3660,3321 3747,3317 3833,3312 3920,3308 4007,3305 4093,3302 4180,3298 4266,3296 4353,3294 4440,3294"
                         HEIGHT="236"
                         WIDTH="1757"
                         VPOS="3195"
                         HPOS="2694">
                  <String HEIGHT="236"
                          WIDTH="329"
                          VPOS="3195"
                          HPOS="2639"
                          CONTENT="de"
                          SUBS_TYPE="HypPart2"
                          SUBS_CONTENT="uppgående"/>
                  <SP HEIGHT="236" WIDTH="55" VPOS="3195" HPOS="2969"/>
                  <String HEIGHT="236"
                          WIDTH="439"
                          VPOS="3195"
                          HPOS="2804"
                          CONTENT="till"/>
                  <SP HEIGHT="236" WIDTH="55" VPOS="3195" HPOS="3243"/>
                  <String HEIGHT="236"
                          WIDTH="384"
                          VPOS="3195"
                          HPOS="3078"
                          CONTENT="175"/>
                  <SP HEIGHT="236" WIDTH="55" VPOS="3195" HPOS="3463"/>
                  <String HEIGHT="236"
                          WIDTH="604"
                          VPOS="3195"
                          HPOS="3298"
                          CONTENT="Centner"/>
                  <SP HEIGHT="236" WIDTH="55" VPOS="3195" HPOS="3902"/>
                  <String HEIGHT="236"
                          WIDTH="329"
                          VPOS="3195"
                          HPOS="3737"
                          CONTENT="27"/>
                  <SP HEIGHT="236" WIDTH="55" VPOS="3195" HPOS="4067"/>
                  <String HEIGHT="236"
                          WIDTH="604"
                          VPOS="3195"
                          HPOS="3847"
                          CONTENT="Skålpund,"/>
               </TextLine>
               <TextLine ID="r2l28"
                         BASELINE="2698,3494 2786,3488 2875,3482 2964,3474 3053,3468 3142,3463 3231,3456 3320,3451 3409,3446 3498,3440 3587,3435 3675,3430 3764,3427 3853,3422 3942,3419 4031,3416 4120,3414 4209,3412 4298,3410 4387,3410 4476,3410"
                         HEIGHT="178"
                         WIDTH="1803"
                         VPOS="3332"
                         HPOS="2685">
                  <String HEIGHT="178"
                          WIDTH="424"
                          VPOS="3332"
                          HPOS="2632"
                          CONTENT="samt"/>
                  <SP HEIGHT="178" WIDTH="53" VPOS="3332" HPOS="3056"/>
                  <String HEIGHT="178"
                          WIDTH="371"
                          VPOS="3332"
                          HPOS="2897"
                          CONTENT="att"/>
                  <SP HEIGHT="178" WIDTH="53" VPOS="3332" HPOS="3268"/>
                  <String HEIGHT="178"
                          WIDTH="636"
                          VPOS="3332"
                          HPOS="3109"
                          CONTENT="Berggren"/>
                  <SP HEIGHT="178" WIDTH="53" VPOS="3332" HPOS="3746"/>
                  <String HEIGHT="178"
                          WIDTH="742"
                          VPOS="3332"
                          HPOS="3586"
                          CONTENT="antagligen"/>
                  <SP HEIGHT="178" WIDTH="53" VPOS="3332" HPOS="4329"/>
                  <String HEIGHT="178"
                          WIDTH="371"
                          VPOS="3332"
                          HPOS="4117"
                          CONTENT="varit"/>
               </TextLine>
               <TextLine ID="r2l29"
                         BASELINE="2698,3590 2786,3585 2875,3580 2963,3576 3052,3570 3141,3566 3229,3562 3318,3558 3406,3554 3495,3552 3584,3548 3672,3545 3761,3542 3849,3540 3938,3536 4027,3534 4115,3532 4204,3530 4292,3528 4381,3526 4470,3524"
                         HEIGHT="235"
                         WIDTH="1797"
                         VPOS="3408"
                         HPOS="2685">
                  <String HEIGHT="235"
                          WIDTH="426"
                          VPOS="3408"
                          HPOS="2638"
                          CONTENT="egare"/>
                  <SP HEIGHT="235" WIDTH="47" VPOS="3408" HPOS="3063"/>
                  <String HEIGHT="235"
                          WIDTH="284"
                          VPOS="3408"
                          HPOS="2921"
                          CONTENT="af"/>
                  <SP HEIGHT="235" WIDTH="47" VPOS="3408" HPOS="3205"/>
                  <String HEIGHT="235"
                          WIDTH="331"
                          VPOS="3408"
                          HPOS="3063"
                          CONTENT="den"/>
                  <SP HEIGHT="235" WIDTH="47" VPOS="3408" HPOS="3394"/>
                  <String HEIGHT="235"
                          WIDTH="426"
                          VPOS="3408"
                          HPOS="3252"
                          CONTENT="under"/>
                  <SP HEIGHT="235" WIDTH="47" VPOS="3408" HPOS="3678"/>
                  <String HEIGHT="235"
                          WIDTH="331"
                          VPOS="3408"
                          HPOS="3536"
                          CONTENT="Mon"/>
                  <SP HEIGHT="235" WIDTH="47" VPOS="3408" HPOS="3867"/>
                  <String HEIGHT="235"
                          WIDTH="236"
                          VPOS="3408"
                          HPOS="3725"
                          CONTENT="2"/>
                  <SP HEIGHT="235" WIDTH="47" VPOS="3408" HPOS="3962"/>
                  <String HEIGHT="235"
                          WIDTH="284"
                          VPOS="3408"
                          HPOS="3820"
                          CONTENT="p."/>
                  <SP HEIGHT="235" WIDTH="47" VPOS="3408" HPOS="4104"/>
                  <String HEIGHT="235"
                          WIDTH="331"
                          VPOS="3408"
                          HPOS="3962"
                          CONTENT="här"/>
                  <SP HEIGHT="235" WIDTH="47" VPOS="3408" HPOS="4293"/>
                  <String HEIGHT="235"
                          WIDTH="378"
                          VPOS="3408"
                          HPOS="4104"
                          CONTENT="ofvan¬"
                          SUBS_TYPE="HypPart1"
                          SUBS_CONTENT="ofvanomförmälde"/>
                  <HYP CONTENT="-"/>
               </TextLine>
               <TextLine ID="r2l30"
                         BASELINE="2698,3686 2753,3683 2809,3679 2864,3676 2920,3674 2975,3670 3031,3666 3086,3663 3142,3660 3197,3656 3253,3654 3308,3652 3364,3648 3419,3646 3475,3644 3530,3643 3586,3642 3641,3642 3697,3642 3752,3643 3808,3644"
                         HEIGHT="158"
                         WIDTH="1131"
                         VPOS="3554"
                         HPOS="2684">
                  <String HEIGHT="158"
                          WIDTH="931"
                          VPOS="3554"
                          HPOS="2617"
                          CONTENT="omförmälde"
                          SUBS_TYPE="HypPart2"
                          SUBS_CONTENT="ofvanomförmälde"/>
                  <SP HEIGHT="158" WIDTH="67" VPOS="3554" HPOS="3549"/>
                  <String HEIGHT="158"
                          WIDTH="532"
                          VPOS="3554"
                          HPOS="3283"
                          CONTENT="hafre."/>
               </TextLine>
               <TextLine ID="r2l32"
                         BASELINE="2796,3806 2880,3799 2964,3794 3048,3790 3132,3785 3217,3781 3301,3777 3385,3774 3469,3772 3553,3769 3638,3768 3722,3766 3806,3764 3890,3764 3974,3764 4059,3764 4143,3764 4227,3764 4311,3765 4395,3766 4480,3766"
                         HEIGHT="205"
                         WIDTH="1709"
                         VPOS="3656"
                         HPOS="2783">
                  <String HEIGHT="205"
                          WIDTH="570"
                          VPOS="3656"
                          HPOS="2726"
                          CONTENT="Åkarne"/>
                  <SP HEIGHT="205" WIDTH="57" VPOS="3656" HPOS="3296"/>
                  <String HEIGHT="205"
                          WIDTH="798"
                          VPOS="3656"
                          HPOS="3125"
                          CONTENT="Johansson,"/>
                  <SP HEIGHT="205" WIDTH="57" VPOS="3656" HPOS="3922"/>
                  <String HEIGHT="205"
                          WIDTH="399"
                          VPOS="3656"
                          HPOS="3751"
                          CONTENT="och"/>
                  <SP HEIGHT="205" WIDTH="57" VPOS="3656" HPOS="4150"/>
                  <String HEIGHT="205"
                          WIDTH="570"
                          VPOS="3656"
                          HPOS="3922"
                          CONTENT="Berndts¬"/>
               </TextLine>
            </TextBlock>
         </PrintSpace>
      </Page>
   </Layout>
</alto>
