4953 4072
488 232 398 173 genom
753 232 486 173 inbrott
1107 232 221 173 i
1195 232 354 173 Bark
1416 232 221 173 &
1505 232 531 173 Warburgs
1858 232 531 173 Aktiebola¬-

465 354 346 181 lags
681 354 562 181 nybyggnad
1113 354 303 181 vid
1286 354 562 181 Banegatan
1676 354 605 181 tillgripits:

493 456 316 182 från
691 456 514 182 Johansson
1087 456 277 182 ett
1245 456 435 182 hänglås
1561 456 356 182 värdt
1798 456 237 182 50
1917 456 316 182 öre,
2075 456 277 182 hvar¬-

485 574 401 140 jemte
753 574 490 140 tjufven
1109 574 223 140 i
1198 574 312 140 två
1376 574 401 140 delar
1643 574 713 140 sönderskurit
2178 574 178 140 en

464 665 326 140 blå
651 665 653 140 stortröja,
1164 665 233 140 i
1257 665 280 140 en
1397 665 373 140 burk
1630 665 746 140 innehållande
2189 665 233 140 må¬-

475 761 592 180 larefärg
919 761 690 180 nedstoppat
1461 761 296 180 en
1609 761 690 180 skinntröja
2102 761 296 180 samt

476 855 678 193 öfvermålat
1008 855 291 193 en
1154 855 339 193 såg
1347 855 339 193 och
1541 855 775 193 sönderskurit
2122 855 291 193 såg¬-

431 974 545 154 strängen,

507 1071 462 139 från
796 1071 924 139 timmermannen
1547 1071 520 139 Johan
1836 1071 520 139 Johans¬-

474 1167 363 139 son,
700 1167 454 139 boende
1018 1167 227 139 i
1109 1167 408 139 huset
1381 1167 272 139 No
1517 1167 272 139 86
1653 1167 318 139 vid
1789 1167 590 139 Telegrafga¬-

486 1232 327 184 tan
673 1232 280 184 en
813 1232 561 184 hänglås,
1234 1232 327 184 ett
1421 1232 654 184 borrskaft,
1935 1232 280 184 en
2029 1232 280 184 knif

462 1334 386 148 samt
703 1334 290 148 en
848 1334 434 148 svart
1137 1334 338 148 och
1330 1334 627 148 hvitrutig
1813 1334 531 148 halsduk
2151 1334 193 148 af

487 1451 627 165 halfsiden
969 1451 723 165 tillsammans
1547 1451 434 165 värdt
1837 1451 241 165 3
1885 1451 241 165 Kr;

116 1005 126 143 #
166 1005 202 143 från
267 1005 227 143 timmer¬-

82 1116 302 84 mannen
263 1116 211 84 Johan

86 1173 278 102 Ingelsson
278 1173 214 102 anställd

86 1236 189 115 vid
167 1236 323 115 ofvannämde

103 1296 356 116 nybyggnad
349 1296 137 116 ett

97 1357 347 116 hänglås,
328 1357 145 116 två

112 1428 206 105 par
200 1428 294 105 gångjern

97 1484 188 95 af
159 1484 283 95 messing

103 1540 174 94 och
203 1540 174 94 ett
277 1540 199 94 blylod

69 1601 391 80 tillsammans

105 1658 222 109 värdt
253 1658 123 109 3
303 1658 173 109 Kr;
377 1658 123 109 och

494 1526 430 179 från
763 1526 860 179 timmermannen
1462 1526 537 179 Svante
1784 1526 591 179 Johansson

478 1618 441 153 boende
787 1618 221 153 i
875 1618 397 153 huset
1140 1618 265 153 No
1272 1618 265 153 71
1405 1618 309 153 vid
1581 1618 750 153 Koopmansgatan
2155 1618 221 153 ett

501 1720 450 146 hänglås
828 1720 286 146 ett
992 1720 532 146 stämjern,
1401 1720 286 146 ett
1564 1720 532 146 plattborr
1973 1720 286 146 och
2096 1720 286 146 några

527 1804 401 155 filar
795 1804 668 155 tillsammans
1329 1804 223 155 2
1418 1804 312 155 Kr;
1596 1804 312 155 att
1774 1804 490 155 tjufven
2086 1804 312 155 genom

494 1893 338 155 att
687 1893 627 155 frånrycka
1169 1893 289 155 en
1314 1893 482 155 bräda,
1651 1893 531 155 hvarmed
1989 1893 386 155 dörren

500 1979 367 154 till
729 1979 275 154 en
867 1979 687 154 angränsande
1417 1979 596 154 nybyggnad
1875 1979 412 154 varit
2104 1979 321 154 till¬-

486 2088 468 180 spikad,
827 2088 425 180 beredt
1125 2088 298 180 sig
1295 2088 468 180 inträde
1635 2088 298 180 dit
1805 2088 298 180 och
1976 2088 383 180 efter
2188 2088 213 180 att

495 2165 388 170 hafva
754 2165 475 170 uppgått
1099 2165 216 170 å
1185 2165 432 170 vinden
1488 2165 345 170 till
1703 2165 647 170 sistberörde
2178 2165 216 170 ny¬-

477 2254 546 162 byggnad
874 2254 446 162 genom
1172 2254 248 162 i
1271 2254 744 162 brandtmuren
1816 2254 546 162 befintlig

483 2336 478 177 öppning
830 2336 435 177 ingått
1134 2336 217 177 å
1221 2336 435 177 vinden
1525 2336 348 177 till
1743 2336 348 177 Bark
1960 2336 217 177 &
2003 2336 435 177 Warburgs

498 2457 672 121 aktiebolags
1036 2457 628 121 förberorde
1529 2457 583 121 nybyggnad
1978 2457 359 121 samt
2157 2457 224 121 der

499 2509 390 198 genom
758 2509 303 198 att
932 2509 563 198 frånbryta
1364 2509 649 198 hänglåsarne
1884 2509 346 198 till
2057 2509 346 198 August

501 2608 660 201 Johanssons,
1029 2608 396 201 Johan
1293 2608 660 201 Johanssons,
1822 2608 396 201 Johan
2042 2608 352 201 Ingel¬-

483 2701 367 174 sons
712 2701 321 174 och
896 2701 458 174 Svante
1216 2701 642 174 Johanssons
1675 2701 687 174 verktygslådor

504 2797 643 200 tillgripit
1009 2797 276 200 de
1147 2797 505 200 anmälde
1469 2797 643 200 persedlarne.

589 2894 405 165 Såsom
859 2894 586 165 misstänkt
1310 2894 315 165 för
1490 2894 676 165 delaktighet
2031 2894 225 165 i
2076 2894 315 165 denna

481 2983 761 167 inbrottsstöld
1108 2983 313 167 har
1287 2983 627 167 biträdande
1735 2983 582 167 Polisöfver¬-

475 3087 745 145 konstapeln
1060 3087 319 145 B.
1220 3087 639 145 Svensson
1699 3087 639 145 Måndagen
2125 3087 266 145 der

499 3179 304 152 21
651 3179 304 152 ds
803 3179 607 152 anhållit
1258 3179 506 152 gossen
1612 3179 405 152 Axel
1815 3179 455 152 Wilhelm

510 3276 563 178 Nilsson,
932 3276 375 178 född
1167 3276 328 178 den
1355 3276 235 178 5
1449 3276 516 178 Januari
1824 3276 375 178 1868
2059 3276 328 178 och
2199 3276 235 178 son

520 3380 265 186 af
652 3380 928 186 Snickeriarbetaren
1447 3380 398 186 Johan
1712 3380 442 186 August
1977 3380 442 186 Nilsson,

511 3454 403 192 boende
793 3454 202 192 i
873 3454 363 192 huset
1115 3454 242 192 No
1236 3454 282 192 106
1397 3454 363 192 Litt.
1639 3454 242 192 B.
1760 3454 202 192 i
1841 3454 242 192 Ms
1962 3454 322 192 3dje
2123 3454 282 192 rote,

514 3563 493 152 hvilken
873 3563 314 152 vid
1052 3563 314 152 med
1231 3563 403 152 honom
1500 3563 538 152 anstäldt
1903 3563 448 152 förhör
2172 3563 269 152 upp¬-

512 3701 452 101 gifvit,
841 3701 288 101 att
1005 3701 288 101 han
1170 3701 370 101 jemte
1416 3701 493 101 gossarne
1786 3701 411 101 Ossian
2033 3701 411 101 Hermans¬

2570 178 307 174 son
2746 178 307 174 och
2921 178 351 174 Carl
3140 178 438 174 Albert
3447 178 570 174 Andersson
3885 178 438 174 natten
4148 178 307 174 emel¬-

2563 287 298 145 lan
2734 287 298 145 den
2904 287 256 145 19
3032 287 298 145 och
3202 287 256 145 20
3330 287 256 145 ds
3458 287 596 145 uppehållit
3927 287 298 145 sig
4097 287 213 145 å
4140 287 298 145 Djur¬-

2561 447 665 118 gardsbergen
3093 447 311 118 der
3270 447 266 118 de
3403 447 399 118 åsett
3670 447 311 118 ett
3847 447 577 118 dansnöje,
4246 447 222 118 att

2551 488 267 141 de
2685 488 312 141 vid
2863 488 668 141 bortgåendet
3398 488 579 141 derifrån,
3843 488 490 141 omkring
4200 488 312 141 kl.
4333 488 134 141 2

2531 600 334 141 på
2698 600 668 141 morgonen
3200 600 334 141 på
3367 600 724 141 uppmaning
3924 600 334 141 af
4035 600 446 141 Albert

2553 688 601 138 Andersson
3015 688 508 138 åtföljt
3384 688 416 138 denne
3662 688 370 138 till
3893 688 370 138 Bark
4124 688 231 138 &
4170 688 277 138 War¬-

2554 789 401 167 burgs
2822 789 669 167 aktiebolags
3357 789 579 167 nybyggnad
3802 789 312 167 vid
3936 789 535 167 Banegatan,

2538 899 363 137 der
2746 899 312 137 de
2902 899 467 137 genom
3213 899 363 137 att
3421 899 467 137 krypa
3732 899 467 137 genom
4044 899 312 137 en
4148 899 312 137 öpp¬-

2544 1025 422 132 ning
2808 1025 581 132 emellan
3231 1025 686 132 bräderna,
3759 1025 581 132 hvarmed
4128 1025 317 132 dör¬-

2552 1126 329 88 ren
2740 1126 423 88 varit
3022 1126 657 88 tillspikad
3538 1126 469 88 beredt
3867 1126 329 88 sig
4007 1126 423 88 inträde

2564 1182 363 170 till
2791 1182 726 170 nybyggnaden,
3381 1182 318 170 att
3562 1182 272 170 de
3699 1182 409 170 efter
3971 1182 318 170 att
4107 1182 318 170 hafva

2563 1279 403 182 gått
2814 1279 554 182 uppföre
3217 1279 302 182 de
3368 1279 403 182 inom
3620 1279 654 182 byggnaden
4073 1279 453 182 befint¬-

2551 1399 368 172 liga
2781 1399 828 172 ställningarne,
3471 1399 368 172 från
3702 1399 460 172 vinden
4024 1399 368 172 till
4208 1399 276 172 den¬-

2539 1491 306 184 na
2692 1491 560 184 byggnad
3099 1491 459 184 genom
3405 1491 306 184 en
3558 1491 560 184 öppning
3915 1491 560 184 befintlig

2554 1613 259 152 i
2658 1613 725 152 brandmuren
3228 1613 414 152 till
3487 1613 363 152 ett
3642 1613 725 152 närgränsande

2538 1707 331 135 hus
2727 1707 473 135 ingått
3058 1707 379 135 dit;
3295 1707 331 135 att
3484 1707 615 135 Andersson
3910 1707 521 135 derstädes

2530 1797 412 179 med
2765 1797 353 179 en
2942 1797 647 179 medförd
3412 1797 529 179 falsk
3765 1797 588 179 nyckel
4118 1797 353 179 öpp¬-

2539 1901 346 161 nat
2736 1901 297 161 en
2885 1901 841 161 verktygslåda,
3577 1901 247 161 i
3676 1901 544 161 hvilken
4072 1901 297 161 de
4171 1901 346 161 bland

2529 2007 449 149 annat
2829 2007 649 149 påträffat
3328 2007 300 149 en
3478 2007 649 149 tälgknif,
3977 2007 349 149 med
4127 2007 349 149 hvil¬-

2515 2154 430 139 ken
2760 2154 859 139 Hermansson
3435 2154 552 139 genom
3803 2154 430 139 att
3987 2154 430 139 bända

2561 2247 362 149 upp
2768 2247 672 149 hänglåset
3285 2247 517 149 öppnat
3646 2247 310 149 en
3750 2247 723 149 verktygslåda

2553 2323 323 171 ur
2715 2323 593 171 hvilken
3146 2323 754 171 Hermansson
3739 2323 377 171 och
3900 2323 593 171 Andersson

2545 2461 686 139 tillgripit
3084 2461 588 139 hvardera
3525 2461 343 139 ett
3722 2461 343 139 par
3918 2461 588 139 gångjern
4310 2461 196 139 af

2538 2534 536 159 messing,
2940 2534 268 159 14
3074 2534 714 159 träskrufvar,
3654 2534 312 159 100
3833 2534 312 159 1"s
4011 2534 357 159 spik
4190 2534 223 159 och

2539 2644 354 137 ett
2742 2644 506 137 blylod
3096 2644 303 137 af
3248 2644 556 137 hvilket
3652 2644 405 137 gods
3905 2644 556 137 Nilsson
4259 2644 253 137 er¬-

2545 2714 536 194 hållit
2921 2714 483 194 några
3242 2714 804 194 träskrufvar
3886 2714 375 194 och
4047 2714 375 194 något

2535 2863 560 116 spik,
2908 2863 746 116 hvaremot
3467 2863 870 116 Hermansson
4089 2863 311 116 och

2568 2924 628 175 Andersson
3051 2924 580 175 behållit
3486 2924 338 175 det
3679 2924 532 175 öfriga,
4066 2924 338 175 att
4211 2924 290 175 Her¬-

2549 3044 677 173 mansson
3042 3044 615 173 jemväl
3472 3044 431 173 med
3718 3044 677 173 knifven
4149 3044 369 173 öpp¬-

2571 3118 393 178 nat
2795 3118 730 178 hänglåset
3357 3118 449 178 till
3637 3118 337 178 en
3806 3118 505 178 annan
4086 3118 393 178 verk¬-

2558 3242 662 172 tygslåda,
3067 3242 509 172 hvarur
3424 3242 306 172 de
3576 3242 407 172 dock
3831 3242 509 172 endast
4137 3242 356 172 till¬-

2572 3327 542 190 gripit
2951 3327 325 190 en
3114 3327 650 190 halsduk,
3601 3327 379 190 som
3818 3327 596 190 Nilsson
4197 3327 325 190 med¬-

2555 3428 464 172 tagit
2865 3428 361 172 hem
3071 3428 412 172 till
3329 3428 670 172 bostaden,
3844 3428 361 172 att
3999 3428 464 172 Anders¬-

2515 3528 414 225 son
2751 3528 414 225 med
2988 3528 414 225 den
3225 3528 532 225 förut
3580 3528 651 225 använde
3994 3528 532 225 nyckeln
