5076 4088
518 215 429 220 hunnit
819 215 258 220 ut
947 215 258 220 på
1076 215 429 220 gatan,
1377 215 258 220 då
1506 215 301 220 han
1677 215 429 220 genast
1935 215 515 220 återvändt,

515 363 405 189 dervid
798 363 526 189 Börjesson
1203 363 567 189 iakttagit,
1648 363 283 189 att
1810 363 445 189 Jonsson
2094 363 364 189 urkedja

536 445 426 174 saknats
846 445 194 174 å
924 445 426 174 västen;
1233 445 271 174 att
1388 445 232 174 då
1505 445 426 174 Jonsson
1815 445 349 174 velat
2047 445 310 174 åter
2202 445 271 174 ingå¬-

540 555 346 208 till
756 555 562 208 Lönngren,
1189 555 303 208 han
1362 555 260 208 på
1491 555 562 208 Lönngrens
1881 555 606 208 tillsägelse,

525 669 254 189 af
652 669 550 189 Börjesson
1075 669 466 189 dertill
1413 669 466 189 blifvit
1752 669 635 189 förhindrad;
2217 669 212 189 att

486 760 534 230 Johanna
875 760 631 230 Lönngren,
1361 760 389 230 Anna
1604 760 631 230 Christina
2041 760 437 230 Börjes¬-

482 909 308 167 son
658 909 308 167 och
834 909 440 167 ogifta
1142 909 396 167 Maria
1406 909 572 167 Svensson,
1846 909 352 167 kort
2066 909 396 167 efter
2286 909 220 167 det

558 993 448 185 Jonsson
884 993 530 185 aflägsnat
1292 993 285 185 sig
1455 993 326 185 från
1658 993 407 185 huset,
1944 993 244 185 på
2066 993 285 185 den
2188 993 326 185 först¬-

571 1096 494 211 nämndas
931 1096 584 211 uppmaning
1380 1096 539 211 begifvit
1785 1096 315 211 sig
1965 1096 270 211 ut
2099 1096 270 211 åt
2189 1096 315 211 Hult¬-

557 1207 397 194 mans
805 1207 446 194 holme
1103 1207 347 194 den
1301 1207 595 194 Lönngren
1747 1207 446 194 under
2045 1207 297 194 en
2144 1207 347 194 stund

556 1321 554 226 aflägsnat
982 1321 298 226 sig
1153 1321 341 226 från
1366 1321 341 226 dem;
1579 1321 341 226 samt
1792 1321 298 226 att
1962 1321 469 226 Longren
2260 1321 213 226 ef¬-

541 1465 300 151 ter
713 1465 515 151 Jonssons
1099 1465 386 151 besök
1356 1465 558 151 derstädes
1785 1465 600 151 förefallit
2214 1465 257 151 Bör¬-

527 1542 409 172 jesson
814 1542 491 172 särdeles
1182 1542 409 172 orolig
1468 1542 286 172 och
1591 1542 573 172 besynnerlig.

607 1630 287 176 Som
771 1630 287 176 det
935 1630 369 176 förut
1182 1630 534 176 inträffat
1592 1630 287 176 att
1756 1630 493 176 personer
2126 1630 287 176 vid
2249 1630 205 176 be¬-

553 1735 319 170 sök
736 1735 319 170 hos
918 1735 592 170 Lönngren,
1373 1735 273 170 på
1510 1735 501 170 obekant
1874 1735 364 170 sätt
2057 1735 364 170 mistat

541 1846 657 176 penningar
1047 1846 354 176 och
1249 1846 303 176 ur
1400 1846 303 176 är
1552 1846 556 176 Johanna
1906 1846 505 176 Lönngren

557 1937 406 167 kallad
841 1937 325 167 till
1044 1937 609 167 inställelse
1531 1937 365 167 inför
1774 1937 284 167 PKn
1937 1937 365 167 denna
2140 1937 243 167 dag.

762 2025 545 156 Göteborg
1170 2025 318 156 den
1352 2025 273 156 29
1488 2025 363 156 Juli
1670 2025 318 156 1880.

133 2089 254 117 No
217 2089 254 117 160.

99 2184 259 116 Petrus
254 2184 259 116 Svensson

88 2288 162 149 och
180 2288 231 149 Niklas
319 2288 254 149 Johansson

48 2401 284 124 Nyman.

577 2114 455 203 Sjökaptenen
940 2114 182 203 L.
1031 2114 364 203 Höglund,
1304 2114 333 203 förande
1546 2114 364 203 ångbåten
1819 2114 333 203 Baltzar
2061 2114 212 203 von
2152 2114 273 203 Platen,

546 2257 223 179 har
674 2257 382 179 måndagen
960 2257 223 179 den
1088 2257 191 179 26
1183 2257 319 179 dennes
1406 2257 350 179 anmält,
1661 2257 223 179 att
1789 2257 287 179 sagde
1980 2257 223 179 dag
2107 2257 191 179 på
2203 2257 191 179 e.
2267 2257 127 179 m.

507 2388 238 160 från
656 2388 268 160 honom
835 2388 388 160 olofligen
1133 2388 447 160 tillgripits
1491 2388 209 160 två
1610 2388 328 160 säckar,
1849 2388 477 160 innehållande
2206 2388 209 160 lump,

505 2503 293 177 hvilka
710 2503 322 177 säckar,
944 2503 264 177 jemte
1120 2503 205 177 ett
1238 2503 264 177 parti
1413 2503 264 177 dylik
1589 2503 235 177 vara
1736 2503 322 177 utgjort
1970 2503 410 177 fraktgods,
2263 2503 147 177 som

515 2607 243 186 legat
677 2607 162 186 på
758 2607 243 186 kajen
920 2607 135 186 i
974 2607 324 186 afvaktan
1217 2607 162 186 på
1298 2607 378 186 inlastning
1594 2607 135 186 å
1648 2607 189 186 den
1756 2607 243 186 plats
1918 2607 189 186 vid
2026 2607 162 186 St
2107 2607 243 186 Eriks
2242 2607 189 186 torg,

525 2735 228 185 der
655 2735 390 185 ångbåten
947 2735 293 185 varit
1110 2735 358 185 liggande.

706 2785 228 165 För
837 2785 293 165 detta
1032 2785 423 165 tillgrepp
1357 2785 228 165 har
1488 2785 716 165 Detektivkonstapeln
2074 2785 325 165 Rönnbäck

510 2946 364 169 Onsdagen
782 2946 212 169 den
904 2946 182 169 28
995 2946 303 169 dennes
1207 2946 364 169 anhållit
1479 2946 485 169 arbetskarlen
1873 2946 303 169 Petrus
2055 2946 303 169 Svensson

503 3050 310 134 boende
720 3050 155 134 i
782 3050 279 134 huset
968 3050 186 134 No
1060 3050 155 134 1
1122 3050 217 134 vid
1246 3050 465 134 Brunnsgatan
1618 3050 155 134 i
1680 3050 557 134 Landalabergen,
2113 3050 279 134 hvilken

493 3127 219 173 vid
618 3127 219 173 det
743 3127 219 173 med
869 3127 282 173 honom
1057 3127 407 173 anställda
1370 3127 313 173 förhör
1589 3127 439 173 uppgifvit:
1934 3127 219 173 att
2059 3127 188 173 då
2153 3127 219 173 han
2247 3127 188 173 mån¬-

503 3252 261 174 dagen
677 3252 203 174 den
793 3252 174 174 26
880 3252 174 174 ds
967 3252 174 174 på
1054 3252 232 174 e.m.
1199 3252 145 174 i
1257 3252 348 174 sällskap
1519 3252 203 174 med
1635 3252 464 174 Arbetskarlen
2012 3252 290 174 Niklas
2186 3252 261 174 Johans¬-

501 3371 225 213 son
630 3371 290 213 Nyman
823 3371 225 213 och
951 3371 193 213 en
1048 3371 290 213 annan
1241 3371 225 213 för
1369 3371 386 213 Svensson
1659 3371 354 213 obekant
1916 3371 257 213 karl
2045 3371 386 213 uppehållit

510 3487 206 195 sig
627 3487 177 195 på
716 3487 177 195 St
804 3487 265 195 Eriks
981 3487 265 195 torg,
1158 3487 177 195 de
1247 3487 383 195 derstädes
1542 3487 147 195 i
1601 3487 354 195 närheten
1866 3487 177 195 af
1955 3487 354 195 Ångbåten
2191 3487 265 195 Baltzar

499 3601 223 153 von
627 3601 319 153 Platen
850 3601 479 153 varseblifvt
1233 3601 192 153 en
1329 3601 223 153 hop
1457 3601 351 153 säckar,
1712 3601 511 153 innehållande
2127 3601 255 153 lump
2255 3601 192 153 samt

498 3713 553 182 öfverenskommit
959 3713 215 182 att
1082 3713 276 182 deraf
1266 3713 399 182 tillgripa
1573 3713 184 182 en
1665 3713 276 182 säck;
1850 3713 215 182 att
1972 3713 276 182 sedan
2126 3713 307 182 Svensson

2644 242 209 200 som
2764 242 209 200 vid
2883 242 419 200 tillfället
3212 242 209 200 var
3332 242 269 200 något
3511 242 359 200 berusad,
3780 242 359 200 derefter
4050 242 299 200 fattat
4259 242 209 200 tag
4379 242 150 200 i
4408 242 150 200 ena

2645 370 293 173 ändan
2841 370 195 173 af
2938 370 195 173 en
3036 370 260 173 utaf
3198 370 390 173 säckarne
3491 370 228 173 och
3621 370 228 173 den
3751 370 390 173 obekanta
4044 370 325 173 karlen
4272 370 163 173 i
4304 370 228 173 andra

2653 495 271 194 ändan
2834 495 181 194 af
2924 495 332 194 säcken,
3166 495 181 194 de
3256 495 302 194 lyftat
3467 495 211 194 den
3588 495 211 194 upp
3708 495 181 194 på
3799 495 392 194 Svenssons
4100 495 271 194 rygg,
4251 495 332 194 hvarefter

2662 618 172 193 de
2748 618 229 193 alla
2891 618 200 193 tre
3006 618 343 193 begifvit
3263 618 200 193 sig
3378 618 229 193 till
3521 618 429 193 Husargatan,
3864 618 200 193 der
3979 618 343 193 Svensson
4236 618 200 193 och
4322 618 229 193 karlen

2660 719 269 186 sålt
2829 719 336 186 säcken
3064 719 269 186 till
3232 719 605 186 Lumphandlanden
3736 719 336 186 Samuel
3972 719 471 186 Andersson,
4308 719 269 186 boende

2659 851 163 182 i
2725 851 293 182 huset
2920 851 196 182 No
3018 851 196 182 12
3116 851 228 182 vid
3246 851 326 182 nämnde
3474 851 293 182 gata,
3670 851 326 182 dervid
3898 851 228 182 den
4028 851 391 182 obekante
4289 851 261 182 karlen

2645 978 371 133 emottagit
2931 978 171 133 de
3017 978 200 133 för
3131 978 286 133 säcken
3331 978 343 133 erhållne
3588 978 371 133 penningar
3874 978 200 133 och
3988 978 343 133 derefter
4246 978 143 133 i
4274 978 286 133 sällskap

2646 1079 217 172 med
2770 1079 309 172 Nyman,
2986 1079 217 172 som
3110 1079 278 172 under
3296 1079 278 172 tiden
3481 1079 278 172 stått
3667 1079 371 172 utanföre
3945 1079 186 172 på
4038 1079 309 172 gatan,
4224 1079 309 172 begifvit

2662 1188 205 151 sig
2779 1188 234 151 till
2925 1188 205 151 ett
3042 1188 555 151 Bolagsvärdshus,
3510 1188 322 151 hvarest
3743 1188 351 151 Svensson
4007 1188 175 151 af
4094 1188 292 151 karlen
4270 1188 292 151 erhållit

2662 1274 225 189 Två
2790 1274 321 189 Kronor
3015 1274 225 189 och
3143 1274 289 189 Nyman
3336 1274 385 189 bekommit
3624 1274 193 189 50
3721 1274 257 189 öre,
3881 1274 289 189 jemte
4074 1274 225 189 det
4202 1274 225 189 han
4298 1274 289 189 bjudits

2657 1393 187 202 på
2750 1393 405 202 förtäring
3062 1393 187 202 af
3155 1393 156 202 4
3218 1393 280 202 supar
3373 1393 312 202 bränvin.

2837 1520 161 153 I
2901 1520 419 153 anledning
3223 1520 290 153 häraf
3417 1520 290 153 hafva
3610 1520 773 153 detektivkonstaplarne
4255 1520 322 153 Rönnbäck

2662 1622 203 169 och
2778 1622 348 169 Lindgren
3039 1622 406 169 Thorsdagen
3358 1622 203 169 den
3474 1622 174 169 29
3561 1622 290 169 dennes
3764 1622 348 169 anhållit
4025 1622 203 169 för
4141 1622 174 169 2a
4228 1622 261 169 resan
4373 1622 203 169 snat¬-

2652 1724 251 182 teri
2808 1724 345 182 kaffade
3059 1724 188 182 fe
3153 1724 533 182 Artilleristen
3592 1724 314 182 Niklas
3812 1724 408 182 Johansson
4125 1724 314 182 Nyman,
4313 1724 251 182 boende

2661 1848 146 194 i
2719 1848 409 194 Wedsågaren
3041 1848 351 194 Perssons
3304 1848 205 194 hus
3420 1848 146 194 i
3479 1848 584 194 Galgkrogsbergen,
3976 1848 321 194 hvilken
4209 1848 205 194 vid
4326 1848 205 194 det
4414 1848 146 194 med

2648 1954 274 187 honom
2830 1954 396 187 anställda
3135 1954 305 187 förhör
3349 1954 366 187 vidgått,
3623 1954 213 187 att
3745 1954 183 187 då
3837 1954 213 187 han
3959 1954 366 187 måndagen
4233 1954 213 187 den
4355 1954 183 187 26
4416 1954 122 187 ds

2663 2066 183 166 på
2755 2066 244 166 e.m.
2908 2066 275 166 varit
3091 2066 153 166 i
3152 2066 366 166 sällskap
3427 2066 214 166 med
3549 2066 366 166 Svensson
3824 2066 214 166 och
3946 2066 183 166 en
4037 2066 275 166 annan
4221 2066 214 166 för
4312 2066 214 166 honom

2651 2153 297 208 okänd
2849 2153 297 208 karl,
3047 2153 231 208 han
3179 2153 264 208 hört
3344 2153 396 208 Svensson
3641 2153 561 208 öfverenskomma
4103 2153 231 208 med
4235 2153 297 208 denne
4400 2153 165 208 att

2646 2257 181 235 de
2736 2257 301 235 skulle
2947 2257 392 235 tillgripa
3249 2257 181 235 en
3339 2257 241 235 säck
3490 2257 271 235 lump,
3671 2257 392 235 hvarefter
3972 2257 271 235 sedan
4153 2257 362 235 Svensson
4394 2257 181 235 från

2647 2384 202 207 ett
2763 2384 260 207 parti
2936 2384 318 207 säckar,
3167 2384 202 207 som
3282 2384 260 207 legat
3456 2384 173 207 på
3542 2384 260 207 kajen
3716 2384 144 207 i
3773 2384 347 207 närheten
4033 2384 173 207 af
4120 2384 347 207 Ångbåten
4351 2384 260 207 Baltzar

2651 2557 210 147 von
2771 2557 330 147 Platen,
3011 2557 420 147 tillgripit
3341 2557 180 147 en
3431 2557 180 147 af
3521 2557 390 147 säckarne,
3822 2557 210 147 han
3942 2557 210 147 och
4062 2557 330 147 bemälde
4302 2557 240 147 karl
4422 2557 180 147 upp¬-

2660 2641 289 179 lyftat
2862 2641 289 179 säcken
3065 2641 173 179 på
3152 2641 376 179 Svenssons
3441 2641 260 179 rygg,
3614 2641 376 179 hvarefter
3903 2641 173 179 de
3990 2641 231 179 alla
4134 2641 202 179 tre
4250 2641 231 179 gått
4366 2641 173 179 till

2658 2765 491 166 Husargatan,
3051 2765 229 166 der
3182 2765 294 166 Nyman
3378 2765 327 166 väntat
3607 2765 196 166 på
3705 2765 327 166 gatan,
3934 2765 294 166 under
4131 2765 229 166 det
4229 2765 327 166 Svensson

2653 2874 210 183 och
2773 2874 301 183 karlen
2984 2874 301 183 ingått
3194 2874 241 183 till
3344 2874 180 183 en
3435 2874 481 183 Lumphandlare
3825 2874 210 183 och
3946 2874 241 183 sålt
4096 2874 301 183 säckar
4306 2874 210 183 för
4397 2874 150 183 ett

2657 2980 273 167 pris,
2839 2980 364 167 hvilket,
3111 2980 182 167 på
3202 2980 242 167 sätt
3354 2980 212 167 de,
3475 2980 182 167 då
3566 2980 182 167 de
3657 2980 455 167 återkommit,
4020 2980 394 167 uppgifvit
4293 2980 273 167 utgjort

2654 3100 144 166 6
2712 3100 316 166 Kronor;
2942 3100 230 166 samt
3086 3100 201 166 att
3201 3100 173 166 de
3287 3100 345 166 samtlige
3546 3100 345 166 derefter
3805 3100 288 166 ingått
4006 3100 144 166 å
4064 3100 201 166 ett
4150 3100 460 166 bolagsvärdshus

2659 3212 220 134 der
2784 3212 377 134 Svensson
3067 3212 220 134 och
3193 3212 377 134 Carlsson
3476 3212 314 134 lemnat
3696 3212 283 134 Nyman
3884 3212 189 134 50
3978 3212 220 134 öre
4104 3212 220 134 och
4198 3212 346 134 dessutom,

2647 3296 220 203 för
2772 3296 220 203 det
2898 3296 220 203 han
3023 3296 251 203 icke
3181 3296 314 203 skulle
3400 3296 314 203 omtala
3620 3296 503 203 tillgreppet,
4028 3296 314 203 bjudit
4248 3296 283 203 honom
4405 3296 126 203 på

2630 3459 305 160 fyra
2820 3459 343 160 supar
3011 3459 381 160 bränvin.

2819 3506 288 151 Såväl
3011 3506 416 151 Svensson,
3331 3506 224 151 som
3459 3506 288 151 Nyman
3651 3506 288 151 hafva
3843 3506 384 151 förnekat
4131 3506 224 151 all
4227 3506 320 151 kännedom

2653 3639 195 118 om
2751 3639 488 118 tillgreppet
3142 3639 195 118 af
3240 3639 228 118 den
3370 3639 293 118 andra
3565 3639 260 118 säck
3728 3639 228 118 med
3858 3639 293 118 lump,
4054 3639 228 118 som
4151 3639 391 118 målsegaren

2677 3714 426 177 uppgifvit
3005 3714 229 177 sig
3136 3714 295 177 hafva
3300 3714 295 177 mistat.
