5095 4049
495 187 315 122 qvist
705 187 315 122 hafva
915 187 175 122 i
985 187 455 122 anledning
1335 187 315 122 häraf
1545 187 420 122 måndagen
1860 187 245 122 den
2000 187 210 122 23
2070 187 280 122 dennes

486 299 429 116 anställt
808 299 572 116 undersökning
1273 299 179 116 i
1345 299 501 116 Handlanden
1738 299 465 116 Alexander
2060 299 322 116 Anders¬-

469 411 262 116 sons
633 411 328 116 butik,
862 411 360 116 hvarvid
1125 411 197 116 de
1223 411 426 116 påträffat
1551 411 197 116 en
1649 411 295 116 säck,
1846 411 524 116 innehållande
2239 411 131 116 13

496 527 215 98 L℔
604 527 465 98 hvetemjöl
962 527 286 98 samt
1141 527 215 98 16
1248 527 215 98 L℔
1355 527 179 98 3
1463 527 179 98 ℔
1535 527 537 98 Amerikanskt
1964 527 358 98 fläsk;
2179 527 179 98 och

482 635 226 103 har
611 635 420 103 Andersson
934 635 226 103 vid
1063 635 323 103 förhör
1289 635 452 103 uppgifvit,
1644 635 226 103 att
1773 635 581 103 Arbetskarlarne
2225 635 161 103 Jo¬-

472 735 235 111 han
607 735 336 111 Alfred
842 735 369 111 Olsson,
1110 735 336 111 Edvard
1345 735 369 111 Amandus
1614 735 470 111 Ljungqvist
1983 735 235 111 och
2117 735 269 111 Carl
2252 735 134 111 O¬-

482 855 270 102 skar
651 855 372 102 Olsson,
921 855 338 102 hvilka
1158 855 405 102 samtlige
1462 855 236 102 äro
1597 855 338 102 boende
1833 855 169 102 i
1901 855 304 102 samma
2104 855 236 102 hus
2205 855 169 102 som

496 965 452 96 Andersson,
851 965 194 96 en
948 965 291 96 afton
1142 965 162 96 i
1207 965 323 96 början
1433 965 194 96 af
1530 965 291 96 sist.
1723 965 355 96 Januari
1982 965 291 96 månad
2144 965 258 96 inkom¬-

486 1077 237 96 mit
621 1077 169 96 i
689 1077 271 96 hans
858 1077 406 96 salubod,
1163 1077 474 96 medförande
1535 1077 237 96 två
1670 1077 372 96 stycken
1941 1077 338 96 fläsk,
2177 1077 237 96 som
2279 1077 135 96 de

480 1193 380 96 utbjudit
766 1193 254 96 till
924 1193 285 96 salu;
1114 1193 222 96 att
1241 1193 285 96 sedan
1431 1193 190 96 de
1526 1193 190 96 på
1621 1193 444 96 Anderssons
1970 1193 285 96 fråga
2128 1193 254 96 hvari¬-

480 1305 239 108 från
630 1305 179 108 de
719 1305 239 108 fått
869 1305 359 108 fläsket,
1138 1305 179 108 de
1228 1305 419 108 uppgifvit,
1557 1305 209 108 att
1676 1305 179 108 de
1766 1305 239 108 fått
1916 1305 209 108 det
2035 1305 209 108 vid
2125 1305 269 108 kajerna

496 1431 161 100 i
560 1431 322 100 staden
785 1431 225 100 och
914 1431 225 100 att
1043 1431 225 100 det
1172 1431 257 100 inte
1332 1431 257 100 vore
1493 1431 354 100 farligt
1751 1431 225 100 att
1879 1431 257 100 köpa
2008 1431 354 100 detsamma,

489 1543 399 98 Andersson
796 1543 246 98 köpt
950 1543 369 98 fläsket,
1227 1543 215 98 som
1349 1543 215 98 han
1472 1543 246 98 vill
1626 1543 307 98 erinra
1841 1543 215 98 sig
1964 1543 338 98 utgjort
2179 1543 215 98 emel¬-

485 1648 220 97 lan
610 1648 189 97 20
705 1648 220 97 och
830 1648 189 97 30
925 1648 157 97 ℔
987 1648 220 97 och
1113 1648 346 97 hvarför
1364 1648 220 97 han
1490 1648 314 97 betalt
1710 1648 189 97 25
1804 1648 220 97 öre
1930 1648 189 97 ℔;
2024 1648 220 97 att
2150 1648 189 97 en
2213 1648 157 97 af¬-

478 1768 235 79 ton
613 1768 335 79 längre
847 1768 268 79 fram
1015 1768 168 79 i
1082 1768 302 79 samma
1284 1768 302 79 månad
1485 1768 302 79 Johan
1686 1768 335 79 Alfred
1921 1768 369 79 Olsson.
2156 1768 268 79 Ljung¬-

488 1871 304 92 qvist
691 1871 236 92 och
826 1871 270 92 Carl
995 1871 304 92 Oskar
1198 1871 338 92 Olsson
1434 1871 270 92 åter
1603 1871 405 92 inkommit
1907 1871 169 92 i
1941 1871 405 92 Anderssons

502 1977 351 88 salubod
758 1977 224 88 och
885 1977 255 88 till
1045 1977 255 88 salu
1205 1977 383 88 utbjudit
1492 1977 192 88 en
1588 1977 255 88 sida
1747 1977 479 88 Amerikanskt
2099 1977 255 88 fläsk,

489 2083 232 84 som
621 2083 430 84 Andersson
952 2083 298 84 efter
1151 2083 232 84 att
1283 2083 298 84 hafva
1482 2083 298 84 gjort
1680 2083 463 84 anmärkning
2044 2083 199 84 om
2110 2083 232 84 huru¬-

499 2191 248 79 vida
654 2191 186 79 de
747 2191 310 79 stulit
964 2191 372 79 fläsket,
1243 2191 372 79 hvartill
1521 2191 186 79 de
1614 2191 310 79 svarat
1831 2191 217 79 att
1955 2191 217 79 han
2079 2191 248 79 icke
2203 2191 155 79 be¬-

492 2279 274 101 höfde
674 2279 213 101 bry
796 2279 213 101 sig
918 2279 305 101 derom,
1132 2279 244 101 köpt
1284 2279 274 101 efter
1467 2279 213 101 ett
1589 2279 244 101 pris
1742 2279 183 101 af
1833 2279 183 101 25
1925 2279 213 101 öre
2047 2279 183 101 ℔;
2138 2279 213 101 att
2230 2279 152 101 den

480 2375 205 114 28
582 2375 171 114 i
651 2375 478 114 oftanämnde
1026 2375 307 114 månad
1231 2375 205 114 på
1334 2375 307 114 afton
1538 2375 273 114 kort
1709 2375 273 114 före
1880 2375 239 114 det
1982 2375 376 114 Andersson

487 2487 347 111 skulle
730 2487 347 111 stänga
973 2487 243 111 sin
1112 2487 278 111 bod,
1286 2487 312 111 samme
1494 2487 417 111 personer
1807 2487 347 111 kommit
2050 2487 278 111 till
2188 2487 174 111 ho¬-

507 2577 214 121 nom
630 2577 214 121 med
752 2577 459 121 ytterligare
1119 2577 214 121 två
1242 2577 275 121 sidor
1425 2577 306 121 fläsk,
1640 2577 214 121 som
1762 2577 184 121 de
1854 2577 275 121 ville
2037 2577 306 121 sälja;
2221 2577 153 121 att

489 2677 467 124 Andersson,
855 2677 233 124 som
989 2677 400 124 antagit,
1289 2677 233 124 att
1422 2677 200 124 de
1522 2677 200 124 på
1622 2677 367 124 oärligt
1889 2677 267 124 sätt
2023 2677 333 124 åtkommit

502 2773 384 142 densmme,
790 2773 256 142 till
950 2773 192 142 en
1046 2773 320 142 början
1270 2773 320 142 vägrat
1494 2773 256 142 köpa
1654 2773 384 142 fläsket,
1942 2773 288 142 under
2102 2773 288 142 yttran¬-

504 2890 225 131 de,
632 2890 225 131 att
761 2890 225 131 det
889 2890 321 131 aldrig
1114 2890 289 131 ginge
1307 2890 225 131 väl
1435 2890 193 131 om
1531 2890 193 131 de
1628 2890 353 131 sålunda
1884 2890 449 131 fortsatte,
2205 2890 161 131 men

491 3000 230 124 att
623 3000 197 124 då
721 3000 197 124 de
820 3000 427 124 försäkrat
1148 3000 296 124 honom
1345 3000 230 124 att
1477 3000 230 124 det
1608 3000 263 124 icke
1773 3000 263 124 vore
1937 3000 394 124 farligt,
2200 3000 164 124 han

499 3090 248 134 dock
654 3090 403 134 slutligen
964 3090 248 134 köpt
1119 3090 341 134 fläsket
1367 3090 279 134 efter
1553 3090 186 134 15
1646 3090 217 134 öre
1770 3090 217 134 för
1894 3090 186 134 ℔;
1987 3090 217 134 att
2111 3090 186 134 då
2173 3090 217 134 Johan

489 3205 329 117 Alfred
719 3205 329 117 Olsson
950 3205 296 117 dagen
1147 3205 296 117 derpå
1345 3205 329 117 frågat
1575 3205 461 117 Andersson,
1937 3205 197 117 om
2036 3205 230 117 han
2135 3205 263 117 visste

509 3307 318 133 någon
721 3307 318 133 annan
933 3307 389 133 person,
1216 3307 247 133 som
1357 3307 318 133 ville
1569 3307 283 133 köpa
1746 3307 318 133 fläsk
1958 3307 212 133 af
2064 3307 283 133 dem,
2205 3307 177 133 An¬-

501 3409 384 142 dersson
780 3409 418 142 hänvisat
1094 3409 244 142 dem
1233 3409 279 142 till
1408 3409 244 142 ett
1547 3409 488 142 fruntimmer
1931 3409 244 142 vid
2070 3409 279 142 namn
2210 3409 174 142 Ida

504 3519 446 142 Sandström,
854 3519 318 142 boende
1077 3519 191 142 på
1173 3519 477 142 Lindholmen;
1554 3519 223 142 att
1682 3519 223 142 den
1809 3519 191 142 11
1905 3519 191 142 ds
2000 3519 223 142 kl.
2096 3519 286 142 omkring

491 3663 198 106 10
590 3663 198 106 på
689 3663 330 106 afton,
920 3663 198 106 då
1019 3663 528 106 handelsboden
1448 3663 297 106 redan
1647 3663 231 106 var
1779 3663 363 106 stängd,
2010 3663 396 106 förutnämn¬

2689 227 209 94 de
2794 227 418 94 personer
3108 227 349 94 kommit
3352 227 244 94 dit
3491 227 244 94 och
3631 227 384 94 knackat
3910 227 209 94 på
4014 227 384 94 dörren,
4293 227 244 94 som
4398 227 174 94 An¬-

2680 337 397 92 dersson
2969 337 361 92 öppnat
3221 337 216 92 då
3329 337 216 92 de
3438 337 433 92 inkommit
3762 337 253 92 med
3907 337 397 92 omkring
4195 337 180 92 6
4267 337 216 92 L℔
4339 337 253 92 Fläsk

2683 447 229 93 som
2814 447 197 93 de
2913 447 295 93 ville
3109 447 328 93 sälja:
3338 447 229 93 att
3469 447 426 93 Andersson
3797 447 295 93 äfven
3993 447 262 93 köpt
4157 447 295 93 detta
4321 447 229 93 fläsk

2686 553 271 109 efter
2866 553 180 109 15
2957 553 210 109 öre
3077 553 210 109 för
3197 553 180 109 ℔,
3287 553 210 109 men
3408 553 210 109 med
3528 553 210 109 det
3648 553 421 109 förbehåll,
3979 553 210 109 att
4099 553 210 109 han
4219 553 241 109 icke
4340 553 210 109 ville

2674 661 271 128 köpa
2843 661 305 128 något
3047 661 271 128 mera
3216 661 305 128 fläsk
3419 661 203 128 af
3520 661 271 128 dem;
3690 661 237 128 att
3825 661 305 128 Johan
4028 661 339 128 Alfred
4231 661 305 128 Olsson,

2678 768 450 143 Ljungqvist
3031 768 225 143 och
3160 768 257 143 Carl
3321 768 289 143 Oskar
3514 768 321 143 Olsson
3738 768 450 143 Thorsdagen
4092 768 225 143 den
4221 768 193 143 19
4285 768 257 143 dennes

2689 874 366 137 omkring
2955 874 200 137 kl
3055 874 233 137 1/2
3188 874 200 137 11
3288 874 200 137 på
3388 874 366 137 aftonen
3654 874 399 137 inkommit
3954 874 166 137 i
4020 874 266 137 hans
4187 874 366 137 salubod
4420 874 166 137 med

2679 987 201 142 en
2779 987 301 142 säck,
2980 987 535 142 innehållande
3415 987 201 142 13
3515 987 201 142 L℔
3615 987 468 142 hvetemjöl,
3983 987 234 142 som
4117 987 201 142 de
4184 987 368 142 uppgifvit

2669 1089 205 152 att
2786 1089 176 152 de
2874 1089 322 152 hittat;
3108 1089 205 152 att
3225 1089 381 152 Andersson
3518 1089 234 152 köpt
3665 1089 293 152 mjölet
3870 1089 205 152 för
3987 1089 176 152 24
4075 1089 205 152 Kr.
4192 1089 176 152 70
4280 1089 234 152 öre,
4397 1089 205 152 hvar¬-

2666 1209 206 146 af
2769 1209 241 146 han
2906 1209 344 146 betalt
3147 1209 241 146 dem
3284 1209 206 146 11
3387 1209 344 146 Kronor
3628 1209 206 146 70
3731 1209 241 146 öre
3868 1209 241 146 och
4006 1209 481 146 afskrifvit
4349 1209 241 146 åter¬-

2678 1319 321 144 stoden
2902 1319 160 144 å
2967 1319 353 144 belopp,
3223 1319 224 144 som
3351 1319 192 144 de
3448 1319 289 144 varit
3640 1319 385 144 skyldige
3929 1319 321 144 honom;
4153 1319 224 144 att
4281 1319 224 144 han
4378 1319 160 144 ge¬-

2666 1443 258 124 nast
2827 1443 323 124 uttömt
3053 1443 323 124 mjölet
3279 1443 161 124 i
3344 1443 194 124 en
3440 1443 258 124 lår,
3602 1443 226 124 men
3731 1443 290 124 dagen
3924 1443 290 124 derpå
4118 1443 258 124 åter
4280 1443 258 124 lagt
4409 1443 161 124 det

2656 1545 381 146 tillbaka
2942 1545 159 146 i
3006 1545 349 146 säcken:
3260 1545 222 146 att
3387 1545 413 146 Andersson
3704 1545 254 146 köpt
3863 1545 318 146 mjölet
4085 1545 222 146 för
4212 1545 191 146 24
4276 1545 254 146 Kronor

2660 1657 205 150 70
2762 1657 239 150 öre
2899 1657 239 150 han
3035 1657 205 150 af
3137 1657 239 150 det
3274 1657 375 150 sålunda
3547 1657 307 150 köpta
3751 1657 512 150 hvetemjölet
4161 1657 239 150 och
4263 1657 307 150 fläsket

2676 1773 271 132 icke
2845 1773 271 132 sålt
3015 1773 237 132 mer
3150 1773 203 132 än
3252 1773 372 132 omkring
3522 1773 203 132 25
3624 1773 169 132 ℔
3692 1773 339 132 fläsk,
3929 1773 339 132 hvadan
4166 1773 237 132 det
4267 1773 271 132 öfriga

2683 1887 267 134 vore
2850 1887 167 134 i
2916 1887 334 134 behåll
3150 1887 234 134 och
3283 1887 200 134 af
3384 1887 534 134 konstaplarna
3818 1887 234 134 hos
3951 1887 300 134 honom
4118 1887 434 134 återfunnits

2670 2001 270 136 samt
2839 2001 236 136 att
2974 2001 270 136 han;
3143 2001 236 136 som
3278 2001 236 136 väl
3413 2001 338 136 insett
3650 2001 236 136 att
3785 2001 270 136 hvad
3954 2001 236 136 han
4089 2001 372 136 sålunda
4325 2001 203 136 köpt

2668 2115 257 134 vore
2829 2115 354 134 stulet,
3086 2115 257 134 haft
3247 2115 225 134 för
3376 2115 322 134 afsigt
3601 2115 290 134 förut
3794 2115 322 134 anmäla
4019 2115 322 134 saken,
4245 2115 225 134 men
4341 2115 161 134 att

2658 2239 222 122 han
2785 2239 286 122 velat
2976 2239 286 122 dröja
3166 2239 317 122 dermed
3388 2239 254 122 till
3547 2239 254 122 dess
3705 2239 222 122 han
3832 2239 286 122 kunde
4023 2239 349 122 erhålla
4245 2239 317 122 vittnen,

2660 2347 224 132 som
2788 2347 288 132 åsett
2980 2347 639 132 försäljningarne,
3523 2347 352 132 hvilket
3779 2347 256 132 dock
3939 2347 192 132 ej
4035 2347 352 132 lyckats
4258 2347 256 132 honom,

2650 2463 253 132 enär
2808 2463 190 132 de
2903 2463 316 132 alltid
3124 2463 316 132 kommit
3345 2463 221 132 med
3472 2463 284 132 varor
3661 2463 253 132 till
3819 2463 284 132 honom
4009 2463 221 132 vid
4103 2463 411 132 tillfällen,

2646 2585 218 120 då
2755 2585 327 120 ingen
2973 2585 473 120 främmande
3337 2585 364 120 person
3591 2585 327 120 varit
3809 2585 182 120 i
3846 2585 436 120 saluboden.

2761 2711 248 110 Med
2902 2711 460 110 anledning
3256 2711 318 110 häraf
3468 2711 318 110 hafva
3680 2711 849 110 detektivkonstaplarne
4387 2711 177 110 An¬-

2657 2832 390 94 dren
2901 2832 341 94 och
3096 2832 585 94 Rönnbäck
3535 2832 585 94 måndagen
3973 2832 341 94 den
4168 2832 292 94 23
4266 2832 292 94 den¬-

2670 2929 292 99 nes
2837 2929 501 99 anhållit
3213 2929 292 99 för
3380 2929 418 99 första
3673 2929 376 99 resan
3924 2929 376 99 stöld
4132 2929 460 99 straffade

2671 3049 823 80 stufveriarbetarne
3377 3049 353 80 Johan
3612 3049 392 80 Alfred
3886 3049 392 80 Olsson
4161 3049 274 80 och
4278 3049 314 80 Edvard

2681 3147 500 89 Amandus
3044 3147 636 89 Ljungqvist
3543 3147 363 89 samt
3771 3147 727 89 arbetskarlen
4316 3147 272 89 Carl

2677 3245 385 85 Oskar
2934 3245 470 85 Olsson,
3276 3245 641 85 allesammans
3789 3245 427 85 boende
4088 3245 214 85 i
4131 3245 427 85 Handlan¬-

2663 3339 344 89 den
2860 3339 295 89 J.
3007 3339 295 89 B.
3155 3339 639 89 Johansson
3647 3339 344 89 hus
3843 3339 246 89 å
3893 3339 639 89 Johannebäck

2661 3435 282 98 på
2802 3435 611 98 Hisingen,
3272 3435 470 98 hvilka
3601 3435 329 98 vid
3788 3435 329 98 det
3976 3435 329 98 med
4164 3435 329 98 dem
4305 3435 235 98 an¬-

2674 3529 459 82 ställde
3008 3529 418 82 förhör
3259 3529 501 82 uppgifvit:

2764 3637 358 116 Johan
3003 3637 397 116 Alfred
3281 3637 437 116 Olsson,
3599 3637 278 116 att
3757 3637 318 116 han,
3956 3637 556 116 Ljungqvist
4353 3637 199 116 och
