5017 4067
572 157 356 204 Såsom
810 157 515 204 misstänkt
1206 157 277 204 för
1365 157 356 204 detta
1602 157 515 204 tillgrepp
1998 157 277 204 har
2117 157 317 204 Polis¬-

474 300 641 192 konstapeln
978 300 275 192 45
1115 300 595 192 Jakobsson
1574 300 550 192 Onsdagen
1986 300 321 192 den
2169 300 275 192 29
2261 300 137 192 i

476 429 390 171 denna
736 429 390 171 månad
996 429 520 171 anhållit
1385 429 520 171 Gossarne
1775 429 433 171 Anders
2035 429 390 171 Wilhelm

481 556 466 168 Bergelin
831 556 311 168 född
1025 556 272 168 den
1181 556 233 168 15
1297 556 311 168 Juli
1491 556 311 168 1869
1686 556 272 168 och
1841 556 272 168 son
1996 556 233 168 af
2074 556 311 168 Skoma¬-

454 673 713 189 keriarbetaren
1041 673 377 189 Peter
1293 673 545 189 Bergelin,
1712 673 419 189 boende
2006 673 252 189 No
2131 673 210 189 9
2173 673 210 189 vid

479 798 845 195 Pusterviksgatan
1190 798 445 195 Gustaf
1501 798 400 195 Adolf
1768 798 578 195 Blomqvist
2168 798 267 195 född

471 919 299 204 den
642 919 256 204 16
770 919 512 204 December
1155 919 342 204 1871
1368 919 299 204 och
1539 919 299 204 son
1710 919 256 204 af
1795 919 598 204 Kakelungsma¬-

463 1057 723 195 keriarbetaren
1059 1057 383 195 Johan
1315 1057 340 195 Axel
1527 1057 553 195 Blomqvist
1953 1057 213 195 i
1995 1057 426 195 sistnäm¬-

468 1187 245 186 de
591 1187 285 186 hus
754 1187 285 186 och
917 1187 326 186 Bror
1121 1187 489 186 Gottfrid
1488 1187 489 186 Grönvall
1855 1187 326 186 född
2059 1187 285 186 den
2181 1187 204 186 23.

446 1305 329 169 Juli
652 1305 329 169 1870
857 1305 288 169 och
1022 1305 288 169 son
1187 1305 247 169 af
1310 1305 494 169 Kaptenen
1680 1305 247 169 J.
1804 1305 247 169 P.
1927 1305 494 169 Grönvall
2257 1305 123 169 i

461 1419 414 203 huset
737 1419 276 203 No
875 1419 276 203 12
1014 1419 322 203 vid
1198 1419 829 203 Masthuggsvägen
1888 1419 460 203 hvilka
2165 1419 230 203 vid

463 1537 337 208 det
656 1537 337 208 med
848 1537 337 208 dem
1041 1537 578 208 anstälda
1475 1537 482 208 förhör
1764 1537 626 208 sammanstäm¬-

470 1744 403 141 mande
739 1744 493 141 vidgått
1097 1744 314 141 att
1276 1744 269 141 då
1411 1744 269 141 de
1545 1744 537 141 Onsdagen
1948 1744 314 141 den
2127 1744 269 141 22
2217 1744 179 141 ds

475 1814 246 196 på
598 1814 328 196 e.m.
803 1814 574 196 uppehållit
1254 1814 287 196 sig
1418 1814 205 196 å
1499 1814 656 196 Kungstorget,
1991 1814 410 196 Bergelin

475 1935 430 190 ingått
776 1935 430 190 ingått
1078 1935 215 190 i
1164 1935 603 190 Malmströms
1637 1935 474 190 ostvagn
1982 1935 301 190 der
2111 1935 301 190 ingen

479 2065 223 198 då
590 2065 743 198 tillstädesvarit;
1222 2065 260 198 att
1370 2065 260 198 han
1519 2065 334 198 efter
1742 2065 223 198 en
1853 2065 297 198 kort
2002 2065 260 198 stund

460 2259 520 129 utkommit
850 2259 303 129 och
1023 2259 390 129 visat
1283 2259 303 129 ett
1456 2259 650 129 silfvermynt
1976 2259 217 129 å
2062 2259 260 129 50
2149 2259 260 129 öre,

464 2316 334 220 som
655 2316 334 220 han
846 2316 382 220 sagt
1084 2316 334 220 sig
1275 2316 429 220 hafva
1561 2316 668 220 tillgripit
2086 2316 286 220 ur
2181 2316 191 220 en

459 2463 430 211 olåst
746 2463 430 211 låda,
1032 2463 621 211 hvarjemte
1510 2463 334 211 han
1701 2463 573 211 tillsagt
2083 2463 334 211 Blom¬-

425 2606 367 207 qvist
670 2606 285 207 att
833 2606 448 207 begifva
1158 2606 285 207 sig
1321 2606 244 207 in
1444 2606 204 207 i
1525 2606 407 207 vagnen
1810 2606 285 207 för
1973 2606 285 207 att
2095 2606 326 207 stjäla

434 2755 427 164 flera
718 2755 332 164 der
908 2755 616 164 forvarade
1382 2755 664 164 penningar;
1903 2755 332 164 att
2045 2755 332 164 Blom¬-

439 2847 408 193 qvist
711 2847 408 193 derpå
983 2847 363 193 gått
1209 2847 317 193 ini
1391 2847 453 193 vagnen
1708 2847 317 193 och
1889 2847 272 193 ur
1980 2847 317 193 lådan

440 2960 598 234 tillgripit
910 2960 256 234 36
1038 2960 470 234 Kronor,
1380 2960 555 234 bestående
1807 2960 256 234 åf
1935 2960 213 234 3
1977 2960 342 234 sedlar

430 3144 201 156 å
510 3144 241 156 10
631 3144 401 156 kronor
912 3144 482 156 hvardera
1273 3144 281 156 och
1434 3144 201 156 6
1514 3144 401 156 kronor
1795 3144 201 156 i
1835 3144 562 156 silfvermynt,

429 3230 440 194 hvilka
737 3230 573 194 penningar
1178 3230 264 194 de
1310 3230 352 194 lika
1530 3230 308 194 sig
1706 3230 485 194 emellan
2015 3230 352 194 förde¬-

428 3347 377 199 lat,
663 3347 377 199 samt
899 3347 330 199 att
1088 3347 283 199 de
1229 3347 518 199 användt
1606 3347 707 199 penningarne
2124 3347 283 199 till

442 3474 416 221 inköp
719 3474 278 221 af
858 3474 555 221 bakelser
1274 3474 324 221 och
1413 3474 555 221 Karameller

451 3599 316 230 På
609 3599 475 230 grund
926 3599 316 230 af
1084 3599 422 230 hvad
1348 3599 580 230 sålunda
1717 3599 633 230 förekommit

2621 169 304 193 är
2773 169 558 193 Anderss
3179 169 558 193 Wilhelm
3584 169 659 193 Bergelin,
4041 169 405 193 Gustaf

2637 313 399 195 Adolf
2903 313 576 195 Blomqvist
3346 313 310 195 och
3523 313 355 195 Bror
3745 313 532 195 Gottfrid
4100 313 443 195 Grönvall

2629 451 379 180 jemte
2881 451 379 180 deras
3134 451 547 180 föräldrar
3555 451 463 180 kallade
3892 451 337 180 till
4060 451 463 180 Poliskam¬-

2632 583 452 162 maren
2933 583 452 162 denna
3185 583 302 162 dag.

3326 597 461 253 Göteborg
3671 597 269 253 den
3825 597 230 253 30
3940 597 499 253 September
4285 597 269 253 1880.

4557 747 262 157 No
4645 747 262 157 212.

4487 894 419 112 August

4497 973 414 171 Gustafsson

2734 759 308 218 På
2888 759 565 218 anmalan
3299 759 308 218 af
3453 759 822 218 Arbetskarlen
4070 759 411 218 Gustaf

2650 907 396 136 Emil
2898 907 644 136 Andersson
3394 907 545 136 Krantz,
3790 907 495 136 boende
4137 907 248 136 å
4186 907 347 136 Burås

2631 1036 217 191 i
2717 1036 869 191 Galjkrogsbergen,
3456 1036 304 191 har
3630 1036 695 191 Arbetskarlen
4151 1036 348 191 August

2615 1158 613 184 Gustafsson
3097 1158 350 184 från
3316 1158 438 184 gården
3623 1158 394 184 Rised
3886 1158 219 184 i
3929 1158 526 184 Stärrkarrs

2632 1278 429 191 socken
2932 1278 257 191 af
3061 1278 343 191 Ahle
3275 1278 386 191 härad
3532 1278 514 191 Tisdagen
3918 1278 300 191 den
4089 1278 257 191 28
4175 1278 343 191 dennes

2625 1436 486 101 blifvit
2979 1436 531 101 anhållen
3376 1436 398 101 såsom
3642 1436 575 101 misstänkt
4084 1436 310 101 att
4217 1436 310 101 samma

2611 1519 311 193 dag
2788 1519 222 193 å
2877 1519 400 193 något
3143 1519 311 193 vid
3321 1519 400 193 Lilla
3588 1519 444 193 Bommen
3898 1519 533 193 liggande
4254 1519 266 193 ång¬-

2589 1619 417 251 fartyg
2881 1619 376 251 hafva
3132 1619 584 251 tillgripit
3591 1619 250 251 en
3716 1619 334 251 korg
3925 1619 292 251 med
4092 1619 334 251 deri
4259 1619 250 251 för¬-

2616 1770 428 207 varade
2916 1770 342 207 gods
3130 1770 513 207 nemligen
3515 1770 257 207 en
3643 1770 342 207 brun
3857 1770 556 207 yllesjal,
4285 1770 214 207 5
4328 1770 128 207 ℔

2615 1918 357 146 brunt
2853 1918 555 146 Kaksocker,
3290 1918 198 146 3
3369 1918 198 146 ℔
3448 1918 357 146 hvitt
3687 1918 436 146 socker,
4004 1918 198 146 7
4083 1918 278 146 fot
4202 1918 278 146 grått

2621 2034 544 208 krafttyg,
3039 2034 251 208 en
3165 2034 376 208 svart
3416 2034 293 208 och
3583 2034 627 208 hvitblommig
4043 2034 502 208 bomulsduk,

2636 2154 196 231 1
2714 2154 274 231 fot
2871 2154 392 231 randig
3145 2154 509 231 domestik,
3537 2154 235 231 en
3654 2154 353 231 bleck
3889 2154 313 231 sil,
4085 2154 235 231 en
4203 2154 274 231 1/2
4320 2154 196 231 bu¬-

2630 2277 336 226 telj
2840 2277 294 226 med
3008 2277 504 226 linolja,
3386 2277 252 226 en
3512 2277 588 226 tombutelj,
3974 2277 252 226 en
4058 2277 462 226 spillkum,

2643 2387 427 207 något
2927 2387 569 207 smabröd,
3354 2387 284 207 en
3496 2387 427 207 strut
3780 2387 332 207 med
3923 2387 616 207 kryddpepper

2646 2533 307 204 och
2822 2533 307 204 ett
2997 2533 439 204 knyte,
3305 2533 702 204 innehållande
3875 2533 220 204 2
3963 2533 220 204 ℔
4051 2533 439 204 bomull
4314 2533 220 204 nå¬-

2605 2690 294 163 got
2773 2690 462 163 småbröd
3109 2690 294 163 och
3277 2690 294 163 ett
3445 2690 294 163 par
3612 2690 294 163 grå
3780 2690 294 163 och
3906 2690 630 163 svartrandiga¬-

2554 2872 348 160 byxor.

2605 2898 319 197 Vid
2788 2898 319 197 det
2970 2898 319 197 med
3153 2898 639 197 Gustafsson
3655 2898 228 197 i
3746 2898 593 197 anledning
4157 2898 319 197 häraf

2605 3022 588 241 anställda
3057 3022 453 241 förhör
3374 3022 317 241 har
3555 3022 317 241 han
3736 3022 498 241 vidgått
4098 3022 317 241 att
4234 3022 226 241 han

2600 3175 550 205 Tisdagen
3013 3175 321 205 den
3196 3175 275 205 28
3334 3175 459 205 dennes
3655 3175 275 205 pa
3792 3175 504 205 aftonen
4113 3175 413 205 olofli¬-

2588 3284 278 246 gen
2747 3284 555 246 tillgripit
3183 3284 357 246 först
3421 3284 397 246 ombord
3699 3284 198 246 å
3778 3284 595 246 ångfartyget
4214 3284 278 246 Lilla

2571 3414 358 240 Edet
2795 3414 537 240 liggande
3197 3414 313 240 vid
3376 3414 402 240 lilla
3645 3414 447 240 Bommen
3958 3414 313 240 det
4137 3414 268 240 af
4226 3414 313 240 honom

2600 3545 665 212 innehafvda
3123 3545 428 212 knyte
3408 3545 333 212 med
3598 3545 523 212 bommull
3979 3545 333 212 och
4121 3545 428 212 småbrod

2612 3682 229 221 i
2704 3682 504 221 hvilket
3070 3682 412 221 knyte
3345 3682 321 221 han
3529 3682 458 221 inlagt
3849 3682 321 221 ett
4033 3682 321 221 par
4170 3682 321 221 honom
