5066 4056
487 187 396 134 Onsdagen
784 187 231 134 den
916 187 198 134 14
1014 187 330 134 dennes
1245 187 396 134 anhållit
1542 187 330 134 nämnde
1773 187 330 134 Anders
1970 187 396 134 Johansson,

485 307 384 130 hvilken
765 307 245 130 vid
904 307 245 130 det
1044 307 245 130 med
1184 307 314 130 honom
1394 307 175 130 i
1463 307 454 130 anledning
1813 307 314 130 häraf
1988 307 384 130 anställde

491 413 333 144 förhör
724 413 466 144 uppgifvit,
1090 413 233 144 att
1223 413 233 144 han
1357 413 400 144 Lördagen
1657 413 233 144 den
1790 413 200 144 10
1890 413 200 144 ds
1990 413 200 144 på
2056 413 300 144 aftonen

486 535 582 126 sammanträffat
965 535 240 126 med
1102 535 377 126 Kramer,
1376 535 206 126 då
1479 535 240 126 de,
1616 535 240 126 som
1753 535 206 126 ej
1856 535 274 126 haft
2027 535 308 126 något
2198 535 206 126 till

495 643 261 130 sitt
659 643 457 130 uppehälle,
1018 643 588 130 öfverenskommit
1508 643 229 130 att
1639 643 425 130 tillgripa
1965 643 327 130 hafre,
2161 643 229 130 hvar¬-

488 759 289 128 efter
681 759 193 128 de
777 759 385 128 begifvit
1066 759 225 128 sig
1194 759 257 128 till
1355 759 193 128 en
1451 759 161 128 i
1515 759 674 128 Pustervikskanalen
2061 759 289 128 förtöjd

492 873 307 122 pråm,
697 873 239 122 der
833 873 205 122 de
936 873 273 122 båda
1107 873 273 122 gått
1277 873 239 122 ner
1414 873 171 122 i
1482 873 341 122 pråmen
1721 873 239 122 och
1858 873 239 122 öst
1994 873 307 122 hafre
2199 873 171 122 i
2233 873 137 122 en

485 987 212 124 af
591 987 354 124 Kramer
839 987 390 124 medhafd
1122 987 319 124 säck;
1334 987 248 124 att
1476 987 354 124 Kramer
1724 987 319 124 tagit
1936 987 354 124 säcken
2149 987 177 124 och

509 1099 277 122 burit
694 1099 216 122 den
817 1099 277 122 tills
1002 1099 154 122 i
1063 1099 369 122 närheten
1340 1099 185 122 af
1433 1099 585 122 Stigbergsliden,
1925 1099 216 122 der
2049 1099 216 122 han
2141 1099 277 122 blifvit

482 1215 389 120 anhållen
773 1215 194 120 af
870 1215 194 120 en
968 1215 616 120 Poliskonstapel;
1486 1215 259 120 samt
1648 1215 227 120 att
1778 1215 421 120 Johansson
2102 1215 194 120 då
2167 1215 259 120 sprun¬-

492 1343 254 102 git
637 1343 254 102 sin
746 1343 218 102 väg.

601 1411 209 130 På
706 1411 314 130 grund
915 1411 209 130 af
1019 1411 279 130 hvad
1193 1411 383 130 sålunda
1472 1411 523 130 förekommit,
1890 1411 209 130 är
1995 1411 348 130 Anders
2204 1411 174 130 Jo¬-

487 1533 361 120 hansson
750 1533 328 120 kallad
979 1533 262 120 till
1143 1533 492 120 inställelse
1537 1533 295 120 inför
1734 1533 230 120 PKn
1865 1533 295 120 denna
2029 1533 197 120 dag.

968 1651 390 64 Göteborg
1261 1651 228 64 den
1391 1651 195 64 15
1489 1651 293 64 April
1651 1651 228 64 1880.

137 1723 212 91 No
207 1723 177 91 85.

64 1876 208 58 Anna
194 1876 234 58 Kajsa
324 1876 130 58 An¬-

47 1953 285 61 dersson.

561 1715 524 105 Arbetskarlen
987 1715 328 105 Edvard
1216 1715 459 105 Berndtsson
1577 1715 328 105 boende
1806 1715 164 105 i
1871 1715 295 105 huset
2068 1715 197 105 No
2166 1715 197 105 13
2232 1715 197 105 Litt

514 1829 150 118 R
574 1829 210 118 vid
694 1829 601 118 Bagaregårdsliden
1205 1829 210 118 har
1326 1829 361 118 tisdagen
1596 1829 210 118 den
1717 1829 180 118 13
1807 1829 301 118 dennes
2017 1829 331 118 anmält,
2228 1829 150 118 att

495 1941 353 122 Lördagen
759 1941 206 122 den
877 1941 176 122 10
965 1941 294 122 dennes
1171 1941 176 122 på
1259 1941 353 122 aftonen,
1523 1941 265 122 under
1700 1941 206 122 det
1817 1941 206 122 han
1935 1941 147 122 i
1994 1941 353 122 sällskap
2229 1941 147 122 med

503 2051 465 136 Arbetskarlen
881 2051 261 136 Johan
1055 2051 378 136 Carlsson,
1345 2051 290 136 boende
1549 2051 145 136 i
1607 2051 261 136 huset
1781 2051 174 136 No
1868 2051 203 136 101
1984 2051 145 136 i
2042 2051 320 136 stadens
2246 2051 174 136 12te

500 2179 266 124 rote,
678 2179 384 124 innevarit
973 2179 207 124 hos
1092 2179 503 124 prostituerade
1506 2179 503 124 qvinspersonen
1919 2179 177 124 No
2008 2179 177 124 23
2097 2179 237 124 Anna
2215 2179 207 124 Kajsa

488 2287 368 122 Andersson
771 2287 142 122 i
828 2287 255 122 huset
998 2287 170 122 No
1083 2287 170 122 24
1168 2287 198 122 vid
1281 2287 538 122 Landsvägsgatan,
1734 2287 227 122 från
1876 2287 255 122 honom
2018 2287 368 122 tillgripits

497 2393 183 126 en
589 2393 458 126 portmonnaie
955 2393 183 126 af
1047 2393 244 126 gult
1200 2393 275 126 skinn
1383 2393 214 126 med
1505 2393 488 126 messingslås,
1902 2393 488 126 innehållande
2268 2393 122 126 40

482 2502 309 123 Kronor,
706 2502 365 123 bestående
987 2502 168 123 af
1071 2502 196 123 tre
1183 2502 281 123 Sedlar
1380 2502 140 123 å
1436 2502 168 123 10
1520 2502 281 123 Kronor
1717 2502 196 123 och
1829 2502 196 123 två
1941 2502 281 123 sedlar
2137 2502 140 123 å
2194 2502 140 123 5
2222 2502 168 123 Kro¬-

476 2604 212 129 nor
597 2604 394 129 hvardera,
900 2604 212 129 för
1021 2604 334 129 hvilket
1264 2604 394 129 tillgrepp
1567 2604 212 129 han
1689 2604 425 129 misstänkte
2022 2604 303 129 nämnde
2204 2604 182 129 Anna

487 2732 277 101 Kajsa
672 2732 492 101 Andersdotter
1041 2732 369 101 Andersson.

624 2767 160 157 I
688 2767 415 157 anledning
1007 2767 287 157 häraf
1199 2767 223 157 har
1326 2767 255 157 Anna
1486 2767 287 157 Kajsa
1678 2767 415 157 Andersson
1997 2767 351 157 blifvit
2220 2767 192 157 hörd

480 2874 196 159 och
592 2874 280 159 dervid
788 2874 392 159 uppgifvit,
1097 2874 196 159 att
1209 2874 392 159 Berndtsson
1517 2874 196 159 den
1629 2874 168 159 10
1713 2874 168 159 ds
1797 2874 168 159 kl
1881 2874 308 159 omkring
2106 2874 168 159 11
2190 2874 168 159 på
2246 2874 140 159 af¬-

490 2983 269 157 tonen
669 2983 149 157 i
729 2983 358 157 sällskap
998 2983 209 157 med
1117 2983 448 157 ofvannämnde
1476 2983 269 157 Johan
1655 2983 358 157 Carlsson
1924 2983 358 157 inkommit
2193 2983 149 157 i
2223 2983 179 157 hen¬-

497 3085 190 155 nes
605 3085 299 155 bostad,
823 3085 190 155 der
931 3085 163 155 de
1013 3085 407 155 qvarstannat
1339 3085 217 155 till
1475 3085 190 155 kl.
1583 3085 136 155 3
1638 3085 244 155 eller
1800 3085 136 155 4
1855 3085 163 155 på
1936 3085 353 155 morgonen;
2208 3085 190 155 att
2289 3085 109 155 de

483 3192 247 146 under
647 3192 247 146 tiden
811 3192 301 146 intagit
1030 3192 383 146 förtäring,
1332 3192 274 146 hvaraf
1523 3192 383 146 Berndtsson
1825 3192 301 146 blifvit
2044 3192 247 146 något
2181 3192 219 146 rusig,

491 3298 171 139 så
577 3298 200 139 att
691 3298 200 139 han
806 3298 171 139 en
891 3298 257 139 stund
1063 3298 371 139 insomnat;
1349 3298 200 139 att
1463 3298 229 139 hon,
1606 3298 343 139 Carlsson
1863 3298 200 139 och
1977 3298 286 139 ogifta
2149 3298 257 139 Johanna

486 3402 256 121 Fast
646 3402 288 121 under
838 3402 256 121 hela
999 3402 288 121 tiden
1191 3402 416 121 innevarit
1511 3402 160 121 i
1575 3402 288 121 samma
1767 3402 256 121 rum,
1927 3402 224 121 der
2024 3402 384 121 Berndtsson

473 3513 279 120 legat
659 3513 248 120 samt
814 3513 217 120 att
937 3513 217 120 hon
1061 3513 186 120 ej
1154 3513 248 120 sett
1309 3513 433 120 Berndtsson
1649 3513 402 120 innehafva
1959 3513 279 120 några
2113 3513 279 120 pennin¬-

477 3611 229 108 gar
608 3611 295 108 eller
805 3611 262 108 eger
968 3611 295 108 någon
1165 3611 393 108 kännedom
1459 3611 196 108 om
1557 3611 491 108 ifrågakomne
1917 3611 393 108 tillgrepp.

614 3711 191 116 På
710 3711 287 116 grund
901 3711 191 116 af
996 3711 255 116 hvad
1156 3711 350 116 sålunda
1410 3711 478 116 förekommit,
1793 3711 319 116 kommer
2016 3711 255 116 Anna
2143 3711 223 116 Kajsa

2684 236 421 85 Andersson
3007 236 227 85 att
3137 236 291 85 denna
3331 236 227 85 dag
3461 236 227 85 för
3590 236 227 85 PKn
3687 236 389 85 inställas.

3002 347 400 68 Göteborg
3302 347 234 68 den
3435 347 200 68 15
3536 347 300 68 April
3702 347 234 68 1880.

4593 440 234 79 No
4671 440 195 79 86.

4550 574 263 62 Anders
4707 574 237 62 Jonsson

4559 657 331 74 Lindqvist
4813 657 127 74 m
4839 657 127 74 fl.

2747 427 548 115 Poliskonstapeln
3208 427 173 115 No
3295 427 173 115 76
3381 427 403 115 Vestergren
3698 427 202 115 har
3814 427 403 115 Thorsdagen
4131 427 202 115 den
4246 427 173 115 15
4332 427 173 115 ds
4390 427 144 115 kl.

2662 536 211 121 1/2
2782 536 150 121 3
2842 536 241 121 e.m.
2993 536 150 121 å
3053 536 632 121 Pusterviksplatsen
3595 536 361 121 anhållit
3866 536 211 121 för
3986 536 361 121 snatteri
4257 536 271 121 dömde
4408 536 120 121 fe

2654 654 641 113 Kronoarbetskarlen
3203 654 305 113 Anders
3416 654 427 113 Lindqvist,
3752 654 488 113 Arbetskarlen
4148 654 305 113 August
4331 654 183 113 Lind

2669 760 242 117 qvist
2831 760 323 117 Nilsson,
3073 760 215 117 båda
3207 760 269 117 boende
3396 760 135 117 i
3450 760 242 117 huset
3611 760 161 117 No
3692 760 161 117 16
3773 760 135 117 i
3826 760 296 117 stadens
4042 760 215 117 13de
4176 760 215 117 rote
4311 760 188 117 och
4392 760 188 117 förre

2666 856 639 131 Kronoarbetskarlen
3213 856 365 131 Bernhard
3487 856 426 131 Andersson,
3822 856 304 131 boende
4035 856 152 131 i
4096 856 274 131 huset
4278 856 183 131 No
4369 856 152 131 6
4400 856 152 131 vid

2657 968 398 131 Änggatan,
2963 968 214 131 för
3086 968 214 131 det
3208 968 184 131 de
3300 968 367 131 innehaft
3575 968 184 131 en
3667 968 428 131 jerntacka,
4003 968 214 131 för
4126 968 336 131 åtkomst
4340 968 214 131 hvar¬-

2636 1108 254 112 till
2795 1108 190 112 de
2890 1108 254 112 icke
3049 1108 317 112 kunnat
3239 1108 349 112 redogöra.

2835 1206 205 102 Wid
2952 1206 205 102 det
3069 1206 205 102 med
3186 1206 410 102 Lindqvist,
3508 1206 322 102 Nilsson
3743 1206 205 102 och
3860 1206 381 102 Andersson
4153 1206 146 102 i
4182 1206 322 102 anledning

2632 1316 285 115 häraf
2822 1316 412 115 anställde
3139 1316 317 115 förhör
3360 1316 285 115 hafva
3550 1316 190 115 de
3614 1316 348 115 uppgifvit

2649 1404 185 131 1o
2742 1404 431 131 Lindqvist:
3080 1404 216 131 att
3203 1404 216 131 han
3327 1404 277 131 samma
3511 1404 216 131 dag
3634 1404 185 131 på
3727 1404 185 131 f.
3819 1404 246 131 midd
3973 1404 185 131 ur
4065 1404 308 131 elfven
4281 1404 246 131 midt
4404 1404 154 131 för

2654 1502 631 147 Magazinsqvarteret
3195 1502 361 147 upptagit
3466 1502 210 147 två
3586 1502 451 147 jerntackor,
3947 1502 271 147 deraf
4127 1502 210 147 han
4247 1502 241 147 till
4368 1502 210 147 Hand¬-

2639 1614 306 153 landen
2854 1614 184 153 A.
2946 1614 184 153 H.
3037 1614 429 153 Lundqvist,
3374 1614 214 153 som
3497 1614 214 153 har
3619 1614 276 153 butik
3803 1614 153 153 i
3864 1614 276 153 huset
4048 1614 184 153 No
4140 1614 184 153 22
4232 1614 214 153 vid
4324 1614 214 153 Maga¬-

2650 1718 396 151 sinsgatan
2954 1718 213 151 för
3076 1718 183 151 En
3168 1718 274 151 Krona
3351 1718 183 151 30
3442 1718 213 151 öre
3564 1718 335 151 försålt
3808 1718 213 151 den
3930 1718 213 151 ena
4052 1718 335 151 tackan,
4296 1718 244 151 samt
4418 1718 152 151 att

2651 1839 231 147 han
2783 1839 165 147 å
2849 1839 429 147 Wallgatan
3179 1839 561 147 sammanträffat
3641 1839 231 147 med
3773 1839 363 147 Nilsson
4037 1839 231 147 och
4136 1839 396 147 Andersson,

2644 1939 192 161 då
2740 1939 224 161 han
2868 1939 352 161 anmodat
3124 1939 416 161 Andersson
3443 1939 256 161 bära
3603 1939 224 161 den
3731 1939 288 161 andra
3923 1939 448 161 jerntackan
4274 1939 256 161 till
4402 1939 128 161 en

2642 2052 395 159 Handlande
2945 2052 212 159 vid
3067 2052 577 159 Landsvägsgatan,
3552 2052 243 159 till
3704 2052 334 159 hvilken
3947 2052 212 159 han
4068 2052 304 159 skulle
4250 2052 304 159 försälja

2602 2225 418 88 densamma.

2625 2269 186 146 2o
2718 2269 371 146 Nilsson:
2996 2269 216 146 att
3120 2269 216 146 han
3243 2269 216 146 som
3367 2269 247 146 från
3522 2269 433 146 Vallgatan,
3862 2269 216 146 der
3985 2269 216 146 han
4078 2269 464 146 sammanträffat

2631 2374 205 149 med
2748 2374 381 149 Lindqvist
3041 2374 205 149 och
3158 2374 410 149 Andersson,
3480 2374 147 149 i
3539 2374 352 149 sällskap
3803 2374 205 149 med
3920 2374 205 149 dem
4037 2374 234 149 gått
4184 2374 234 149 till
4301 2374 205 149 Haga,

2633 2494 231 138 icke
2778 2494 404 138 iakttagit,
3095 2494 202 138 att
3211 2494 173 138 de
3297 2494 231 138 haft
3442 2494 260 138 någon
3615 2494 375 138 jerntacka
3904 2494 289 138 förrän
4106 2494 173 138 de
4192 2494 318 138 blifvit
4395 2494 116 138 af

2618 2630 640 118 Poliskonstapeln
3124 2630 370 118 anhållne.

2619 2710 198 146 3o
2718 2710 461 146 Andersson:
3080 2710 231 146 att
3212 2710 231 146 han
3344 2710 165 146 å
3410 2710 428 146 Vallgatan
3739 2710 560 146 sammanträffat
4201 2710 231 146 med
4299 2710 231 146 Lind¬-

2630 2814 266 138 qvist
2808 2814 207 138 och
2926 2814 355 138 Nilsson,
3193 2814 178 138 då
3281 2814 385 138 Lindqvist
3577 2814 326 138 anmodat
3814 2814 266 138 honom
3992 2814 237 138 bära
4140 2814 178 138 en
4199 2814 355 138 jerntacka,

2631 2926 185 131 om
2724 2926 339 131 åtkomst
2970 2926 370 131 hvartill
3248 2926 401 131 Lindqvist
3556 2926 431 131 uppgifvit,
3895 2926 216 131 att
4018 2926 216 131 han
4141 2926 370 131 upptagit
4388 2926 154 131 den

2627 3086 246 66 från
2750 3086 370 66 sjöbotten.

2771 3122 557 108 Handerlsfirman
3235 3122 186 108 A.
3328 3122 340 108 Fröding
3576 3122 155 108 &
3638 3122 217 108 Co,
3761 3122 217 108 som
3885 3122 217 108 har
4009 3122 309 108 kontor
4226 3122 155 108 i
4287 3122 279 108 huset
4442 3122 124 108 No

2649 3218 176 121 13
2737 3218 206 121 vid
2854 3218 559 121 Drottninggatan,
3325 3218 206 121 har
3442 3218 294 121 anmält
3648 3218 206 121 sig
3766 3218 206 121 som
3883 3218 265 121 egare
4060 3218 235 121 till
4177 3218 353 121 ifrågakom¬-

2627 3330 186 110 ne
2720 3330 434 110 jerntackor
3061 3330 279 110 under
3247 3330 372 110 uppgift,
3526 3330 217 110 att
3650 3330 341 110 desamma
3898 3330 217 110 vid
4022 3330 279 110 något
4177 3330 341 110 tillfälle

2610 3428 266 120 sedan
2788 3428 207 120 den
2906 3428 178 120 13
2995 3428 296 120 dennes
3202 3428 444 120 tillgripits
3557 3428 178 120 ur
3646 3428 178 120 en
3735 3428 148 120 å
3794 3428 266 120 kajen
3972 3428 237 120 midt
4120 3428 207 120 för
4208 3428 326 120 jernvågen

2623 3546 315 102 upplagd
2852 3546 200 102 hög
2967 3546 200 102 med
3082 3546 286 102 dylika
3282 3546 401 102 jerntackor
3597 3546 200 102 och
3712 3546 229 102 vore
3855 3546 258 102 värde
4027 3546 172 102 11
4112 3546 286 102 Kronor
4313 3546 172 102 50
4370 3546 172 102 öre.

2789 3650 440 91 Handlanden
3134 3650 409 91 Lindqvist
3449 3650 220 91 har
3575 3650 252 91 till
3732 3650 314 91 firman
3952 3650 346 91 Fröding
4204 3650 157 91 &
4266 3650 189 91 Co
4329 3650 189 91 utan

2619 3754 277 87 lösen
2804 3754 431 87 återlemnat
3143 3754 216 87 den
3266 3754 185 87 af
3358 3754 400 87 Lindqvist
3666 3754 246 87 till
3820 3754 277 87 honom
4005 3754 369 87 försålda
4251 3754 277 87 tackan.
