5129 4069
137 145 283 72 No
231 145 189 72 45

154 233 285 75 Gustaf
325 233 200 75 Fors¬-

137 315 215 84 berg
272 315 188 84 och
352 315 162 84 Carl

113 394 239 87 Johan
246 394 266 87 Lilljen¬-

98 499 168 72 berg

618 182 400 99 Efter
884 182 488 99 anmälan
1239 182 266 99 af
1372 182 710 99 Arbetskarlen
1950 182 355 99 Lars
2127 182 311 99 Peter

560 298 787 109 Thorbjörnsson,
1216 298 437 109 boende
1522 298 219 109 i
1610 298 394 109 huset
1872 298 262 109 No
2004 298 219 109 9
2047 298 219 109 vid

509 419 910 116 Kapuniergatan,
1268 419 455 116 hafva
1520 419 910 116 Poliskonstaplar¬-

506 553 301 126 ne
656 553 301 126 No
807 553 251 126 4
907 553 601 126 Sundholm
1358 553 351 126 och
1558 553 301 126 No
1708 553 301 126 19
1809 553 601 126 Gustafsson

523 679 537 108 Fredagen
926 679 313 108 den
1105 679 268 108 27
1239 679 447 108 dennes
1552 679 313 108 kl.
1731 679 224 108 7
1820 679 358 108 e.m.
1999 679 447 108 anhållit

495 793 316 140 för
675 793 451 140 första
991 793 406 140 resan
1261 793 406 140 stöld
1532 793 586 140 straffade
1937 793 451 140 Stufveri

535 909 605 152 arbetaren
1001 909 466 152 Gustaf
1327 909 559 152 Forsberg
1746 909 466 152 boende
2072 909 233 152 i
2118 909 326 152 huset

512 1051 262 134 No
643 1051 306 134 138
818 1051 262 134 af
949 1051 262 134 Ms
1080 1051 350 134 1ste
1299 1051 393 134 rote,
1561 1051 306 134 och
1692 1051 612 134 Arbetskarlen

523 1158 361 137 Carl
748 1158 406 137 Johan
1019 1158 677 137 Lilljenberg
1560 1158 451 137 boende
1876 1158 226 137 i
1966 1158 406 137 huset
2192 1158 180 137 No

517 1282 267 123 16
651 1282 312 123 vid
829 1282 401 123 Stora
1096 1282 757 123 Landalagatan,
1720 1282 312 123 för
1898 1282 312 123 det
2076 1282 267 123 de
2165 1282 267 123 kort

498 1413 448 133 förut
797 1413 398 133 från
1046 1413 299 133 en
1195 1413 249 133 å
1295 1413 448 133 öppna
1593 1413 547 133 platsen
1942 1413 348 133 bakom

511 1537 702 127 Cellfängelset
1089 1537 454 127 upplagd
1419 1537 413 127 större
1708 1537 537 127 myckenhet
2080 1537 330 127 hafre¬-

514 1645 401 138 säckar
795 1645 561 138 tillgripit
1235 1645 281 138 och
1396 1645 200 138 å
1476 1645 241 138 en
1596 1645 241 138 af
1716 1645 281 138 dem
1877 1645 441 138 medförd
2157 1645 281 138 hand¬-

508 1773 398 146 kärra
773 1773 442 146 lastat
1082 1773 309 146 tre
1259 1773 442 146 säckar
1568 1773 398 146 hafre
1789 1773 575 146 tillsammans

514 1923 252 132 af
640 1923 462 132 omkring
976 1923 294 132 sex
1144 1923 504 132 Centners
1480 1923 294 132 vigt,

508 2013 305 172 Vid
683 2013 305 172 det
857 2013 305 172 med
1031 2013 522 172 Forsberg
1422 2013 305 172 och
1597 2013 653 172 Lilljenberg
2119 2013 218 172 i
2162 2013 218 172 an¬-

521 2135 425 180 ledning
830 2135 348 180 häraf
1062 2135 502 180 anställde
1448 2135 386 180 förhör
1719 2135 348 180 hafva
1951 2135 232 180 de
2028 2135 386 180 vidgått,

493 2263 330 184 att
681 2263 282 184 de
822 2263 330 184 som
1011 2263 706 184 ifrågakomne
1576 2263 330 184 dag
1764 2263 659 184 sällskapat
2235 2263 235 184 med

513 2393 537 170 hvrandra
916 2393 537 170 derunder
1319 2393 806 170 öfverenskommet
1946 2393 492 170 tillgripa

505 2528 427 162 hafre,
804 2528 299 162 att
975 2528 640 162 Lilljenberg
1487 2528 299 162 för
1658 2528 384 162 detta
1914 2528 470 162 ändamål
2213 2528 171 162 af

503 2632 883 164 Lumphandlanden
1239 2632 392 164 Carl
1484 2632 491 164 August
1778 2632 540 164 Andersson

506 2750 231 179 i
598 2750 415 179 huset
875 2750 277 179 No
1014 2750 231 179 1
1106 2750 323 179 vid
1290 2750 831 179 Landsvägsgatan
1983 2750 415 179 lånat
2213 2750 185 179 en

501 2873 600 183 handkärra,
973 2873 557 183 hvarefter
1402 2873 257 183 de
1530 2873 343 183 båda
1745 2873 515 183 begifvit
2088 2873 214 183 sig

504 2981 381 194 till
743 2981 286 194 en
885 2981 238 194 å
981 2981 429 194 öppna
1266 2981 524 194 platsen
1648 2981 429 194 bakom
1886 2981 476 194 Cellfän¬-

503 3114 446 195 gelset
816 3114 491 195 upplagd
1173 3114 446 195 större
1485 3114 312 195 hög
1664 3114 312 195 med
1798 3114 580 195 hafresäckar

526 3266 295 167 att
695 3266 253 167 de
821 3266 548 167 derstädes
1243 3266 591 167 tillgripit
1707 3266 295 167 tre
1876 3266 422 167 säckar
2129 3266 211 167 som

506 3391 265 162 de
638 3391 442 162 lastat
948 3391 221 162 å
1036 3391 663 162 handkärran;
1566 3391 354 162 samt
1787 3391 309 162 att
1964 3391 265 162 då
2097 3391 265 162 de
2185 3391 221 162 äm¬-

511 3515 287 166 nat
675 3515 410 166 forsla
962 3515 410 166 karran
1249 3515 492 166 derifrån
1618 3515 246 166 de
1741 3515 246 166 af
1864 3515 369 166 några
2069 3515 369 166 Arbets¬-

492 3639 400 174 karlar
772 3639 400 174 hvilka
1053 3639 320 174 haft
1253 3639 440 174 tillsyn
1573 3639 320 174 till
1733 3639 601 174 hafresäckarne

2738 159 487 123 blifvit
3092 159 797 123 uppmärksammade
3757 159 310 123 och
3934 159 266 123 af
4022 159 532 123 tillkallde

2719 304 848 108 Poliskonstaplar
3389 304 491 108 anhållne.

2721 413 716 137 Handlanden
3283 413 256 137 P
3386 413 563 137 Fitger,
3795 413 358 137 som
3999 413 358 137 har
4153 413 409 137 kontor

2734 541 208 141 i
2818 541 375 141 huset
3068 541 250 141 No
3193 541 250 141 16
3318 541 292 141 vid
3485 541 375 141 Nedra
3735 541 834 141 Qvarnbergsgatan,
4402 541 208 141 har

2734 661 424 157 anmält
3030 661 297 157 sig
3200 661 381 157 sasom
3454 661 381 157 egare
3708 661 339 157 till
3920 661 635 157 ifrågakomne
4386 661 254 157 säc¬-

2720 779 291 151 kar
2887 779 374 151 hafre
3136 779 291 151 och
3302 779 499 151 värderat
3677 779 291 151 dem
3843 779 333 151 till
4051 779 249 151 27
4134 779 374 151 kronor.

2752 897 501 155 Säckarne
3128 897 292 155 med
3295 897 376 155 hafre
3545 897 376 155 hafva
3795 897 459 155 blifvit
4129 897 334 155 till
4296 897 334 155 egaren

2698 1062 612 122 återlemnade

2797 1132 284 164 På
2939 1132 426 164 grund
3223 1132 284 164 af
3364 1132 379 164 hvad
3601 1132 520 164 sålunda
3932 1132 568 164 förekommit

2722 1257 421 179 kommer
3017 1257 421 179 Gustaf
3311 1257 505 179 Forsberg
3690 1257 295 179 och
3858 1257 337 179 Carl
4069 1257 379 179 Johan
4279 1257 295 179 Lill¬-

2714 1367 511 169 jenberg
3085 1367 325 169 att
3271 1367 418 169 denna
3549 1367 325 169 dag
3735 1367 325 169 för
3874 1367 696 169 Poliskammaren

2731 1489 567 152 inställas.
3177 1489 486 152 Göteborg
3542 1489 284 152 den
3704 1489 243 152 28
3825 1489 486 152 Februari
4149 1489 284 152 1880.

4629 1627 293 65 No
4727 1627 195 65 46

4569 1713 275 67 Johan
4722 1713 306 67 Bernhard

4540 1801 442 63 Johansson

2797 1647 606 139 Handlanden
3273 1647 346 139 Lars
3489 1647 390 139 Peter
3749 1647 606 139 Pettersson
4182 1647 346 139 boende

2735 1775 206 141 i
2817 1775 370 141 huset
3064 1775 247 141 No
3187 1775 247 141 42
3311 1775 206 141 i
3393 1775 740 141 Landalabergen,
4009 1775 288 141 har
4133 1775 411 141 Söndagen

2716 1889 283 137 den
2877 1889 242 137 29
2998 1889 404 137 sistl.
3281 1889 485 137 Februari
3645 1889 242 137 på
3766 1889 485 137 morgonen
4129 1889 444 137 anmält,
4412 1889 202 137 att

2718 2005 685 141 derförutgångne
3289 2005 304 141 natt
3479 2005 418 141 inbrott
3783 2005 495 141 föröfvats
4164 2005 190 141 i
4240 2005 304 141 hans
4392 2005 190 141 bod

2719 2123 207 143 i
2801 2123 581 143 ofvannamde
3258 2123 332 143 hus,
3465 2123 249 143 på
3590 2123 249 143 så
3714 2123 332 143 sätt
3922 2123 456 143 tjufven
4212 2123 332 143 beredt

2716 2253 280 147 sig
2876 2253 441 147 inträde
3197 2253 280 147 dit
3357 2253 360 147 genom
3597 2253 240 147 en
3717 2253 200 147 i
3797 2253 441 147 golfvet
4078 2253 441 147 befintlig

2712 2383 326 143 lucka
2929 2383 290 143 till
3110 2383 471 143 källaren,
3472 2383 434 143 hvartill
3798 2383 471 143 hänglåset
4160 2383 290 143 till
4304 2383 290 143 källa¬-

2708 2505 482 147 redörren
3069 2505 602 147 frånbrutits
3551 2505 281 147 att
3711 2505 201 147 i
3792 2505 361 147 boden
3992 2505 522 147 tillgripits

2708 2647 441 133 omkring
3029 2647 241 133 12
3149 2647 401 133 kronor
3430 2647 201 133 i
3510 2647 441 133 silfver
3832 2647 281 133 och
3992 2647 562 133 kopparmynt
4393 2647 201 133 som

2674 2765 497 155 förvarats
3056 2765 191 155 i
3133 2765 229 155 en
3247 2765 344 155 olåst
3477 2765 306 155 låda
3668 2765 306 155 samt
3859 2765 191 155 6
3936 2765 459 155 buteljer
4242 2765 344 155 portvin

2713 2893 335 147 värda
2936 2893 186 147 4
3011 2893 409 147 kronor,
3308 2893 186 147 6
3383 2893 447 147 buteljer
3718 2893 372 147 porter
3978 2893 335 147 värda
4202 2893 186 147 2
4239 2893 335 147 kronor,

2703 3017 224 149 12
2815 3017 410 149 stycken
3113 3017 410 149 makrill
3411 3017 335 149 värda
3634 3017 224 149 15
3746 3017 261 149 öre
3895 3017 447 149 stycket,
4230 3017 261 149 och
4342 3017 186 149 ett

2707 3165 196 117 ℔
2785 3165 352 117 brunt
3020 3165 391 117 socker
3294 3165 352 117 värdt
3528 3165 235 117 45
3606 3165 196 117 öre

2746 3289 795 114 Bryggeriarbetaren
3428 3289 341 114 Johan
3655 3289 492 114 Lindström
4034 3289 379 114 boende
4299 3289 189 114 i
4337 3289 265 114 huset

2705 3401 223 118 No
2816 3401 223 118 49
2927 3401 185 118 i
3002 3401 668 118 Landalabergen,
3558 3401 260 118 har
3706 3401 593 118 förstberörde
4188 3401 260 118 dag
4300 3401 223 118 till

2690 3527 591 116 ofvannämde
3154 3527 591 116 Pettersson
3619 3527 422 116 affört
3873 3527 591 116 Arbetskarlen

2697 3649 383 104 Johan
2953 3649 511 104 Bernhard
3336 3649 553 104 Johansson
3762 3649 383 104 under
4017 3649 468 104 uppgift
4315 3649 213 104 att

2694 3772 443 96 denne,
3004 3772 310 96 som
3181 3772 354 96 vore
3403 3772 310 96 hos
3580 3772 576 96 Lindström
3978 3772 532 96 inneboende
