4961 4037
458 146 303 215 St
610 146 657 215 Erikstorg
1115 146 354 215 der
1317 146 404 215 Larm
1570 146 404 215 dock
1822 146 556 215 blifvit
2176 146 202 215 af

454 285 916 215 Polisbetjening
1166 285 560 215 anhållen.

450 418 364 182 Det
658 418 520 182 skulle
1022 418 364 182 här
1230 418 676 182 antecknas
1750 418 364 182 att
1958 418 416 182 Larm
2166 418 208 182 då

447 554 319 212 han
630 554 502 212 blifvit
995 554 365 212 till
1223 554 913 212 detektivkontoret
1953 554 365 212 införd

453 687 283 200 ur
594 687 330 200 sin
783 687 425 200 ficka
1066 687 614 200 upptagits
1538 687 283 200 en
1680 687 378 200 hvit
1916 687 472 200 näsduk
2199 687 236 200 un¬-

469 836 322 184 der
653 836 552 184 uppgift,
1067 836 322 184 att
1251 836 552 184 densamma
1665 836 598 184 förvarats
2125 836 230 184 i
2171 836 230 184 ena

450 952 485 172 fickan
789 952 291 172 af
934 952 339 172 den
1128 952 291 172 af
1273 952 436 172 honom
1564 952 630 172 innehafda
2000 952 436 172 kappan.

473 1068 615 175 Oftanämde
946 1068 568 175 Bernhard
1372 1068 662 175 Zachrisson
1892 1068 331 175 och
2034 1068 331 175 Frans

474 1195 449 213 Edvard
788 1195 628 213 Pettersson
1282 1195 404 213 hafva
1551 1195 493 213 blifvit
1865 1195 538 213 eftersökta

474 1333 344 198 men
671 1333 295 198 ej
818 1333 492 198 kunnat
1113 1333 590 198 anträffas.

480 1489 419 156 Pigan
760 1489 558 156 Mathilda
1178 1489 651 156 Danielsson
1690 1489 233 156 i
1783 1489 465 156 tjenst
2062 1489 233 156 hos

469 1603 507 161 Enkefru
838 1603 461 161 Olivia
1160 1603 323 161 von
1344 1603 369 161 Reis
1575 1603 230 161 i
1667 1603 415 161 huset
1943 1603 276 161 No
2082 1603 230 161 7
2128 1603 230 161 vid

462 1764 397 181 Stora
727 1764 529 181 Nygatan,
1124 1764 309 181 har
1300 1764 441 181 anmalt
1609 1764 309 181 sig
1786 1764 397 181 såsom
2006 1764 309 181 egare

463 1888 402 218 till
714 1888 351 218 den
915 1888 301 218 af
1065 1888 402 218 Larm
1316 1888 652 218 innehafda
1768 1888 602 218 regnkappan

464 2026 294 207 och
632 2026 378 207 hvita
884 2026 546 207 näsduken,
1304 2026 378 207 under
1556 2026 462 207 uppgift
1892 2026 294 207 att
2018 2026 336 207 kappan

471 2156 313 195 som
650 2156 358 195 vore
874 2156 358 195 värd
1098 2156 269 195 35
1232 2156 492 195 kronor,
1590 2156 403 195 jemte
1814 2156 448 195 näsduken

452 2292 294 203 och
620 2292 252 203 en
746 2292 379 203 svart
999 2292 673 203 sidensjalett
1546 2292 337 203 värd
1756 2292 252 203 en
1882 2292 379 203 krona
2135 2292 252 203 50
2219 2292 210 203 öre

456 2425 286 200 den
620 2425 245 200 17
742 2425 409 200 dennes
1028 2425 245 200 på
1151 2425 327 200 f.m.
1355 2425 613 200 tillgripits
1846 2425 245 200 ur
1968 2425 286 200 ett
2091 2425 286 200 olåst

471 2565 301 161 kök
643 2565 215 161 i
729 2565 646 161 sistberorde
1203 2565 215 161 hus

509 2679 264 224 På
641 2679 396 224 grund
905 2679 264 224 af
1037 2679 352 224 hvad
1257 2679 484 224 sålunda
1609 2679 616 224 förekommit
2049 2679 352 224 kommer

442 2814 438 203 Martin
749 2814 438 203 Ludvig
1056 2814 570 203 Johansson
1494 2814 395 203 Larm,
1757 2814 482 203 hvilken
2064 2814 307 203 blif¬-

477 2987 275 161 vit
634 2987 314 161 till
830 2987 667 161 cellfängelset
1379 2987 588 161 inforpassad
1850 2987 275 161 att
2007 2987 353 161 denna
2203 2987 196 161 dag

445 3069 319 146 för
628 3069 775 146 Poliskammaren
1220 3069 547 146 inställas.

1239 3141 470 190 Göteborg
1592 3141 274 190 den
1748 3141 235 190 21
1866 3141 510 190 September
2219 3141 235 190 1880

54 3367 321 123 No
161 3367 268 123 205

40 3470 311 131 Charles
238 3470 254 131 Wilhelm

0 3559 479 175 Bengtsson

570 3251 420 207 Sedan
851 3251 794 207 Poliskammaren
1505 3251 327 207 den
1691 3251 280 207 17
1831 3251 467 207 dennes
2112 3251 280 207 till

489 3409 492 211 Rådhus
833 3409 492 211 Rätten
1178 3409 738 211 öfverlemnat
1768 3409 344 211 den
1915 3409 394 211 vidare

452 3557 829 212 ransakningen
1125 3557 621 212 angående
1591 3557 673 212 ynglingen
2058 3557 362 212 Johan

463 3676 405 217 Albin
733 3676 495 217 Olsson,
1093 3676 585 217 tilltalad
1544 3676 315 217 för
1724 3676 585 217 fickstöld
2129 3676 270 217 från

2524 155 994 147 Hemmadottern
3332 155 621 147 Amanda
3704 155 684 147 Johansson

2516 330 380 186 från
2753 330 475 186 Askims
3085 330 285 186 by
3228 330 237 186 i
3323 330 475 186 Askims
3655 330 522 186 socken,
4035 330 285 186 Så
4130 330 237 186 har

2541 460 922 209 detektivkonstapeln
3338 460 377 209 Peter
3589 460 503 209 Lindgren
3967 460 210 209 i
4051 460 294 209 dag
4176 460 210 209 för

2542 579 584 240 delaktighet
3009 579 195 240 i
3087 579 350 240 detta
3320 579 506 240 tillgrepp
3710 579 467 240 anhållit
4060 579 272 240 för
4177 579 311 240 första

2555 701 380 229 resan
2808 701 717 229 inbrottsstöld
3398 701 548 229 straffade
3820 701 548 229 ynglingen
4200 701 295 229 Char¬-

2546 849 330 232 les
2735 849 519 232 Wilhelm
3112 849 661 232 Bengtsson,
3631 849 472 232 boende
3962 849 236 232 i
4056 849 425 232 huset
4292 849 189 232 No

2539 950 282 263 92
2680 950 282 263 af
2821 950 563 263 Majornas
3243 950 469 263 första
3572 950 423 263 rote,
3854 950 516 263 hvilken
4182 950 235 263 vid

2550 1113 335 206 det
2742 1113 335 206 med
2933 1113 431 206 honom
3221 1113 240 206 i
3317 1113 623 206 anledning
3796 1113 431 206 häraf
4035 1113 479 206 anställ¬-

2541 1247 257 217 da
2670 1247 428 217 förhör
2969 1247 471 217 vidgått
3312 1247 300 217 att
3483 1247 385 217 sedan
3740 1247 300 217 han
3911 1247 300 217 den
4082 1247 257 217 15
4168 1247 342 217 dennes

2539 1378 308 217 vid
2715 1378 704 217 middagstiden
3287 1378 220 217 å
3375 1378 660 217 Kungstorget
3859 1378 660 217 sammanträffat

2553 1538 292 194 med
2720 1538 417 194 Olsson
3012 1538 375 194 denne
3261 1538 417 194 yttrat
3553 1538 292 194 att
3720 1538 292 194 han
3886 1538 333 194 från
4053 1538 458 194 målsegar¬-

2561 1637 280 232 ren
2721 1637 401 232 ämnade
3002 1637 521 232 tillgripa
3402 1637 240 232 en
3522 1637 601 232 portmonaie;
4003 1637 280 232 att
4123 1637 361 232 Bengts¬-

2559 1773 284 236 son
2722 1773 203 236 i
2803 1773 527 236 anledning
3208 1773 365 236 deraf
3452 1773 446 236 stadnat
3776 1773 243 236 på
3898 1773 365 236 något
4101 1773 365 236 afstånd

2568 1910 362 220 medan
2809 1910 402 220 Olsson
3090 1910 562 220 tillgripit
3532 1910 603 220 portmonaien
4014 1910 281 220 att
4175 1910 241 220 då
4255 1910 241 220 Ols¬-

2576 2028 285 241 son
2739 2028 367 241 efter
2984 2028 653 241 tillgreppets
3514 2028 571 241 föröfvande
3963 2028 367 241 derom
4167 2028 326 241 under¬-

2566 2157 386 227 rättat
2836 2157 540 227 Bengtsson,
3261 2157 501 227 hvarefter
3646 2157 231 227 de
3762 2157 309 227 gått
3955 2157 309 227 till
4109 2157 386 227 Bazarga¬-

2562 2295 270 250 tan
2717 2295 270 250 der
2871 2295 385 250 Olsson
3141 2295 231 250 ur
3256 2295 270 250 sin
3411 2295 347 250 ficka
3642 2295 463 250 upptagit
3989 2295 270 250 och
4104 2295 463 250 bortkastat

2572 2428 380 252 några
2825 2428 211 252 i
2910 2428 634 252 portmonaien
3417 2428 550 252 förvarade
3798 2428 676 252 papperslappar,

2569 2569 327 236 samt
2773 2569 286 236 att
2937 2569 245 236 de
3059 2569 490 236 derifrån
3427 2569 490 236 begifvit
3794 2569 286 236 sig
3958 2569 327 236 till
4121 2569 327 236 första

2558 2709 575 260 Långgatan
3000 2709 310 260 der
3177 2709 442 260 Olsson
3486 2709 398 260 visat
3752 2709 575 260 Bengtsson
4150 2709 310 260 port¬-

2565 2828 524 232 monaien
2946 2828 333 232 och
3137 2828 286 232 af
3279 2828 286 232 de
3422 2828 238 232 i
3518 2828 571 232 densamma
3898 2828 524 232 förvarade

2585 2969 557 245 penningar
3013 2969 428 245 gifvit
3313 2969 557 245 Bengtsson
3741 2969 471 245 omkring
4084 2969 214 245 3
4127 2969 385 245 kronor,

2571 3085 482 216 hvilket
2922 3085 438 216 belopp
3228 3085 394 216 denne
3491 3085 482 216 användt
3841 3085 350 216 till
4016 3085 482 216 förtäring

2601 3290 248 185 af
2725 3290 290 185 mat
2890 3290 290 185 och
3014 3290 207 185 Öl.

2597 3403 264 168 På
2729 3403 396 168 grund
2993 3403 264 168 af
3124 3403 352 168 hvad
3344 3403 483 168 sålunda
3696 3403 615 168 förekommit
4135 3403 352 168 kommer

2558 3520 420 161 Charles
2864 3520 420 161 Wilhelm
3169 3520 497 161 Bengtsson
3552 3520 268 161 att
3704 3520 344 161 denna
3934 3520 268 161 dag
4087 3520 268 161 för
4201 3520 306 161 Polis¬-

2573 3631 581 167 kammaren
2960 3631 581 167 inställas.

3135 3727 503 214 Göteborg
3512 3727 293 214 den
3680 3727 251 214 21
3806 3727 545 214 September
4183 3727 293 214 1880.
