5011 4052
91 75 330 189 No
201 75 275 189 228

91 241 279 116 Ole
211 241 319 116 Magnus

32 331 502 92 Andersson

83 401 277 125 och
202 401 317 125 August

25 496 508 120 Andersson

588 122 934 184 Poliskonstapeln
1374 122 295 184 No
1522 122 295 184 12
1669 122 639 184 Dahlqvist
2111 122 246 184 har

519 261 578 195 Fredagen
952 261 337 195 den
1145 261 289 195 29
1289 261 482 195 dennes
1626 261 337 195 kl.
1819 261 433 195 12.45
2108 261 289 195 på
2252 261 241 195 d
2301 261 144 195 å

510 433 631 165 Fisktorget
1006 433 541 165 anhållit
1412 433 316 165 för
1592 433 541 165 snatteri
1953 433 496 165 straffade

478 543 292 169 fe
624 543 1020 169 Kronoarbetskarlen
1499 543 340 169 Ole
1693 543 486 169 Magnus
1985 543 437 169 Anders¬-

495 669 313 135 son
674 669 223 135 i
763 669 447 135 saknad
1076 669 268 135 af
1210 669 491 135 bestämd
1567 669 491 135 bostad,
1924 669 313 135 och
2058 669 402 135 Arbets¬-

489 776 498 207 karlen
838 776 498 207 August
1187 776 648 207 Andersson
1685 776 398 207 från
1884 776 498 207 Solberga

506 918 459 180 socken
828 918 276 180 af
965 918 505 180 Inlands
1333 918 459 180 Nordre
1654 918 413 180 härad
1930 918 321 180 för
2114 918 321 180 det
2251 918 184 180 de

485 1024 370 165 till
716 1024 370 165 salu
947 1024 555 165 utbjudit
1364 1024 278 165 21
1503 1024 509 165 stycken
1873 1024 416 165 gamla
2104 1024 324 165 häst¬-

494 1131 403 218 skor,
763 1131 313 218 för
942 1131 493 218 åtkomst
1300 1131 537 218 hvartill
1703 1131 269 218 de
1838 1131 358 218 icke
2017 1131 358 218 kunnat

434 1324 546 119 redogöra

485 1418 361 186 Vid
692 1418 361 186 det
898 1418 361 186 med
1105 1418 361 186 Ole
1311 1418 516 186 Magnus
1672 1418 671 186 Andersson
2137 1418 258 186 och

490 1545 529 177 August
860 1545 687 177 Andersson
1389 1545 264 177 i
1495 1545 687 177 anledning
1971 1545 370 177 häraf

487 1659 573 197 anstälda
917 1659 478 197 förhör
1251 1659 430 197 hafva
1538 1659 287 197 de
1634 1659 525 197 uppgifvit

496 1823 353 144 Ole
697 1823 504 144 Magnus
1050 1823 655 144 Andersson
1553 1823 353 144 att
1755 1823 353 144 han
1906 1823 453 144 ifråga¬-

495 1905 432 198 komne
783 1905 336 198 dag
975 1905 336 198 vid
1168 1905 769 198 middagstiden
1792 1905 240 198 å
1840 1905 577 198 Skeppsbron

485 1996 231 213 i
577 1996 553 213 närheten
992 1996 277 213 af
1131 1996 784 213 Bryggaregatan
1730 1996 692 213 sammanträffat

467 2122 363 173 med
675 2122 519 173 August
1038 2122 726 173 Andersson,
1609 2122 363 173 som
1816 2122 311 173 då
1920 2122 519 173 innehaft

482 2263 684 205 åtskilliga
1020 2263 586 205 hästskor
1460 2263 391 205 samt
1704 2263 342 205 att
1899 2263 440 205 sedan
2144 2263 244 205 han

475 2367 380 215 han
692 2367 326 215 af
855 2367 543 215 August
1235 2367 706 215 Andersson
1778 2367 434 215 till
1995 2367 434 215 skänks

484 2518 567 196 erhållit
909 2518 425 196 några
1193 2518 331 196 par
1382 2518 567 196 hästskor
1807 2518 284 196 de
1901 2518 473 196 derefter

492 2638 231 184 i
584 2638 647 184 hvarandras
1093 2638 555 184 sällskap
1509 2638 555 184 begifvit
1925 2638 324 184 sig
2064 2638 277 184 till

484 2742 662 204 Fisktorget
1004 2742 331 204 för
1193 2742 331 204 att
1383 2742 568 204 försälja
1761 2742 615 204 hästskorna,

483 2856 335 192 men
675 2856 479 192 dervid
1010 2856 527 192 blifvit
1393 2856 287 192 af
1489 2856 814 192 Poliskonstapeln

465 3036 636 118 Dahlqvist
955 3036 587 118 anhållne
1346 3036 245 118 och

461 3139 505 156 August
814 3139 657 156 Andersson
1319 3139 354 156 att
1521 3139 354 156 han
1723 3139 354 156 den
1925 3139 303 156 29
2026 3139 404 156 dennes

480 3269 313 203 vid
659 3269 714 203 middagstiden
1239 3269 268 203 ur
1373 3269 268 203 en
1507 3269 223 203 å
1597 3269 625 203 hamnspåret
2043 3269 402 203 stående

467 3384 647 203 jernvägsvagn
993 3384 567 203 tillgripit
1438 3384 486 203 samtliga
1802 3384 607 203 hästskorna,
2247 3384 162 203 af

454 3526 480 191 hvilka
790 3526 336 191 han
982 3526 480 191 lemnat
1318 3526 432 191 några
1606 3526 288 191 åt
1750 3526 336 191 Ole
1894 3526 384 191 Magnus

386 3659 606 142 Andersson.

435 3706 547 171 Handl.
818 3706 383 171 Max
1037 3706 656 171 Heineman
1529 3706 383 171 som
1748 3706 383 171 har
1912 3706 438 171 kontor

2644 199 169 226 i
2712 199 305 226 huset
2915 199 203 226 No
3016 199 169 226 2
3084 199 237 226 vid
3219 199 305 226 Lilla
3423 199 372 226 Torget,
3693 199 237 226 har
3829 199 338 226 anmält
4066 199 237 226 sig
4167 199 237 226 såsom

2630 380 321 177 egare
2844 380 285 177 till
3022 380 499 177 hastskorna
3415 380 321 177 under
3628 380 392 177 uppgift
3914 380 250 177 att
4056 380 214 177 de
4163 380 250 177 som
4270 380 214 177 väg¬-

2627 488 262 196 de
2758 488 481 196 omkring
3108 488 262 196 20
3240 488 219 196 ℔
3327 488 350 196 vore
3546 488 394 196 värde
3808 488 262 196 50
3896 488 262 196 öre.

2712 600 247 258 På
2835 600 371 258 grund
3083 600 247 258 af
3206 600 330 258 hvad
3412 600 453 258 sålunda
3742 600 577 258 förekommit
4154 600 330 258 kommer

2695 766 289 230 Ole
2860 766 413 230 Magnus
3149 766 537 230 Andersson
3563 766 289 230 och
3728 766 413 230 August
3976 766 455 230 Andersson

2709 945 278 204 att
2868 945 357 204 denna
3106 945 278 204 dag
3265 945 278 204 för
3424 945 675 204 Poliskammaren
3940 945 476 204 inställas.

3122 1072 510 226 Göteborg
3504 1072 298 226 den
3674 1072 255 226 30
3802 1072 340 226 Okt.
3972 1072 298 226 1880.

4419 1111 282 156 No
4513 1111 235 156 229

4403 1211 342 145 Johan
4593 1211 304 145 August

4401 1301 449 160 Andersson
4711 1301 207 160 Gren

2604 1272 474 194 Tisdagen
2960 1272 277 194 den
3118 1272 198 194 2
3197 1272 395 194 dennes
3474 1272 277 194 Kl.
3632 1272 316 194 8,45
3830 1272 277 194 f.m
3988 1272 395 194 infann
4225 1272 198 194 sig

2643 1438 173 179 å
2713 1438 415 179 Polisens
3024 1438 450 179 detektiva
3370 1438 484 179 afdelnings
3750 1438 346 179 Kontor
3992 1438 277 179 före
4130 1438 346 179 artille¬-

2643 1553 377 193 risten
2907 1553 339 193 Johan
3133 1553 377 193 August
3397 1553 490 193 Andersson
3774 1553 339 193 Gren,
4000 1553 264 193 och
4113 1553 302 193 aflem¬-

2622 1650 362 207 nade
2848 1650 317 207 ett
3029 1650 815 207 silfverankarur
3708 1650 317 207 med
3844 1650 589 207 vidhängande

2631 1790 589 198 silfverkädja
3110 1790 332 198 under
3331 1790 442 198 uppgift,
3662 1790 258 198 att
3810 1790 258 198 han
3957 1790 295 198 kort
4141 1790 332 198 förut
4326 1790 111 198 i

2619 1919 261 156 en
2750 1919 392 156 olåst
3011 1919 697 156 drängkammare
3577 1919 218 156 i
3664 1919 392 156 huset
3926 1919 261 156 No
4056 1919 261 156 58
4143 1919 218 156 vid

2605 2040 730 207 Fattighusgatan
3214 2040 568 207 tillgripit
3660 2040 365 207 uret,
3903 2040 284 207 som
4025 2040 446 207 tillhörde

2619 2157 872 216 Bryggaredrängen
3353 2157 413 216 Johan
3628 2157 459 216 August
3903 2157 505 216 Johansson

2644 2285 418 186 anstäld
2948 2285 266 186 hos
3100 2285 494 186 Bryggaren
3480 2285 228 186 A.
3595 2285 418 186 Jonsson
3899 2285 190 186 i
3975 2285 418 186 berorde
4241 2285 228 186 hus¬-

2633 2387 701 241 Ofvannämnde
3194 2387 888 241 Bryggaredrängen
3895 2387 514 241 Johansson

2618 2522 270 231 har
2773 2522 462 231 igenkänt
3119 2522 308 231 uret
3312 2522 270 231 och
3466 2522 385 231 kädjan
3736 2522 347 231 såsom
3967 2522 347 231 honom
4159 2522 270 231 till¬-

2620 2643 405 241 hörigt,
2915 2643 479 241 hvarjemte
3283 2643 258 241 han
3430 2643 479 241 uppgifvit
3799 2643 553 241 persedlarne
4204 2643 221 241 vore

2638 2797 335 162 värde
2861 2797 447 162 tillhopa
3196 2797 223 162 30
3308 2797 409 162 Kronor,
3605 2797 261 162 och
3754 2797 261 162 att
3903 2797 409 162 desamma
4164 2797 223 162 från

2637 2841 293 229 honom
2833 2841 488 229 tillgripits
3223 2841 163 229 å
3288 2841 228 229 tid
3418 2841 228 229 och
3549 2841 325 229 ställe
3776 2841 228 229 som
3906 2841 260 229 Gren
4037 2841 390 229 uppgifvit,

2641 2971 269 204 Vid
2794 2971 269 204 det
2948 2971 269 204 med
3102 2971 307 204 Gren
3294 2971 499 204 anställda
3678 2971 384 204 förhör
3947 2971 269 204 har
4100 2971 269 204 han
4216 2971 230 204 vid¬-

2628 3113 339 221 hållit
2865 3113 237 221 sin
3001 3113 373 221 uppgift
3272 3113 237 221 att
3407 3113 237 221 han
3543 3113 407 221 föröfvat
3848 3113 339 221 ifråga
4051 3113 373 221 tillgrepp

2633 3239 479 176 hvarjemte
3001 3239 258 176 han
3149 3239 442 176 tillagt,
3480 3239 258 176 att
3627 3239 258 176 han
3774 3239 258 176 som
3922 3239 258 176 den
4069 3239 221 176 19
4143 3239 295 176 sistl.

2636 3361 385 261 Augusti
2916 3361 315 261 efter
3126 3361 385 261 uttjent
3406 3361 700 261 kapitulationstid
4001 3361 420 261 erhållit
4281 3361 175 261 af¬-

2641 3513 309 202 sked
2835 3513 309 202 från
3028 3513 309 202 Kgl.
3221 3513 309 202 Göta
3415 3513 309 202 Art.
3608 3513 348 202 Regte
3840 3513 271 202 och
3995 3513 232 202 på
4072 3513 348 202 sednare

2637 3613 374 201 tiden
2887 3613 374 201 varit
3136 3613 208 201 i
3219 3613 416 201 saknad
3510 3613 249 201 af
3635 3613 416 201 bostad
3926 3613 291 201 och
4051 3613 332 201 medel.
