4934 4051
465 137 594 190 Svenningsson:
954 137 245 190 att
1094 137 210 190 en
1199 137 245 190 dag
1338 137 245 190 för
1478 137 384 190 omkring
1757 137 245 190 tre
1897 137 384 190 månader
2177 137 314 190 sedan
2351 137 105 190 i

442 287 260 159 hans
604 287 357 159 källare
864 287 422 159 inlemnats
1189 287 195 159 en
1286 287 260 159 brun
1449 287 422 159 torgkorg,
1773 287 357 159 hvaruti
2033 287 195 159 då
2098 287 325 159 förvara¬-

459 387 221 168 des
586 387 190 168 en
681 387 474 168 halfbutelj,
1060 387 506 168 innehållande
1471 387 348 168 grädde,
1724 387 285 168 något
1914 387 348 168 småsill
2167 387 221 168 och
2262 387 126 168 en

451 515 293 142 gädda,
656 515 205 142 men
773 515 205 142 att
890 515 205 142 han
1007 515 234 142 icke
1153 515 234 142 hade
1300 515 205 142 sig
1417 515 293 142 bekant
1621 515 234 142 hvem
1768 515 205 142 som
1885 515 293 142 insatt
2090 515 322 142 korgen;
2295 515 146 142 och

468 609 515 155 Christensson:
892 609 212 155 att
1013 609 151 155 i
1073 609 242 155 hans
1224 609 605 155 värdshuslägenhet
1739 609 242 155 icke
1890 609 272 155 honom
2042 609 363 155 veterligen

457 723 511 150 qvarlemnats
866 723 307 150 någon
1036 723 239 150 korg.

588 788 311 186 Sedan
796 788 242 186 den
934 788 277 186 till
1107 788 553 186 Svenningsson
1557 788 450 186 inlemnade
1902 788 346 186 korgen
2110 788 311 186 blifvit

460 904 274 201 till
631 904 240 201 PKn
768 904 445 201 afhemtad,
1110 904 240 201 har
1247 904 479 201 Målsegaren
1624 904 274 201 Anna
1795 904 342 201 Olsson
2035 904 274 201 fått
2172 904 205 201 påse

463 1030 455 145 densamma,
813 1030 350 145 dervid
1058 1030 245 145 hon
1198 1030 280 145 dock
1373 1030 455 145 förklarat
1724 1030 245 145 sig
1864 1030 280 145 icke
2039 1030 315 145 kunna
2214 1030 175 145 med

470 1133 408 183 säkerhet
776 1133 170 183 i
844 1133 306 183 samma
1048 1133 272 183 korg
1218 1133 442 183 igenkänna
1557 1133 272 183 den,
1727 1133 238 183 hon
1829 1133 306 183 mistat.

593 1245 194 183 En
690 1245 259 183 hvit
851 1245 420 183 torgkorg,
1175 1245 226 183 som
1304 1245 194 183 af
1401 1245 194 183 en
1498 1245 582 183 smörmånglerska
1984 1245 388 183 Lördagen
2242 1245 162 183 den

453 1343 202 190 29
554 1343 302 190 sist.
756 1343 235 190 Maj
890 1343 302 190 eller
1092 1343 302 190 samma
1293 1343 235 190 dag
1428 1343 504 190 Sjökaptenen
1831 1343 437 190 Jakobsson
2133 1343 269 190 mistat

461 1443 212 160 sin
582 1443 273 160 korg,
764 1443 152 160 å
825 1443 455 160 Kungstorget
1189 1443 546 160 tillvaratagits
1644 1443 212 160 och
1765 1443 334 160 blifvit
2008 1443 243 160 till
2159 1443 212 160 PKn
2250 1443 152 160 af¬-

446 1562 356 159 lemnad,
704 1562 226 159 har
834 1562 388 159 derefter
1124 1562 453 159 förevisats
1480 1562 356 159 bemälde
1739 1562 453 159 Jakobsson,
2094 1562 226 159 som
2191 1562 194 159 der¬-

454 1685 238 170 vid
590 1685 476 170 förklarat,
964 1685 238 170 att
1100 1685 238 170 han
1236 1685 340 170 säkert
1475 1685 340 170 antoge
1713 1685 340 170 korgen
1951 1685 272 170 vara
2087 1685 340 170 densamme

449 1812 250 134 som
592 1812 286 134 från
771 1812 322 134 honom
950 1812 501 134 tillgripits.

675 1899 217 182 På
783 1899 325 182 grund
1000 1899 217 182 af
1108 1899 289 182 hvad
1288 1899 397 182 sålunda
1577 1899 541 182 förekommit,
2010 1899 217 182 är
2082 1899 325 182 hustrun

455 2006 353 203 Augusta
711 2006 385 203 Josefina
1000 2006 417 203 Börjesson
1320 2006 321 203 kallad
1545 2006 256 203 till
1705 2006 481 203 inställelse
2090 2006 288 203 inför
2250 2006 160 203 PKn

459 2114 360 198 denna
699 2114 320 198 dag.
899 2114 480 198 Göteborg
1258 2114 280 198 den
1418 2114 240 198 21
1538 2114 320 198 Juni
1698 2114 280 198 1886.

67 2259 267 125 No
157 2259 267 125 136.

60 2358 204 158 Sven
187 2358 204 158 Emil
289 2358 204 158 Matts¬-

41 2493 253 141 son
185 2493 181 141 m
221 2493 181 141 fl.

523 2213 286 243 Efter
714 2213 349 243 anmälan
968 2213 190 243 af
1063 2213 508 243 Arbetskarlen
1476 2213 349 243 Andreas
1729 2213 349 243 Olsson,
1983 2213 381 243 anställd
2237 2213 159 243 vid

480 2351 462 171 Lindholmens
849 2351 277 171 Mekan
1034 2351 369 171 Verkstad
1311 2351 215 171 och
1434 2351 308 171 boende
1650 2351 154 171 i
1711 2351 277 171 huset
1896 2351 185 171 No
1988 2351 154 171 1
2050 2351 154 171 i
2111 2351 246 171 1ste
2234 2351 154 171 ro¬-

434 2504 268 156 till
601 2504 167 156 å
668 2504 469 156 Lindholmen
1036 2504 167 156 i
1103 2504 335 156 Lundby
1338 2504 335 156 Socken
1572 2504 201 156 på
1673 2504 435 156 Hisingen,
2008 2504 234 156 har
2108 2504 268 156 Polis¬-

450 2631 408 146 konstapeln
771 2631 175 146 No
858 2631 204 146 109
975 2631 379 146 Andersson
1266 2631 408 146 Thorsdagen
1587 2631 204 146 den
1704 2631 175 146 17
1791 2631 175 146 ds
1879 2631 204 146 kl.
1995 2631 204 146 1/2
2112 2631 146 146 5
2170 2631 175 146 e.
2228 2631 117 146 m.

456 2701 382 209 anhållit
743 2701 414 209 ynglingen
1061 2701 255 209 Sven
1220 2701 255 209 Emil
1380 2701 414 209 Mattsson,
1698 2701 318 209 boende
1921 2701 159 209 i
1985 2701 287 209 huset
2176 2701 191 209 No
2240 2701 127 209 48

419 2811 260 176 Litt
582 2811 163 176 A
647 2811 163 176 i
712 2811 390 176 Majornas
1005 2811 260 176 3dje
1167 2811 293 176 rote,
1362 2811 228 176 för
1493 2811 228 176 det
1623 2811 228 176 han
1753 2811 390 176 innehaft
2045 2811 195 176 en
2143 2811 195 176 s.
2208 2811 130 176 k.

431 2927 324 189 julle,
657 2927 227 189 som
787 2927 389 189 Lördagen
1079 2927 227 189 den
1209 2927 194 189 29
1306 2927 292 189 sist.
1500 2927 227 189 Maj
1630 2927 486 189 tillgripits
2019 2927 194 189 ur
2084 2927 259 189 ofvan¬-

417 3048 406 176 nämnde
701 3048 527 176 verkstads
1107 3048 325 176 hamn
1310 3048 243 176 på
1391 3048 487 176 Hisingen..

581 3103 232 205 Vid
714 3103 232 205 det
846 3103 232 205 med
979 3103 398 205 Mattsson
1278 3103 166 205 i
1344 3103 431 205 anledning
1676 3103 299 205 häraf
1875 3103 431 205 anställde
2174 3103 199 205 för¬-

425 3262 246 164 hör
565 3262 246 164 har
706 3262 246 164 han
846 3262 491 164 uppgifvit,
1232 3262 246 164 att
1372 3262 281 164 han,
1547 3262 246 164 som
1688 3262 210 164 är
1793 3262 281 164 född
1968 3262 246 164 den
2108 3262 210 164 24
2179 3262 175 164 Okt

457 3372 282 168 1864,
645 3372 282 168 jemte
833 3372 314 168 gossen
1053 3372 282 168 Fritz
1241 3372 345 168 Emanuel
1492 3372 408 168 Eriksson,
1806 3372 220 168 son
1932 3372 188 168 af
1994 3372 377 168 Kakelugns¬-

438 3464 375 163 makaren
711 3464 375 163 Mathias
984 3464 409 163 Eriksson
1291 3464 171 163 i
1359 3464 307 163 huset
1563 3464 205 163 No
1666 3464 205 163 49
1768 3464 273 163 Litt
1939 3464 171 163 B
2007 3464 171 163 i
2041 3464 341 163 Majornas

420 3574 261 153 3dje
583 3574 261 153 rote
746 3574 228 153 den
876 3574 195 153 29
974 3574 293 153 sist.
1170 3574 228 153 Maj
1300 3574 456 153 uppehållit
1658 3574 228 153 sig
1789 3574 163 153 å
1854 3574 489 153 Lindholmen;
2212 3574 163 153 att

445 3664 198 173 de
544 3664 330 173 saknat
775 3664 297 173 medel
973 3664 264 173 till
1138 3664 363 173 båtliga
1402 3664 231 173 för
1533 3664 396 173 återfärd
1830 3664 231 173 hit
1962 3664 264 173 till
2094 3664 264 173 staden

2528 157 189 231 de
2622 157 378 231 lösgjort
2905 157 472 231 ifrågakomne
3283 157 315 231 julle,
3503 157 220 231 som
3629 157 283 231 legat
3818 157 346 231 förtöjd
4070 157 157 231 i
4101 157 378 231 verkstads¬-

2509 310 380 196 hamnen
2775 310 266 196 och
2927 310 266 196 med
3079 310 456 196 densamma
3421 310 304 196 rott
3610 310 342 196 öfver
3838 310 304 196 till
4028 310 342 196 Gamla
4218 310 266 196 Varf¬-

2530 400 256 204 vet,
2690 400 224 204 der
2818 400 192 204 de
2914 400 416 204 fastgjort
3233 400 352 204 jullen,
3489 400 224 204 att
3617 400 192 204 de
3713 400 256 204 icke
3873 400 256 204 haft
4032 400 224 204 för
4160 400 320 204 afsigt
4352 400 160 204 be¬-

2529 504 322 188 hålla
2744 504 465 188 densamma,
3102 504 286 188 utan
3281 504 322 188 ämnat
3496 504 286 188 åter
3675 504 322 188 lägga
3889 504 251 188 den
4033 504 215 188 på
4140 504 251 188 den
4247 504 251 188 plats

2530 632 247 175 der
2671 632 211 175 de
2776 632 317 175 tagit
2988 632 352 175 honom;
3234 632 247 175 att
3375 632 211 175 de
3481 632 317 175 sagde
3692 632 247 175 dag
3833 632 211 175 på
3939 632 387 175 aftonen
4185 632 317 175 samman¬-

2505 702 375 206 träffat
2777 702 238 206 med
2914 702 306 206 Fritz
3118 702 443 206 Erikssons
3458 702 306 206 äldre
3663 702 341 206 broder
3867 702 579 206 Måleriarbetaren

2520 821 295 199 Ernst
2717 821 427 199 Eriksson,
3045 821 230 199 för
3177 821 361 199 hvilken
3439 821 197 199 de
3538 821 361 199 utvisat
3800 821 361 199 jullen,
4063 821 361 199 hvarvid
4292 821 230 199 denne

2524 931 443 216 uppgifvit
2865 931 239 216 det
3001 931 341 216 jullen
3240 931 443 216 tillhörde
3581 931 307 216 Gamla
3785 931 580 216 måleribolaget
4262 931 239 216 här
4365 931 102 216 i

2528 1028 362 199 staden
2781 1028 253 199 och
2926 1028 290 199 rådt
3107 1028 253 199 dem
3252 1028 398 199 behålla
3542 1028 434 199 densamma
3867 1028 290 199 samt
4048 1028 326 199 genom
4229 1028 290 199 ommål¬-

2516 1096 272 258 ning
2686 1096 272 258 göra
2856 1096 238 258 den
2992 1096 544 258 oigenkänlig;
3434 1096 272 258 samt
3603 1096 238 258 att
3739 1096 408 258 Mattsson
4045 1096 238 258 och
4181 1096 306 258 Fritz
4351 1096 136 258 E¬-

2537 1255 409 177 riksson,
2844 1255 307 177 efter
3048 1255 239 177 att
3185 1255 307 177 hafva
3389 1255 307 177 målat
3594 1255 341 177 jullen
3832 1255 239 177 med
3969 1255 273 177 grön
4139 1255 307 177 färg,
4310 1255 170 177 an¬-

2525 1362 335 186 vändt
2748 1362 446 186 densamme
3082 1362 297 186 till
3268 1362 297 186 rodd
3454 1362 186 186 å
3491 1362 335 186 elfven.

2720 1422 186 228 I
2794 1422 482 228 anledning
3165 1422 371 228 häraf,
3425 1422 260 228 har
3573 1422 334 228 Fritz
3796 1422 408 228 Emanuel
4056 1422 371 228 Eriksson

2532 1556 357 203 blifvit
2791 1556 389 203 anhållen
3083 1556 227 203 och
3213 1556 292 203 hörd,
3407 1556 357 203 hvarvid
3667 1556 259 203 han,
3829 1556 227 203 som
3959 1556 195 203 är
4056 1556 259 203 född
4218 1556 227 203 den
4315 1556 130 203 25

2528 1649 241 221 Sept
2679 1649 271 221 1866,
2860 1649 241 221 till
3010 1649 241 221 alla
3161 1649 271 221 delar
3342 1649 392 221 vitsordat
3644 1649 392 221 Mattssons
3945 1649 422 221 berättelse
4277 1649 151 221 i
4307 1649 181 221 hvad

2523 1855 345 98 honom
2714 1855 383 98 anginge.

2644 1799 624 259 Målarelärlingen
3169 1799 295 259 Ernst
3366 1799 394 259 Eriksson
3662 1799 230 259 har
3793 1799 361 259 blifvit
4023 1799 394 259 eftersökt,

2540 1918 250 257 men
2683 1918 285 257 icke
2861 1918 357 257 kunnat
3111 1918 499 257 anträffas,
3503 1918 285 257 enär
3682 1918 250 257 han
3824 1918 250 257 för
3967 1918 499 257 närvarande
4324 1918 178 257 lä¬-

2535 2073 241 237 rer
2672 2073 447 237 uppehålla
3016 2073 241 237 sig
3154 2073 172 237 i
3223 2073 482 237 Partilleds
3566 2073 310 237 socken.

2638 2140 363 287 Jullen,
2902 2140 231 287 som
3034 2140 429 287 värderats
3364 2140 264 287 till
3529 2140 198 287 25
3628 2140 363 287 Kronor,
3892 2140 231 287 har
4024 2140 363 287 blifvit
4255 2140 198 287 till

2546 2257 540 276 ofvannämnde
2978 2257 576 276 arbetskarlen
3446 2257 396 276 Andreas
3734 2257 360 276 Olsson
3950 2257 504 276 öfverlemnad.

2668 2372 209 214 På
2773 2372 314 214 grund
2982 2372 209 214 af
3087 2372 279 214 hvad
3261 2372 384 214 sålunda
3540 2372 523 214 förekommit,
3959 2372 244 214 äro
4098 2372 279 214 Sven
4238 2372 209 214 Emil

2542 2463 393 271 Mattsson
2837 2463 229 271 och
2968 2463 295 271 Fritz
3165 2463 361 271 Emanuel
3427 2463 393 271 Eriksson
3722 2463 361 271 kallade
3985 2463 262 271 till
4116 2463 393 271 inställel¬-

2568 2603 216 200 te
2676 2603 323 200 inför
2892 2603 252 200 Pkn
3035 2603 323 200 denna
3251 2603 288 200 dag.
3431 2603 431 200 Göteborg
3754 2603 252 200 den
3898 2603 216 200 21
4006 2603 288 200 Juni
4149 2603 252 200 1880.

4473 2660 265 114 No
4561 2660 265 114 137.

4434 2794 262 88 Maria
4580 2794 291 88 Christi¬-

4426 2862 174 160 na
4484 2862 349 160 Johansson.

2676 2692 643 261 Jjensteflickorna
3222 2692 257 261 Anna
3383 2692 386 261 Persson,
3672 2692 161 261 i
3736 2692 321 261 tjenst
3961 2692 225 261 hos
4057 2692 418 261 Bokhållaren

2541 2829 379 193 Vaness,
2816 2829 344 193 boende
3057 2829 172 193 i
3126 2829 310 193 huset
3333 2829 207 193 No
3436 2829 207 193 10
3539 2829 207 193 af
3643 2829 413 193 Majornas
3953 2829 241 193 4de
4091 2829 276 193 rote
4228 2829 207 193 samt

2532 2899 387 284 Josefina
2822 2899 419 284 Svensson,
3144 2899 161 284 i
3209 2899 322 284 tjenst
3434 2899 226 284 hos
3563 2899 484 284 Inspektören
3950 2899 419 284 Lundberg,
4240 2899 226 284 boen¬-

2537 3033 205 210 de
2639 3033 170 210 i
2707 3033 307 210 samma
2912 3033 273 210 hus,
3082 3033 239 210 har
3219 3033 239 210 den
3355 3033 170 210 2
3423 3033 341 210 dennes
3662 3033 341 210 anmält
3900 3033 239 210 att
4037 3033 239 210 den
4173 3033 170 210 1
4241 3033 170 210 i
4275 3033 205 210 den¬-

2540 3135 185 220 na
2633 3135 278 220 månad
2818 3135 155 220 å
2880 3135 185 220 en
2973 3135 278 220 olåst
3158 3135 247 220 vind
3313 3135 402 220 derstädes
3622 3135 464 220 tillgripits
3993 3135 247 220 från
4147 3135 340 220 Persson
4363 3135 124 220 en

2540 3231 272 229 svart
2721 3231 272 229 kjol,
2902 3231 242 229 värd
3053 3231 151 229 3
3113 3231 332 229 Kronor,
3355 3231 211 229 ett
3476 3231 242 229 nytt
3627 3231 272 229 blått
3808 3231 211 229 och
3928 3231 242 229 rödt
4049 3231 453 229 klädningslif,

2547 3337 274 253 värdt
2729 3337 152 253 2
2790 3337 335 253 Kronor,
3034 3337 213 253 ett
3155 3337 335 253 lintyg,
3399 3337 274 253 värdt
3581 3337 183 253 En
3673 3337 274 253 Krona
3855 3337 183 253 50
3947 3337 243 253 öre,
4099 3337 183 253 en
4190 3337 243 253 brun
4312 3337 152 253 och

2537 3458 379 221 grårutig
2822 3458 285 221 sjal,
3012 3458 253 221 värd
3170 3458 158 221 2
3233 3458 316 221 Kronor
3454 3458 221 221 och
3581 3458 190 221 en
3676 3458 285 221 rutig
3865 3458 537 221 halflinneduk,
4276 3458 190 221 värd

2550 3570 192 183 50
2646 3570 224 183 öre
2774 3570 256 183 samt
2934 3570 256 183 från
3095 3570 384 183 Svensson
3383 3570 192 183 en
3479 3570 224 183 blå
3607 3570 224 183 och
3735 3570 448 183 hvitrandig
4056 3570 448 183 bomullskjol,

2557 3718 259 156 värd
2718 3718 227 156 Tre
2848 3718 356 156 Kronor,
3107 3718 259 156 samt
3269 3718 227 156 att
3398 3718 194 156 de
3495 3718 227 156 för
3625 3718 291 156 dessa
3819 3718 421 156 tillgrepp
4111 3718 388 156 misstänkte
