5108 4044
507 145 248 185 han
648 145 248 185 med
790 145 213 185 en
897 145 390 185 nyckel,
1181 145 248 185 som
1323 145 319 185 legat
1535 145 390 185 utanför
1819 145 355 185 dörren
2068 145 177 185 å
2103 145 355 185 dörrkar¬-

493 291 277 150 men,
666 291 346 150 öppnat
908 291 346 150 dörren
1151 291 242 150 och
1289 291 346 150 ingått
1531 291 173 150 i
1600 291 380 150 rummet,
1877 291 242 150 der
2015 291 242 150 han
2119 291 346 150 tillgri¬-

497 386 227 145 pit
626 386 195 145 en
724 386 714 145 fruntimmerspaletå,
1340 386 227 145 ett
1470 386 227 145 par
1599 386 519 145 skinnkänger,
2021 386 227 145 ett
2151 386 227 145 par
2248 386 227 145 byxor

516 491 290 178 jemte
709 491 194 178 en
806 491 258 178 väst
967 491 194 178 af
1064 491 484 178 brunrandigt
1451 491 258 178 tyg,
1613 491 194 178 en
1710 491 387 178 lifrock,
2000 491 194 178 en
2097 491 323 178 mindre
2290 491 194 178 brun

502 597 265 198 låst
667 597 397 198 trälada,
965 597 430 198 hvarefter
1296 597 232 198 han
1428 597 165 198 i
1495 597 629 198 hospitalsbergen
2024 597 265 198 gömt
2156 597 298 198 klädes¬-

506 726 516 170 persedlarne
919 726 310 170 under
1125 726 207 170 en
1228 726 344 170 buske;
1469 726 275 170 att,
1641 726 310 170 sedan
1848 726 241 170 han
1951 726 482 170 sönderslagit

519 822 423 210 träladan,
845 822 228 210 han
975 822 423 210 tillegnat
1300 822 228 210 sig
1430 822 195 210 en
1528 822 260 210 deri
1691 822 390 210 liggande
1984 822 390 210 guldring
2244 822 195 210 jem¬-

507 983 193 124 te
603 983 225 124 två
732 983 578 124 guldberlocker,
1213 983 225 124 men
1341 983 289 124 låtit
1534 983 160 124 i
1598 983 289 124 lådan
1790 983 417 124 qvarligga
2111 983 289 124 några
2272 983 193 124 deri

493 1037 446 190 förvarade
836 1037 480 190 motböcker;
1213 1037 240 190 att
1350 1037 240 190 han
1487 1037 411 190 derefter
1795 1037 343 190 ställt
2035 1037 309 190 lådan
2207 1037 171 190 med

499 1156 560 192 motböckerna
947 1156 261 192 vid
1096 1156 261 192 den
1245 1156 336 192 utmed
1470 1156 709 192 Hospitalskyrkan
2030 1156 373 192 liggande

498 1308 513 147 landsvägen;
908 1308 239 147 att
1045 1308 239 147 han
1182 1308 547 147 sönderrifvit
1627 1308 239 147 och
1763 1308 479 147 bortkastat
2140 1308 205 147 de
2208 1308 171 147 vid

501 1406 728 123 pantsättningarne
1119 1406 437 123 erhållne
1447 1406 619 123 pantsedlarne;
1957 1406 291 123 samt
2139 1406 255 123 att
2248 1406 182 123 han

489 1496 400 153 användt
779 1496 218 153 de
889 1496 473 153 penningar
1252 1496 254 153 han
1397 1496 364 153 dervid
1652 1496 473 153 bekommit,
2015 1496 291 153 till
2161 1496 218 153 sitt

462 1642 473 138 uppehälle.

654 1691 258 195 Den
802 1691 517 195 förenämnde
1208 1691 332 195 lådan
1429 1691 258 195 med
1576 1691 295 195 deri
1761 1691 480 195 förvarade
2093 1691 332 195 motböc¬-

481 1834 246 178 ker
621 1834 281 178 samt
797 1834 246 178 den
938 1834 281 178 från
1114 1834 527 178 Målseganden
1536 1834 422 178 Svensson
1852 1834 492 178 tillgripna
2204 1834 246 178 regn¬-

492 1937 372 194 kappan
752 1937 335 194 hafva
976 1937 298 194 ännu
1162 1937 298 194 icke
1348 1937 745 194 tillrättakommit,
1981 1937 261 194 men
2130 1937 298 194 allt
2279 1937 186 194 det

484 2054 324 202 öfriga
710 2054 324 202 stulna
937 2054 324 202 godset
1163 2054 324 202 hvaraf
1390 2054 259 202 det,
1552 2054 227 202 som
1681 2054 453 202 pantsatts,
2038 2054 356 202 blifvit
2264 2054 162 202 ut¬-

479 2168 264 158 löst
644 2168 198 158 af
743 2168 529 158 vederbörande
1173 2168 330 158 egare,
1404 2168 231 158 har
1536 2168 264 158 till
1701 2168 462 158 målsegarne
2032 2168 429 158 återstälts.

661 2274 245 165 På
784 2274 368 165 grund
1029 2274 245 165 af
1152 2274 327 165 hvad
1356 2274 450 165 sålunda
1683 2274 613 165 förekommit,
2133 2274 327 165 kommer

461 2380 303 235 Johan
664 2380 337 235 Alfred
899 2380 438 235 Johansson
1237 2380 337 235 Strid,
1472 2380 236 235 som
1607 2380 371 235 blifvit
1877 2380 270 235 till
2012 2380 438 235 cellfängel¬-

458 2503 259 217 set
606 2503 592 217 införpassad,
1087 2503 259 217 att
1235 2503 333 217 denna
1456 2503 259 217 dag
1604 2503 259 217 för
1752 2503 259 217 PKn
1863 2503 444 217 inställas.

771 2630 469 183 Göteborg
1123 2630 274 183 den
1279 2630 235 183 26
1397 2630 430 183 Oktober
1670 2630 274 183 1880.

89 2782 290 121 No
185 2782 290 121 226.

53 2884 321 141 Gustaf
245 2884 257 141 Albert

7 2990 358 144 Bergman.

503 2726 367 197 Sedan
748 2726 1182 197 detektivpoliskonstaplarne
1807 2726 244 197 J.
1929 2726 489 197 Rönnbäck
2255 2726 204 197 och

518 2904 296 201 C.
666 2904 641 201 Hellström
1159 2904 296 201 en
1307 2904 345 201 dag
1504 2904 247 201 i
1603 2904 493 201 början
1948 2904 296 201 af
2047 2904 345 201 sist.

495 3044 535 186 September,
915 3044 268 186 vid
1068 3044 268 186 ett
1221 3044 344 186 besök
1450 3044 268 186 hos
1603 3044 573 186 Pantlånaren
2062 3044 229 186 P.
2138 3044 344 186 Larsson

496 3172 305 167 som
671 3172 305 167 har
845 3172 785 167 Pantlånekontor
1499 3172 218 167 i
1586 3172 392 167 huset
1848 3172 262 167 No
1979 3172 262 167 26
2066 3172 218 167 vid

490 3295 588 202 Westergatan
960 3295 196 202 i
1038 3295 431 202 Annedal
1352 3295 548 202 iakttagit,
1783 3295 274 202 att
1939 3295 274 202 hos
2057 3295 274 202 honom

469 3425 507 208 belånats
849 3425 296 208 ett
1018 3425 549 208 dyrbarare
1441 3425 338 208 guld
1652 3425 549 208 remontier
2074 3425 254 208 ur
2159 3425 211 208 och

446 3573 466 199 Larsson
784 3573 212 199 å
869 3573 550 199 anledning
1292 3573 254 199 af
1419 3573 423 199 fråga,
1716 3573 508 199 upplyst,
2097 3573 296 199 att
2224 3573 169 199 en

448 3685 295 178 för
616 3685 379 178 honom
869 3685 379 178 okänd
1122 3685 632 178 mansperson,
1627 3685 463 178 hwilken
1964 3685 295 178 han
2090 3685 337 178 trodde

2642 126 372 173 vara
2875 126 884 173 målarearbetare,
3620 126 465 173 emedan
3945 126 512 173 Karlens
4271 126 279 173 klä¬-

2616 299 321 201 der
2800 299 413 201 varit
3075 299 688 201 nedfläckade
3625 299 275 201 af
3763 299 642 201 målarfärg,
4222 299 321 201 några

2607 427 372 219 dagar
2855 427 496 219 derefter
3227 427 372 219 förut
3475 427 290 219 hos
3641 427 455 219 Larsson
3972 427 496 219 pantsatt
4303 427 248 219 uret

2636 573 324 203 för
2821 573 278 203 20
2960 573 509 203 kronor;
3330 573 278 203 så
3468 573 416 203 hafva
3746 573 509 203 bemälde
4070 573 463 203 konstap¬-

2644 719 352 184 lar,
2864 719 308 184 som
3040 719 617 184 misstänkte
3525 719 308 184 att
3701 719 352 184 uret
3921 719 529 184 möjligen
4274 719 264 184 vore

2657 807 479 250 stulet,
3006 807 392 250 tagit
3268 807 523 250 detsamma
3660 807 218 250 i
3747 807 436 250 förvar
4052 807 349 250 samt
4226 807 349 250 öfver¬-

2683 989 544 194 enskommit
3102 989 293 194 med
3269 989 502 194 Larsson,
3646 989 293 194 att
3813 989 419 194 derest
4107 989 377 194 någon
4316 989 251 194 per¬-

2671 1118 323 217 son,
2873 1118 444 217 infunne
3196 1118 283 217 sig
3357 1118 283 217 för
3519 1118 283 217 att
3680 1118 404 217 utlösa
3963 1118 363 217 uret,
4165 1118 363 217 Larsson

2685 1247 418 219 genast
2978 1247 418 219 skulle
3270 1247 585 219 öfverlemna
3730 1247 460 219 bemälde
4064 1247 418 219 person
4315 1247 251 219 till

2614 1386 741 183 Polismyndigheten.

3008 1506 541 199 Onsdagen
3414 1506 315 199 den
3594 1506 270 199 20
3729 1506 451 199 dennes
4044 1506 270 199 på
4135 1506 315 199 afton

2687 1609 397 231 infann
2965 1609 278 231 sig
3124 1609 199 231 i
3204 1609 477 231 Larssons
3561 1609 715 231 Pantlånekontor
4157 1609 238 231 en
4236 1609 278 231 Karl,

2654 1753 305 202 som
2829 1753 305 202 med
3003 1753 610 202 företeende
3482 1753 261 202 af
3612 1753 653 202 pantsedeln,
4091 1753 392 202 begärde

2676 1920 280 183 att
2836 1920 240 183 få
2956 1920 401 183 utlösa
3237 1920 441 183 berörde
3557 1920 280 183 ur,
3718 1920 401 183 dervid
3998 1920 441 183 Larsson
4279 1920 280 183 igen¬-

2681 2008 407 213 kände
2952 2008 452 213 karlen
3268 2008 361 213 vara
3494 2008 587 213 densamma,
3946 2008 316 213 som
4126 2008 316 213 hos
4262 2008 316 213 honom

2679 2143 436 155 belånat
2996 2143 317 155 uret
3195 2143 277 155 och
3353 2143 198 155 i
3432 2143 515 155 anledning
3829 2143 357 155 deraf
4027 2143 515 155 öfverlemna¬-

2685 2277 244 200 de
2807 2277 366 200 honom
3051 2277 325 200 till
3254 2277 325 200 Pkns
3457 2277 528 200 detektiva
3864 2277 325 200 afds
4067 2277 406 200 kontor
4311 2277 203 200 der

2663 2398 397 197 karlen
2941 2398 397 197 uppgaf
3219 2398 278 197 sig
3378 2398 318 197 vara
3577 2398 278 197 för
3735 2398 397 197 första
4013 2398 357 197 resan
4212 2398 278 197 stöld

2661 2540 512 193 straffade
3054 2540 748 193 Måleriarbetaren
3684 2540 394 193 Gustaf
3960 2540 394 193 Albert
4196 2540 354 193 Bergman

2666 2651 378 169 från
2855 2651 566 169 Falköping.

3332 2729 272 181 Wid
3488 2729 272 181 det
3643 2729 272 181 med
3799 2729 428 181 Bergman
4110 2729 194 181 i
4148 2729 428 181 anledning

2665 2828 360 222 häraf
2905 2828 480 222 anstälda
3265 2828 400 222 förhör
3545 2828 280 222 har
3705 2828 280 222 han
3865 2828 560 222 uppgifvit,
4265 2828 200 222 att

2663 2963 290 217 han,
2844 2963 253 217 som
2989 2963 398 217 vistats
3278 2963 253 217 här
3423 2963 181 217 i
3496 2963 362 217 Staden
3749 2963 326 217 sedan
3966 2963 217 217 år
4075 2963 290 217 1877
4256 2963 253 217 och
4365 2963 217 217 här¬-

2671 3118 367 178 städes
2928 3118 294 178 haft
3112 3118 367 178 arbete
3369 3118 257 178 hos
3516 3118 514 178 åtskillige
3920 3118 625 178 målaremästare
4398 3118 147 178 en

2663 3251 269 197 dag
2816 3251 192 197 i
2893 3251 385 197 slutet
3163 3251 231 197 af
3278 3251 346 197 sist.
3509 3251 423 197 Augusti
3817 3251 192 197 å
3894 3251 269 197 ett
4009 3251 539 197 bolagswärds¬-

2659 3380 300 214 hus
2831 3380 300 214 vid
3002 3380 600 214 Husargatan
3473 3380 728 214 sammanträffat
4073 3380 300 214 med
4244 3380 257 214 en
4330 3380 214 214 för

2677 3535 433 209 honom,
2980 3535 476 209 obekant
3326 3535 389 209 karl,
3585 3535 303 209 som
3758 3535 562 209 uppgifvit
4191 3535 303 209 sig
4320 3535 260 209 wara

2688 3644 498 216 Snickare
3062 3644 291 216 och
3228 3644 249 216 af
3353 3644 457 216 hwilken
3685 3644 457 216 Bergman
4017 3644 291 216 för
4183 3644 249 216 30
4266 3644 332 216 kronor
