5091 4047
512 96 597 210 Krogslätt
971 96 230 210 i
1063 96 551 210 Öregryte
1476 96 505 210 socken,
1843 96 321 210 har
1981 96 459 210 Söndagen

497 229 351 179 den
697 229 301 179 17
848 229 502 179 dennes
1199 229 502 179 anmält
1550 229 351 179 att
1701 229 752 179 derförutgång¬-

484 402 303 157 ne
635 402 354 157 dag
837 402 303 157 på
989 402 253 157 e
1090 402 253 157 m
1191 402 303 157 ur
1342 402 303 157 en
1494 402 455 157 olåst
1797 402 606 157 gaderob,
2201 402 152 157 i

497 523 408 139 hans
752 523 714 139 boningsrum
1313 523 612 139 hvartill
1772 523 510 139 dörren
2078 523 357 139 varit

494 640 416 187 låst,
771 640 694 187 tillgripits
1327 640 324 187 ett
1512 640 324 187 par
1697 640 416 187 byxor
1975 640 278 187 af
2067 640 324 187 grått

499 775 352 183 tyg
700 775 453 183 värde
1002 775 352 183 fem
1203 775 553 183 kronor,
1605 775 352 183 och
1806 775 352 183 ett
2008 775 352 183 par
2159 775 251 183 dy¬-

491 894 401 187 like
742 894 301 187 af
892 894 702 187 grårandigt
1444 894 351 187 tyg
1644 894 351 187 med
1795 894 652 187 vidhängande

478 998 772 186 byxhängslen
1095 998 463 186 värde
1404 998 257 186 8
1507 998 566 186 kronor,
1919 998 412 186 samt
2125 998 257 186 att

468 1106 368 195 han
679 1106 368 195 för
889 1106 474 195 detta
1205 1106 684 195 tillgrepp
1679 1106 631 195 misstänkte

455 1242 341 153 en
626 1242 625 153 obekant
1081 1242 455 153 karl
1365 1242 398 153 som
1592 1242 341 153 på
1763 1242 284 153 f
1876 1242 284 153 m
1933 1242 512 153 inneva¬-

486 1372 366 142 rit
695 1372 261 142 i
799 1372 418 142 hans
1008 1372 470 142 bostad.

641 1481 255 168 I
743 1481 664 168 anledning
1254 1481 460 168 häraf
1560 1481 460 168 hafva
1815 1481 562 168 Detektiv¬-

487 1596 969 190 poliskonstaplarna
1317 1596 277 190 V.
1455 1596 461 190 Bruun,
1778 1596 323 190 och
1963 1596 277 190 J.
2055 1596 369 190 Bohlin

487 1710 314 135 den
667 1710 269 135 19
801 1710 449 135 dennes
1115 1710 314 135 för
1295 1710 404 135 detta
1564 1710 583 135 tillgrepp
1967 1710 449 135 anhållit

492 1791 435 167 förre
782 1791 822 167 Artilleristen
1458 1791 387 167 Carl
1700 1791 483 167 Alfred
1990 1791 435 167 Anders¬-

489 1922 347 135 son
688 1922 694 135 Sjöstrand,
1233 1922 496 135 boende
1581 1922 248 135 i
1630 1922 794 135 Werkstadsarbe¬-

483 2033 387 201 tare
724 2033 580 201 Larssons
1159 2033 338 201 hus
1353 2033 242 201 å
1450 2033 435 201 Burås
1740 2033 242 201 i
1788 2033 580 201 Galgkrogs¬-

473 2170 604 165 bergen,
912 2170 604 165 hvilken
1351 2170 384 165 vid
1571 2170 384 165 det
1790 2170 384 165 med
1955 2170 384 165 honom

473 2256 624 197 anstälda
941 2256 520 197 förhör
1305 2256 728 197 uppgifvit,
1876 2256 364 197 att
2032 2256 260 197 han

482 2376 603 183 Lördagen
934 2376 352 183 den
1135 2376 301 183 16
1286 2376 502 183 dennes
1637 2376 502 183 ingått
1989 2376 251 183 i
2039 2376 352 183 måls¬-

458 2480 544 202 egarens
853 2480 741 202 boningsrum;
1446 2480 346 202 att
1644 2480 346 202 han
1841 2480 297 202 ej
1990 2480 346 202 kan
2138 2480 247 202 på¬-

454 2623 444 137 minna
750 2623 345 137 sig
947 2623 592 137 huruvida
1391 2623 493 137 dörren
1736 2623 395 137 till
1933 2623 444 137 detsam¬-

457 2731 305 163 ma
610 2731 458 163 varit
915 2731 458 163 låst,
1220 2731 458 163 eller
1525 2731 305 163 om
1677 2731 559 163 nyckeln
2033 2731 305 163 lem¬-

450 2850 366 188 nats
679 2850 366 188 qvar
907 2850 229 188 i
999 2850 640 188 dörrlåset,
1502 2850 320 188 att
1684 2850 274 188 då
1822 2850 411 188 ingen
2050 2850 320 188 inne¬-

456 2959 443 208 varit
751 2959 246 208 i
849 2959 492 208 rummet
1194 2959 344 208 han
1390 2959 295 208 ur
1538 2959 295 208 en
1685 2959 443 208 olåst
1931 2959 443 208 gaderob

460 3082 605 177 derstädes,
935 3082 648 177 tillgripit,
1454 3082 303 177 två
1627 3082 303 177 par
1800 3082 432 177 byxor,
2059 3082 346 177 hvilke

448 3201 340 173 han
643 3201 485 173 genast
982 3201 582 173 försålt,
1419 3201 388 173 till
1662 3201 340 173 två
1856 3201 340 173 för
2001 3201 340 173 honom

447 3316 635 154 obekanta
923 3316 846 154 manspersoner
1611 3316 423 154 till
1875 3316 423 154 pris
2087 3316 264 154 som

449 3443 337 156 han
641 3443 385 156 enär
882 3443 337 156 han
1075 3443 337 156 vid
1267 3443 674 156 tillfället
1797 3443 433 156 varit
2038 3443 337 156 druc-

443 3565 396 179 ken,
691 3565 297 179 ej
840 3565 347 179 kan
1038 3565 545 179 påminna
1434 3565 396 179 sig,
1681 3565 396 179 samt
1929 3565 347 179 att
2077 3565 248 179 han

437 3689 572 192 användt
853 3689 312 192 de
1009 3689 364 192 vid
1217 3689 780 192 försälgning
1789 3689 520 192 erhållna

2562 168 526 209 penningarne
2982 168 280 209 till
3123 168 420 209 förtäring.

2677 259 206 230 På
2780 259 309 230 grund
2986 259 206 230 af
3089 259 275 230 hvad
3261 259 378 230 sålunda
3535 259 515 230 förekommit,
3947 259 343 230 kommer
4188 259 275 230 Carl
4325 259 172 230 Al¬-

2560 361 268 255 fred
2727 361 435 255 Andersson
3061 361 435 255 Sjöstrand
3396 361 234 255 att
3530 361 301 255 denna
3731 361 234 255 dag
3864 361 234 255 för
3998 361 234 255 PKn
4099 361 401 255 inställas.

2971 468 430 229 Göteborg
3294 468 251 229 den
3437 468 215 229 19
3545 468 394 229 Oktober
3796 468 251 229 1880.

4495 558 282 107 No
4589 558 282 107 224.

4481 618 208 147 Carl
4611 618 260 147 August
4767 618 182 147 Blan¬-

4465 747 274 169 kenfjell.

2646 592 184 184 På
2738 592 337 184 anmodan
2983 592 184 184 af
3075 592 306 184 ogifta
3289 592 245 184 Anna
3442 592 398 184 Charlotta
3748 592 459 184 Gustafsson,
4115 592 153 184 i
4176 592 306 184 tjenst
4360 592 153 184 hos

2565 715 541 178 Handelsagenten
3016 715 180 178 C.
3106 715 391 178 Rubenson,
3407 715 301 178 boende
3618 715 150 178 i
3678 715 271 178 huset
3858 715 180 178 No
3949 715 180 178 56
4039 715 211 178 vid
4129 715 361 178 Drottning¬-

2567 796 288 259 gatan,
2769 796 202 259 har
2884 796 432 259 Pkonstapeln
3230 796 173 259 No
3316 796 173 259 21
3402 796 346 259 Lundgren
3662 796 346 259 Onsdagen
3921 796 202 259 den
4036 796 173 259 20
4123 796 173 259 ds
4209 796 202 259 kl.
4295 796 202 259 10,30

2568 952 239 194 f.m.
2718 952 359 194 anhållit
2986 952 478 194 arbetskarlen
3375 952 239 194 Carl
3524 952 299 194 August
3733 952 508 194 Blankenfjell,
4152 952 299 194 boende
4361 952 149 194 i
4391 952 149 194 hu¬-

2578 1059 183 223 et
2669 1059 183 223 No
2760 1059 152 223 7
2821 1059 213 223 vid
2943 1059 457 223 Bergsgatan,
3309 1059 213 223 för
3431 1059 213 223 det
3553 1059 213 223 han
3675 1059 244 223 kort
3827 1059 274 223 förut
4010 1059 152 223 å
4071 1059 427 223 Fisktorget
4376 1059 122 223 ur

2574 1156 466 270 Gustafssons
2947 1156 404 270 kappficka
3258 1156 435 270 tillgripit
3600 1156 186 270 en
3693 1156 466 270 portmonnaie
4066 1156 186 270 af
4159 1156 280 270 brunt
4314 1156 218 270 skinn

2586 1340 474 174 innehållande
2972 1340 178 174 13
3061 1340 296 174 Kronor
3268 1340 178 174 69
3327 1340 178 174 öre.

2691 1396 563 249 Blankenfjell,
3155 1396 365 249 hvilken
3420 1396 232 249 vid
3553 1396 497 249 anhållandet
3950 1396 398 249 innehade
4249 1396 232 249 den
4348 1396 199 249 från

2607 1553 464 221 Gustafsson
2971 1553 464 221 tillgripne
3336 1553 563 221 portmonnaien,
3800 1553 232 221 har
3932 1553 232 221 vid
4065 1553 232 221 det
4198 1553 232 221 med
4297 1553 232 221 honom

2604 1681 145 206 i
2662 1681 378 206 anledning
2953 1681 262 206 häraf
3127 1681 378 206 anställda
3418 1681 291 206 förhör
3622 1681 320 206 erkänt,
3854 1681 204 206 att
3971 1681 233 206 han,
4116 1681 204 206 som
4232 1681 262 206 under
4378 1681 145 206 in¬-

2608 1790 395 212 nevarande
2911 1790 273 212 vecka
3094 1790 243 212 icke
3246 1790 243 212 haft
3398 1790 273 212 någon
3580 1790 577 212 sysselsättning,
4066 1790 365 212 onsdagen
4339 1790 213 212 den
4430 1790 122 212 20

2600 1908 310 216 dennes
2817 1908 186 216 på
2910 1908 248 216 f.m.
3066 1908 217 216 vid
3190 1908 217 216 det
3314 1908 217 216 han
3438 1908 155 216 å
3500 1908 435 216 Fisktorget
3842 1908 248 216 gått
3997 1908 279 216 förbi
4152 1908 404 216 målsegaren,

2606 2056 198 208 ue
2705 2056 331 208 dennas
2936 2056 430 208 kappficka
3267 2056 463 208 tillgripit
3631 2056 562 208 portmonnaien,
4093 2056 231 208 som
4226 2056 231 208 han
4325 2056 198 208 ned¬-

2598 2215 238 202 lagt
2747 2215 149 202 i
2807 2215 209 202 sin
2926 2215 387 202 byxficka,
3224 2215 209 202 men
3343 2215 238 202 att,
3462 2215 209 202 sedan

3603 2193 185 76 innan

3654 2171 255 179 han
3799 2171 364 179 hunnit
4054 2171 437 179 aflägsna
4346 2171 182 179 sig

2616 2301 269 248 från
2784 2301 302 248 sagde
2986 2301 302 248 torg,
3188 2301 235 248 han
3322 2301 370 248 blifvit
3591 2301 202 248 af
3692 2301 639 248 Poliskonstapeln
4196 2301 336 248 Lundgren

2571 2524 441 137 anhållen.

2783 2514 570 231 Portmonnaien
3246 2514 321 231 jemte
3460 2514 534 231 penningarne
3887 2514 321 231 hafva
4101 2514 392 231 lemnats
4350 2514 214 231 till

2572 2741 531 128 Målsegaren.

2829 2721 212 232 På
2935 2721 317 232 grund
3146 2721 212 232 af
3252 2721 282 232 hvad
3428 2721 388 232 sålunda
3710 2721 529 232 förekommit,
4133 2721 353 232 kommer
4345 2721 212 232 Carl

2622 2839 339 244 August
2860 2839 543 244 Blankenfjell
3301 2839 237 244 att
3436 2839 305 244 denna
3640 2839 237 244 dag
3775 2839 237 244 för
3911 2839 237 244 PKn
4013 2839 407 244 inställas.

2902 2970 456 231 Göteborg
3244 2970 266 231 den
3396 2970 228 231 21
3511 2970 418 231 Oktober
3777 2970 266 231 1880.

4507 3028 309 141 No
4611 3028 309 141 225.

4522 3144 311 144 Johan
4695 3144 277 144 Alfred

4514 3242 389 167 Johansson
4783 3242 210 167 Strid

2719 3091 471 212 Följande
3072 3091 432 212 persner
3386 3091 353 212 hafva
3583 3091 353 212 anmält:

2641 3188 211 188 1o
2746 3188 562 188 Månadskarlen
3202 3188 351 188 August
3448 3188 456 188 Svensson,
3799 3188 351 188 boende
4045 3188 175 188 i
4115 3188 316 188 huset
4326 3188 211 188 No
4396 3188 105 188 1

2645 3301 242 200 vid
2784 3301 483 200 Skolgatan;
3163 3301 242 200 att
3301 3301 173 200 i
3370 3301 345 200 början
3612 3301 207 200 af
3715 3301 518 200 innevarande
4129 3301 311 200 månad
4336 3301 173 200 å
4371 3301 138 200 en

2627 3415 268 185 låst
2794 3415 268 185 vind
2961 3415 167 185 i
3028 3415 502 185 ofvannämnde
3429 3415 234 185 hus
3563 3415 502 185 tillgripits
3964 3415 201 185 en
4064 3415 401 185 grårutig
4332 3415 234 185 regn¬-

2666 3535 304 194 kappa,
2878 3535 213 194 som
3000 3535 395 194 tillhörde
3303 3535 243 194 hans
3455 3535 334 194 12åriga
3698 3535 304 194 dotter
3911 3535 213 194 och
4032 3535 243 194 vore
4184 3535 243 194 värd
4336 3535 182 194 10
4397 3535 182 194 kro¬-

2599 3747 264 96 nor;
