5078 4053
564 82 270 184 från
733 82 236 184 ett
868 82 270 184 bord
1037 82 236 184 wid
1172 82 236 184 Nya
1307 82 337 184 Allén:
1543 82 236 184 att
1678 82 405 184 Lördagen
1981 82 236 184 den
2116 82 169 184 6
2150 82 270 184 sistl.

546 197 427 173 November
867 197 392 173 klockan
1152 197 392 173 omkring
1436 197 178 173 5
1507 197 214 173 på
1614 197 214 173 e.
1721 197 249 173 m.,
1863 197 214 173 en
1970 197 392 173 obekant
2219 197 214 173 karl

542 301 232 168 af
658 301 348 168 henne
891 301 271 168 för
1045 301 310 168 åtta
1239 301 271 168 öre
1394 301 232 168 af
1510 301 348 168 henne
1742 301 310 168 köpt
1936 301 271 168 twå
2052 301 348 168 stycken

535 400 377 165 Limpor
799 400 264 165 och
950 400 377 165 dervid
1214 400 339 165 såsom
1440 400 377 165 liquid
1704 400 377 165 lemnat
1968 400 264 165 ett
2082 400 339 165 Ettkro¬-

525 504 435 162 nemynt,
842 504 316 162 samt
1039 504 277 162 att
1197 504 356 162 sedan
1434 504 277 162 hon
1592 504 395 162 lemnat
1869 504 395 162 karlen
2145 504 237 162 92
2224 504 198 162 öre

539 609 499 137 tillbaka,
923 609 269 137 och
1076 609 346 137 denne
1307 609 499 137 aflägsnat
1691 609 307 137 sig,
1883 609 269 137 hon
2036 609 269 137 wid
2152 609 230 137 när¬-

523 703 333 175 mare
732 703 500 175 påseende
1107 703 417 175 funnit
1399 703 417 175 myntet
1690 703 333 175 wara
1857 703 542 175 eftergjordt

539 788 282 176 ett
700 788 483 176 gällande
1062 788 322 176 mynt
1264 788 201 176 å
1344 788 242 176 En
1425 788 322 176 krona.

514 892 248 157 2o
638 892 620 157 Bokhållaren
1134 892 248 157 A.
1258 892 248 157 G.
1382 892 537 157 Gillberg,
1795 892 496 157 anställd
2125 892 207 157 hos

533 992 527 194 Bryggaren
939 992 243 194 O.
1060 992 567 194 Andersson,
1506 992 284 194 som
1668 992 284 194 bor
1831 992 203 194 i
1871 992 527 194 Galgkrogar¬-

525 1105 295 127 ne:
693 1105 295 127 att
862 1105 295 127 den
1031 1105 253 127 29
1157 1105 421 127 sistl.
1452 1105 506 127 November
1831 1105 253 127 en
1958 1105 337 127 utaf
2126 1105 211 127 An¬-

544 1194 432 174 derssons
868 1194 612 174 Drickutkörare
1372 1194 180 174 i
1444 1194 360 174 liquid
1695 1194 432 174 erhållit
2019 1194 252 174 ett
2127 1194 288 174 falskt

514 1299 376 123 mynt
749 1299 282 123 af
890 1299 376 123 tenn
1125 1299 235 123 å
1219 1299 282 123 En
1360 1299 470 123 krona,
1688 1299 376 123 utan
1923 1299 329 123 att
2064 1299 329 123 denne

543 1395 477 173 kunnat
877 1395 477 173 erinra
1211 1395 334 173 sig
1402 1395 286 173 af
1545 1395 381 173 hwem
1783 1395 334 173 han
1926 1395 477 173 bekommit

478 1512 486 132 detsamma.

512 1554 280 172 3o
652 1554 982 172 Mångleriidkerskan
1494 1554 701 172 Bernhardina
2008 1554 374 172 Hindel

526 1687 394 141 boende
801 1687 197 141 i
880 1687 355 141 huset
1116 1687 236 141 No
1235 1687 236 141 21
1353 1687 276 141 wid
1510 1687 630 141 Mellangatan,
2022 1687 276 141 att
2141 1687 236 141 till

510 1797 402 125 henne,
791 1797 281 125 som
952 1797 402 125 idkade
1233 1797 442 125 handel,
1555 1797 322 125 från
1756 1797 241 125 en
1876 1797 201 125 å
1917 1797 482 125 Masthuggs¬-

531 1892 363 165 torget
785 1892 436 165 utställd
1112 1892 291 165 wagn
1293 1892 254 165 den
1439 1892 218 165 11
1548 1892 363 165 dennes
1802 1892 545 165 utprånglats
2201 1892 182 165 ett

511 1998 479 148 tennmynt
871 1998 200 148 å
951 1998 240 148 En
1070 1998 400 148 krona,
1350 1998 320 148 utan
1550 1998 280 148 att
1710 1998 280 148 hon
1870 1998 360 148 kunde
2069 1998 320 148 erinra

510 2092 277 179 sig
669 2092 237 179 af
787 2092 317 179 hwem
985 2092 277 179 hon
1143 2092 475 179 mottagit
1460 2092 356 179 myntet.

528 2196 244 170 4o
650 2196 529 170 Ynglingen
1057 2196 244 170 C.
1180 2196 570 170 Fagerberg,
1627 2196 407 170 boende
1912 2196 204 170 i
1994 2196 366 170 huset
2197 2196 163 170 No

516 2295 247 118 15
639 2295 288 118 vid
804 2295 781 118 Spannmålsgatan:
1461 2295 288 118 att
1625 2295 329 118 till
1831 2295 411 118 honom,
2078 2295 205 118 som

529 2387 248 159 wid
670 2387 497 159 Fisktorget
1061 2387 426 159 försålde
1380 2387 426 159 Borstar,
1699 2387 248 159 den
1841 2387 213 159 11
1912 2387 461 159 innevarande

534 2465 443 169 December,
875 2465 170 169 i
943 2465 307 169 såsom
1147 2465 341 169 liquid
1385 2465 238 169 för
1522 2465 375 169 dylika,
1794 2465 272 169 utpt
1930 2465 443 169 utprånglats

521 2571 254 125 ett
666 2571 617 125 Ettkronesmynt
1174 2571 218 125 af
1283 2571 290 125 tenn
1464 2571 290 125 utan
1645 2571 254 125 att
1791 2571 254 125 han
1936 2571 327 125 kunde
2117 2571 254 125 ihåg¬-

496 2667 473 142 komma,
827 2667 378 142 hwem
1063 2667 331 142 som
1252 2667 473 142 lemnat
1583 2667 426 142 honom
1820 2667 520 142 detsamma.

512 2757 264 150 5o
644 2757 396 150 Enkan
908 2757 396 150 Alina
1173 2757 617 150 Nordström,
1657 2757 441 150 boende
1966 2757 220 150 i
2010 2757 308 150 huset

517 2859 243 143 No
638 2859 284 143 100
800 2859 324 143 Litt
1003 2859 203 143 A
1084 2859 203 143 i
1165 2859 527 143 Hagaheden
1570 2859 284 143 och
1732 2859 446 143 idkande
2015 2859 324 143 handel

513 2972 279 117 med
672 2972 438 117 småbröd
991 2972 199 117 å
1070 2972 637 117 Kungstorget;
1588 2972 279 117 att
1747 2972 279 117 den
1906 2972 239 117 16
1986 2972 318 117 dennes

496 3065 244 174 på
618 3065 447 174 aftonen
943 3065 244 174 en
1065 3065 609 174 arbetsklädd
1552 3065 325 174 karl
1755 3065 244 174 af
1877 3065 366 174 henne
2080 3065 244 174 köpt

515 3156 268 158 för
668 3156 307 158 åtta
860 3156 268 158 öre
1013 3156 575 158 pepparkakor
1473 3156 307 158 samt
1665 3156 345 158 såsom
1895 3156 383 158 liquid
2125 3156 230 158 der¬-

521 3238 276 161 för
678 3238 395 161 lemnat
955 3238 276 161 att
1113 3238 316 161 mynt
1310 3238 197 161 å
1389 3238 237 161 En
1508 3238 395 161 krona;
1784 3238 276 161 att
1942 3238 355 161 sedan
2140 3238 197 161 hon

512 3331 359 182 gifwit
763 3331 359 182 karlen
1014 3331 466 182 tillbakas
1373 3331 215 182 92
1480 3331 251 182 öre
1624 3331 251 182 och
1767 3331 323 182 denne
1982 3331 359 182 hunnit
2198 3331 179 182 af¬-

496 3435 349 143 lägsna
740 3435 279 143 sig,
915 3435 244 143 hon
1054 3435 558 143 warseblifwit
1508 3435 244 143 att
1647 3435 349 143 myntet
1892 3435 314 143 varit
2066 3435 314 143 falskt,

495 3523 232 167 6o
611 3523 773 167 Handelsidkerskan
1268 3523 348 167 Hedda
1500 3523 464 167 Djuberg,
1848 3523 386 167 boende
2118 3523 193 167 i
2157 3523 193 167 hu¬-

489 3657 251 123 set
633 3657 215 123 No
740 3657 179 123 9
812 3657 179 123 -
884 3657 215 123 11
991 3657 251 123 wid
1135 3657 359 123 Westra
1386 3657 538 123 Skansgatan;
1817 3657 251 123 att
1960 3657 251 123 hon
2104 3657 251 123 den
2211 3657 144 123 17

497 3723 324 144 dennes
723 3723 227 144 vid
853 3723 356 144 wexling
1112 3723 162 144 i
1177 3723 227 144 sin
1307 3723 324 144 butik,
1534 3723 421 144 emottagit
1858 3723 227 144 ett
1987 3723 324 144 falskt
2182 3723 194 144 mynt

2726 101 171 179 å
2794 101 206 179 50
2897 101 240 179 öre
3034 101 274 179 samt
3206 101 240 179 att
3343 101 240 179 hon
3480 101 274 179 icke
3651 101 309 179 wiste
3857 101 309 179 hvem,
4063 101 240 179 som
4166 101 411 179 utprånglat

2675 204 428 132 detsamma.

2850 295 415 128 Lördagen
3162 295 242 128 den
3300 295 208 128 18
3404 295 346 128 dennes
3646 295 242 128 kl.
3785 295 381 128 omkring
4062 295 173 128 5
4131 295 208 128 på
4235 295 208 128 e.
4339 295 208 128 m.
4408 295 173 128 in¬-

2723 389 307 160 fann
2914 389 268 160 sig
3068 389 268 160 hos
3221 389 345 160 Enkan
3451 389 307 160 Anna
3643 389 460 160 Fredrika
3988 389 422 160 Hallén,
4295 389 268 160 som
4410 389 153 160 är

2727 488 370 99 boende
2986 488 185 99 i
3060 488 333 99 huset
3282 488 222 99 No
3393 488 185 99 3
3467 488 259 99 wid
3615 488 296 99 Öfra
3799 488 518 99 Husargatan
4206 488 259 99 och
4317 488 259 99 idkar

2723 563 373 168 handel
2984 563 261 168 med
3133 563 522 168 Karameller
3544 563 261 168 och
3693 563 299 168 Bröd
3879 563 299 168 från
4066 563 261 168 ett
4215 563 299 168 bord
4364 563 187 168 wid

2701 665 477 146 Husarbron,
3075 665 340 146 enligt
3314 665 272 146 hvad
3484 665 238 146 hon
3620 665 374 146 anmält,
3892 665 204 146 en
3994 665 374 146 obekant
4267 665 272 146 karl
4403 665 170 146 och

2706 745 408 172 begärde
3002 745 296 172 köpa
3188 745 519 172 Karameller
3595 745 296 172 samt
3781 745 556 172 framlemnade
4225 745 185 172 i
4263 745 296 172 liquid

2704 835 388 166 derför
2976 835 271 166 ett
3131 835 310 166 mynt
3325 835 194 166 å
3402 835 233 166 En
3519 835 388 166 krona,
3790 835 194 166 i
3868 835 504 166 anledning
4217 835 310 166 hwaraf

2709 973 354 137 Enkan
2944 973 432 137 Hallén,
3259 973 275 137 som
3416 973 393 137 genast
3691 973 550 137 misstänkte
4123 973 275 137 att
4241 973 314 137 myntet

2713 1022 293 180 wore
2896 1022 403 180 falskt;
3189 1022 513 180 qwarhållit
3592 1022 366 180 karlen
3848 1022 256 180 och
3995 1022 513 180 eftersände
4361 1022 183 180 Po¬-

2719 1103 637 188 lisbetjening,
3243 1103 262 188 som
3393 1103 374 188 anhöll
3655 1103 262 188 och
3805 1103 412 188 afförde
4104 1103 337 188 honom
4291 1103 225 188 till

2705 1199 289 154 3dje
2885 1199 542 154 Distriktets
3283 1199 469 154 waktkontor.

2785 1303 383 159 Karlen
3053 1303 268 159 som
3206 1303 498 159 derstädes
3589 1303 421 159 befanns
3896 1303 306 159 wara
4087 1303 345 159 förre
4279 1303 268 159 Gelb¬-

2683 1403 443 148 gjutaren
3015 1403 295 148 Carl
3199 1403 369 148 August
3458 1403 443 148 Jönsson,
3790 1403 369 148 boende
4048 1403 184 148 i
4121 1403 332 148 huset
4343 1403 221 148 No
4416 1403 148 148 60

2704 1484 242 151 af
2825 1484 485 151 Majornes
3188 1484 283 151 5te
3350 1484 323 151 rote
3552 1484 485 151 innehade
3915 1484 283 151 wid
4076 1484 444 151 anstäld
4359 1484 202 151 vi¬-

2645 1554 530 184 sitation,
3053 1554 449 184 förutom
3380 1554 286 184 det
3543 1554 408 184 falska
3829 1554 326 184 mynt
4033 1554 286 184 han
4196 1554 326 184 sökt
4359 1554 204 184 ut¬-

2699 1646 381 179 prångla
2977 1646 277 179 till
3150 1646 312 179 Enkan
3358 1646 381 179 Hallén,
3635 1646 520 179 ytterligare
4051 1646 243 179 ett
4190 1646 347 179 dylikt
4398 1646 104 179 i

2715 1748 248 120 sin
2821 1748 425 120 rockficka.

2789 1805 265 180 Wid
2941 1805 265 180 med
3092 1805 303 180 Carl
3281 1805 378 180 August
3546 1805 416 180 Jönsson
3849 1805 189 180 i
3924 1805 492 180 anledning
4265 1805 265 180 häraf

2701 1919 494 148 anställde
3081 1919 380 148 förhör
3347 1919 266 148 har
3499 1919 266 148 han
3652 1919 456 148 alldeles
3994 1919 456 148 förnekat
4298 1919 190 148 så¬-

2710 2011 276 165 wäl
2867 2011 276 165 att
3025 2011 276 165 han
3182 2011 473 165 någonsin
3537 2011 551 165 eftergjort
3970 2011 355 165 några
4206 2011 315 165 mynt
4364 2011 197 165 som

2710 2107 247 151 ock
2851 2107 247 151 att
2992 2107 247 151 han
3134 2107 283 151 sökt
3311 2107 460 151 utprångla
3664 2107 354 151 falske
3912 2107 389 151 sådant,
4159 2107 389 151 hvarjemte

2717 2217 264 163 han,
2882 2217 231 163 att
3014 2217 264 163 han,
3179 2217 231 163 som
3310 2217 231 163 har
3442 2217 363 163 biträdt
3706 2217 198 163 en
3805 2217 264 163 karl
3970 2217 264 163 från
4134 2217 363 163 landet,
4365 2217 165 163 som

2715 2307 238 152 han
2851 2307 340 152 trodde
3089 2307 272 152 heta
3259 2307 408 152 Brundin,
3565 2307 238 152 med
3702 2307 238 152 att
3838 2307 272 152 bära
4008 2307 306 152 Sill,
4212 2307 170 152 i
4246 2307 306 152 ersätt¬-

2705 2398 288 147 ning
2885 2398 360 147 derför
3137 2398 216 147 af
3244 2398 360 147 honom,
3496 2398 467 147 emottagit
3856 2398 252 147 ett
4000 2398 288 147 mynt
4179 2398 180 147 å
4251 2398 216 147 En
4323 2398 216 147 kro¬-

2710 2517 238 128 na;
2846 2517 238 128 att
2982 2517 238 128 han
3118 2517 408 128 derefter
3424 2517 408 128 begifwit
3731 2517 238 128 sig
3867 2517 272 128 till
4037 2517 306 128 Enkan
4207 2517 306 128 Halléns

2718 2560 651 183 försäljningsbord
3271 2560 228 183 och
3402 2560 260 183 köpt
3564 2560 455 183 karameller
3922 2560 163 183 i
3987 2560 325 183 liquid
4215 2560 228 183 för
4312 2560 228 183 hvil¬-

2673 2677 251 147 ka
2799 2677 293 147 han
2966 2677 418 147 lemnat
3259 2677 293 147 det
3426 2677 460 147 sålunda
3760 2677 502 147 mottagna
4095 2677 376 147 myntet,

2692 2759 422 146 hwilket
2999 2759 230 146 då
3114 2759 422 146 befanns
3421 2759 307 146 wara
3613 2759 422 146 falskt,
3921 2759 230 146 en
3997 2759 538 146 omständighet

2709 2854 332 158 derom
2930 2854 406 158 Jönsson
3226 2854 332 158 förut
3447 2854 295 158 icke
3632 2854 295 158 haft
3816 2854 332 158 någon
4037 2854 443 158 wetskap.
4333 2854 184 158 att

2709 2942 268 173 han
2862 2942 306 173 icke
3053 2942 382 173 heller
3321 2942 382 173 förrän
3588 2942 268 173 wid
3741 2942 268 173 den
3856 2942 650 173 kroppsundersök¬-

2698 3023 292 149 ning
2881 3023 256 149 han
3027 3023 183 149 i
3100 3023 475 149 anledning
3466 3023 329 149 deraf
3685 3023 621 149 underkastats,
4160 3023 329 149 hwarwid

2684 3133 289 138 han
2849 3133 206 138 i
2931 3133 289 138 ena
3096 3133 578 138 rockfickan
3550 3133 536 138 befunnits
3963 3133 536 138 innehafwa
4334 3133 206 138 yt¬-

2704 3241 483 156 terligare
3075 3241 260 156 ett
3224 3241 371 156 falskt
3484 3241 297 156 mynt
3670 3241 223 156 af
3781 3241 446 156 enahanda
4115 3241 371 156 walör,
4338 3241 223 156 der¬-

2685 3330 239 138 om
2805 3330 318 138 haft
3003 3330 278 138 den
3162 3330 477 138 ringaste
3520 3330 517 138 kännedom,
3918 3330 398 138 hwadan
4196 3330 278 138 han
4315 3330 239 138 för¬-

2691 3417 357 195 modade
2941 3417 250 195 att
3084 3417 321 195 någon
3298 3417 357 195 person
3547 3417 214 195 af
3654 3417 428 195 illvilja
3975 3417 285 195 lagt
4118 3417 428 195 sistnämnde

2702 3535 306 156 mynt
2893 3535 191 156 i
2969 3535 306 156 hans
3122 3535 306 156 ficka.

2802 3621 371 182 Följande
3080 3621 371 182 personer
3358 3621 278 182 hafva
3513 3621 309 182 upplyst:

2712 3723 194 181 1o
2809 3723 323 181 Gossen
3035 3723 291 181 Johan
3228 3723 323 181 Albert
3454 3723 452 181 Petersson,
3810 3723 258 181 född
3971 3723 226 181 den
4100 3723 194 181 10
4197 3723 226 181 Maj
4294 3723 226 181 1868.
