5017 4052
467 130 225 220 i
557 130 451 220 slutet
873 130 270 220 af
1008 130 451 220 sistl.
1323 130 270 220 år
1458 130 315 220 vid
1639 130 315 220 tre
1819 130 631 220 tillfällen
2270 130 180 220 då

463 270 349 151 han
663 270 299 151 af
812 270 349 151 sin
1012 270 599 151 husbonde
1461 270 549 151 blifvit
1860 270 499 151 utsänd
2160 270 249 151 med

458 403 430 178 varor
745 403 382 178 till
983 403 716 178 Hospiltalet
1556 403 286 178 på
1699 403 621 178 Hisingen,
2129 403 334 178 mötts

473 527 281 183 af
614 527 561 183 Sjöberg,
1034 527 514 183 hvilken
1408 527 421 183 låtit
1689 527 608 183 Johansson
2110 527 327 183 vända

449 646 265 169 om
581 646 309 169 med
758 646 529 169 åktdonet
1154 646 309 169 och
1331 646 353 169 köra
1551 646 353 169 till
1772 646 309 169 ett
1948 646 309 169 vid
2080 646 353 169 Qvarn¬-

454 779 580 215 bergsgatan
909 779 456 215 beläget
1241 779 331 215 hus,
1448 779 290 215 der
1613 779 456 215 Sjöberg
1945 779 414 215 hvarje
2193 779 249 215 gång

432 977 375 152 från
666 977 328 152 det
854 977 609 152 levrerade
1322 977 515 152 partiet
1697 977 562 152 korngryn
2071 977 375 152 aflagt

464 1053 281 197 en
605 1053 374 197 säck
839 1053 234 197 i
932 1053 421 197 nände
1213 1053 328 197 hus
1400 1053 468 197 dervid
1728 1053 328 197 han
1868 1053 515 197 uppgifvit

460 1210 336 137 att
652 1210 336 137 det
844 1210 528 137 sålunda
1228 1210 528 137 aftagna
1613 1210 336 137 var
1805 1210 480 137 sådant
2093 1210 240 137 som

472 1287 462 211 blifvit
808 1287 378 211 öfver
1060 1287 294 211 vid
1228 1287 588 211 leveransen
1691 1287 294 211 och
1859 1287 294 211 att
2027 1287 294 211 han
2153 1287 252 211 der¬-

470 1409 298 195 med
641 1409 340 195 egde
853 1409 340 195 göra
1066 1409 340 195 hvad
1279 1409 298 195 han
1449 1409 426 195 ville;
1747 1409 298 195 att
1917 1409 468 195 Sjöberg
2215 1409 213 195 un¬-

451 1583 288 113 der
615 1583 617 113 innevarande
1109 1583 247 113 år
1232 1583 329 113 ofta
1438 1583 370 113 vissa
1685 1583 452 113 månader
2014 1583 329 113 ända
2178 1583 247 113 till

452 1691 369 157 till
683 1691 231 157 3
775 1691 461 157 gånger
1098 1691 231 157 i
1190 1691 507 157 månaden
1559 1691 369 157 dels
1790 1691 277 157 på
1882 1691 461 157 enahanda

443 1791 383 195 sätt
683 1791 383 195 mött
922 1791 622 195 Johansson
1401 1791 287 195 då
1544 1791 431 195 denne
1832 1791 479 195 skolat
2119 1791 287 195 köra

452 1942 250 169 ut
577 1942 375 169 varor
828 1942 334 169 till
1036 1942 626 169 Hospitalet;
1537 1942 292 169 och
1703 1942 334 169 dels
1912 1942 375 169 sedan
2120 1942 334 169 Johan¬-

433 2046 312 198 san
612 2046 535 198 ditländt
1013 2046 312 198 med
1191 2046 490 198 varorne
1547 2046 490 198 aftagit
1904 2046 267 198 än
2038 2046 267 198 en
2127 2046 267 198 säck

436 2186 271 175 än
571 2186 271 175 en
707 2186 362 175 half
933 2186 362 175 säck
1159 2186 407 175 gryn,
1431 2186 543 175 äfvensom
1837 2186 271 175 en
1973 2186 362 175 gång
2154 2186 226 175 nå¬-

430 2309 282 164 got
591 2309 362 164 ärter
832 2309 282 164 och
993 2309 242 164 en
1114 2309 322 164 säck
1315 2309 443 164 potatis
1637 2309 282 164 att
1798 2309 443 164 varorna
2080 2309 322 164 stadse

388 2445 254 184 på
515 2445 508 184 Sjöbergs
896 2445 635 184 tillsägelse
1404 2445 550 184 aflemnats
1827 2445 339 184 till
1996 2445 339 184 Handl.

393 2552 492 205 Nilsson
751 2552 448 205 dervid
1065 2552 492 205 Sjöberg
1423 2552 403 205 sjelf
1691 2552 403 205 följt
1960 2552 313 205 med
2094 2552 224 205 och

419 2683 338 151 sålt
630 2683 465 151 varorna
969 2683 338 151 till
1180 2683 423 151 denne;
1476 2683 338 151 samt
1688 2683 296 151 att
1857 2683 254 151 då
1942 2683 465 151 Johansson

437 2832 303 150 vid
610 2832 303 150 ett
783 2832 260 150 af
913 2832 476 150 berorde
1260 2832 606 150 tillfällen
1736 2832 476 150 anmärkt
2083 2832 303 150 att
2212 2832 217 150 det

444 2960 310 183 väl
621 2960 266 183 ej
754 2960 355 183 vore
976 2960 355 183 rätt
1198 2960 310 183 att
1375 2960 488 183 Sjöberg
1730 2960 355 183 toge
1952 2960 266 183 så
2040 2960 355 183 mycket

421 3112 279 151 af
561 3112 559 151 varorna,
980 3112 419 151 denne
1260 3112 373 151 åter
1493 3112 652 151 försäkratt
2005 3112 326 151 att
2145 3112 279 151 hvad

407 3249 312 142 han
586 3249 490 142 sålunda
942 3249 445 142 aftoge
1254 3249 445 142 endast
1565 3249 534 142 utgjorde
1922 3249 534 142 öfverskott

430 3339 292 199 vid
597 3339 585 199 leverunden
1057 3339 292 199 och
1224 3339 292 199 att
1391 3339 292 199 han
1558 3339 334 199 egde
1767 3339 334 199 rätt
1976 3339 292 199 att
2102 3339 292 199 sälja

351 3496 725 159 detsamma.

412 3583 488 183 Sjöberg
766 3583 532 183 härefter
1166 3583 665 183 ytterligare
1698 3583 399 183 hörd,
1964 3583 310 183 har
2097 3583 355 183 erkänt

391 3719 324 211 att
576 3719 370 211 hvad
807 3719 324 211 han
992 3719 370 211 från
1223 3719 648 211 Hospitalet
1686 3719 555 211 tillgripit

2616 149 330 189 och
2805 149 378 189 sålt
3041 149 519 189 utgjort
3418 149 661 189 åtminstone
3938 149 330 189 den
4079 149 425 189 mycken¬-

2618 264 308 191 het
2794 264 396 191 varor
3058 264 704 191 Handlanderne
3630 264 484 191 Nilsson
3982 264 308 191 och
4114 264 440 191 Petters¬-

2613 419 327 201 son
2800 419 655 201 uppgifvit,
3315 419 327 201 att
3502 419 327 201 han
3689 419 327 201 för
3876 419 327 201 att
4063 419 421 201 kunna
4296 419 234 201 åt¬-

2612 549 461 209 komma
2919 549 563 209 varorna
3329 549 717 209 tillvägått
3892 549 307 209 på
4045 549 358 209 det
4199 549 307 209 sätt

2613 708 302 203 att
2785 708 302 203 han
2958 708 431 203 hvarje
3259 708 345 203 gång
3475 708 603 203 reqvirerat
3949 708 302 203 ett
4078 708 345 203 större

2628 826 450 213 förråd
2943 826 270 213 af
3078 826 270 213 de
3214 826 450 213 ifråga
3529 826 496 213 varande
3889 826 496 213 varorna
4250 826 270 213 än
4340 826 225 213 som

2609 973 412 239 varit
2884 973 320 239 för
3067 973 686 239 Hospitalets
3616 973 412 239 behof
3891 973 458 239 nödigt
4211 973 320 239 och
4348 973 229 239 att

2625 1108 402 241 ehuru
2893 1108 447 241 liqvid
3206 1108 536 241 derefter
3609 1108 492 241 lemnats
3921 1108 626 241 leverantören

2582 1248 284 229 för
2745 1248 324 229 alla
2947 1248 243 229 de
3069 1248 365 229 efter
3312 1248 689 229 reqvisitionen
3879 1248 527 229 aflemnade
4244 1248 324 229 varor¬-

2595 1375 313 209 na,
2774 1375 269 209 en
2909 1375 358 209 del,
3132 1375 313 209 som
3311 1375 448 209 hvarje
3625 1375 358 209 gång
3849 1375 269 209 af
3983 1375 492 209 Sjöberg
4296 1375 224 209 re¬-

2572 1503 661 264 qvirerats
3081 1503 356 264 för
3284 1503 509 264 mycket
3640 1503 305 264 på
3742 1503 814 264 ofvanomförmäl¬-

2587 1657 257 232 de
2716 1657 343 232 sätt
2930 1657 257 232 af
3059 1657 386 232 honom
3316 1657 557 232 behållits
3744 1657 300 232 och
3916 1657 514 232 försålts
4259 1657 214 232 och

2594 1855 307 193 har
2770 1855 482 193 Sjöberg
3120 1855 526 193 tilllika
3515 1855 570 193 uppgifvit
3953 1855 395 193 nedan
4172 1855 351 193 omför¬-

2575 1959 433 213 mälde
2863 1959 288 213 af
3008 1959 433 213 honom
3296 1959 625 213 innehafde
3777 1959 721 213 pantsedlar,
4306 1959 240 213 ut¬-

2554 2132 421 224 gifne
2835 2132 281 224 af
2975 2132 561 224 följande
3396 2132 655 224 pantlånare
3864 2132 515 224 nämligen.

2583 2224 267 277 af
2716 2224 668 277 Pantlånaren
3250 2224 267 277 C.
3384 2224 267 277 H.
3517 2224 356 277 Berg
3740 2224 312 277 som
3918 2224 312 277 har
4096 2224 356 277 sitt
4274 2224 312 277 pant¬-

2587 2378 594 195 lånekontor
3053 2378 212 195 i
3138 2378 382 195 huset
3392 2378 254 195 No
3520 2378 254 195 57
3647 2378 297 195 vid
3774 2378 509 195 Sillgatan,

2586 2534 224 172 No
2698 2534 298 172 6738
2884 2534 448 172 utfärdad
3220 2534 261 172 den
3369 2534 224 172 27
3481 2534 448 172 November
3816 2534 298 172 1879
4003 2534 186 172 å
4077 2534 224 172 12
4189 2534 261 172 st.
4301 2534 224 172 ser¬-

2583 2665 475 226 vetter
2916 2665 570 226 pantsatt
3296 2665 238 226 för

4133 2674 245 125 Kr
4215 2674 285 125 3.50.

2586 2797 231 170 No
2701 2797 346 170 10539
2932 2797 269 170 den
3086 2797 192 170 3
3163 2797 308 170 sist
3355 2797 346 170 April
3586 2797 192 170 å
3663 2797 231 170 18
3779 2797 269 170 st.
3894 2797 385 170 handukar

2582 2948 633 205 pantsatte
3021 2948 243 205 för

4232 2910 169 148 "
4266 2910 135 148 4.

2571 3057 218 221 No
2680 3057 327 221 10061
2898 3057 254 221 den
3043 3057 218 221 23
3152 3057 327 221 sist.
3370 3057 327 221 April
3589 3057 182 221 å
3661 3057 182 221 3
3734 3057 364 221 dusing
3952 3057 291 221 skedor

2569 3225 667 181 pantsatta
3030 3225 257 181 för

4240 3199 168 117 4.

2594 3299 221 218 No
2705 3299 332 218 16051
2926 3299 258 218 den
3074 3299 221 218 19
3184 3299 369 218 sistl.
3443 3299 480 218 September
3812 3299 184 218 å
3885 3299 221 218 en
3996 3299 332 218 flilt
4181 3299 221 218 filt

2597 3490 578 188 pantsatt
2982 3490 241 188 för

4262 3432 190 142 5.

2599 3553 241 214 No
2719 3553 362 214 15916
2961 3553 282 214 den
3122 3553 241 214 14
3242 3553 201 214 i
3323 3553 362 214 samma
3564 3553 362 214 månad
3806 3553 201 214 å
3886 3553 241 214 en
3966 3553 282 214 filt,

2600 3710 666 177 pantsatt
3044 3710 278 177 för

4202 3685 256 137 5.
