4961 4042
517 191 258 184 som
664 191 552 184 tillsammans
1106 191 295 184 vägt
1290 191 221 184 10
1401 191 221 184 L℔
1511 191 221 184 18
1622 191 221 184 ℔,
1732 191 295 184 vore
1916 191 331 184 värdt
2137 191 221 184 10
2211 191 221 184 Kro¬-

482 322 264 157 nor
633 322 226 157 90
709 322 226 157 öre.

625 409 239 205 De
745 409 279 205 hos
904 409 558 205 Handlanden
1343 409 399 205 Edlund
1622 409 558 205 påträffade
2061 409 199 205 6
2101 409 319 205 säckar

522 546 235 182 råg
657 546 235 182 och
791 546 168 182 4
858 546 235 182 st.
993 546 504 182 jerntackor,
1396 546 403 182 äfvensom
1698 546 235 182 den
1832 546 201 182 af
1933 546 437 182 Fagerberg
2235 546 168 182 hos

507 637 508 199 Handlanden
906 637 472 199 Gaddelius
1269 637 544 199 Qvarlemnade
1704 637 508 199 kornsäcken
2067 637 363 199 förvaras

558 811 815 123 Poliskammarens
1191 811 453 123 magasin.

591 864 244 207 På
713 864 366 207 grund
958 864 244 207 af
1080 864 326 207 hvad
1284 864 448 207 sålunda
1609 864 611 207 förekommit,
2057 864 326 207 kommer

506 993 257 200 Carl
666 993 353 200 Larsson
923 993 449 200 Fagerberg,
1276 993 353 200 hvilken
1533 993 353 200 blifvit
1789 993 257 200 till
1918 993 481 200 cellfängelset

516 1120 518 178 införpassad,
937 1120 227 178 att
1066 1120 292 178 denna
1261 1120 227 178 dag
1390 1120 227 178 för
1520 1120 227 178 PKn
1649 1120 453 178 inställas;
2006 1120 227 178 och
2135 1120 227 178 äro
2232 1120 227 178 Hand¬-

501 1225 437 214 landerne
828 1225 364 214 Swante
1083 1225 364 214 Edlund
1338 1225 255 214 och
1483 1225 218 214 E.
1592 1225 473 214 Johansson
1956 1225 400 214 kallade
2211 1225 182 214 att

516 1351 389 157 dervid
788 1351 389 157 jemväl
1021 1351 700 157 tillstädeskomma.

857 1462 470 159 Göteborg
1209 1462 274 159 den
1366 1462 235 159 27
1483 1462 352 159 April
1679 1462 274 159 1880.

98 1577 303 129 No
199 1577 253 129 96.

100 1738 313 158 Johan
274 1738 243 158 Wall.

540 1546 724 177 Poliskonstapeln
1150 1546 229 177 No
1264 1546 229 177 27
1378 1546 457 177 Melander
1721 1546 267 177 har
1874 1546 457 177 Måndagen
2178 1546 191 177 den

532 1700 226 152 26
645 1700 376 152 dennes
909 1700 226 152 på
1022 1700 301 152 e.m.
1210 1700 188 152 å
1285 1700 489 152 Torggatan
1662 1700 452 152 anhållit
2001 1700 339 152 förre
2189 1700 188 152 ar¬-

509 1777 506 187 tilleristen
914 1777 304 187 Johan
1117 1777 304 187 Wall,
1319 1777 236 187 som
1455 1777 203 187 är
1556 1777 169 187 i
1623 1777 338 187 saknad
1860 1777 203 187 af
1961 1777 371 187 bostad,
2197 1777 169 187 för

505 1903 259 187 det
653 1903 259 187 han
801 1903 444 187 innehaft
1133 1903 222 187 en
1244 1903 480 187 nattsäck,
1614 1903 591 187 innehållande
2094 1903 259 187 ett
2205 1903 185 187 par

507 1995 348 196 byxor,
751 1995 209 196 en
855 1995 313 196 väst,
1064 1995 209 196 en
1168 1995 522 196 yllehalsduk
1585 1995 174 196 8
1655 1995 243 196 st.
1794 1995 313 196 gamla
1968 1995 382 196 skjortor,

537 2134 175 167 4
607 2134 246 167 par
747 2134 456 167 strumpor,
1098 2134 210 167 en
1203 2134 631 167 bomullsnäsduk,
1730 2134 281 167 fyra
1905 2134 456 167 löskragar
2221 2134 175 167 och

514 2218 222 197 en
625 2218 445 197 rakknif,
959 2218 222 197 om
1070 2218 408 197 åtkomst
1366 2218 445 197 hvartill
1700 2218 259 197 han
1848 2218 519 197 uppgifvit,
2219 2218 185 197 att

509 2341 277 203 han
668 2341 317 203 kort
866 2341 356 203 förut
1103 2341 554 203 tillgripit
1539 2341 475 203 densamma
1895 2341 198 203 å
1974 2341 356 203 kajen
2172 2341 198 203 vid

499 2483 391 170 Lilla
716 2483 347 170 Bomen.

580 2537 347 187 Samma
812 2537 270 187 dag
966 2537 270 187 har
1120 2537 617 187 arbetskarlen
1621 2537 308 187 Carl
1813 2537 347 187 Johan
2006 2537 424 187 Johansson

513 2647 293 243 från
697 2647 367 243 gården
953 2647 440 243 Forshall
1283 2647 183 243 i
1356 2647 257 243 Flo
1503 2647 403 243 Socken,
1796 2647 513 243 Skaraborgs
2163 2647 183 243 län

495 2792 408 161 anmält,
792 2792 260 161 att
940 2792 408 161 berörde
1236 2792 408 161 nattäck
1533 2792 260 161 med
1681 2792 445 161 innehåll
2015 2792 297 161 från
2163 2792 260 161 honom

501 2903 541 171 tillgripits
934 2903 216 171 då
1042 2903 253 171 han
1186 2903 325 171 sagde
1403 2903 253 171 dag
1547 2903 216 171 på
1655 2903 289 171 e.m.
1836 2903 361 171 kommit
2088 2903 253 171 hit
2197 2903 216 171 till

487 3026 382 190 staden
754 3026 267 190 med
907 3026 458 190 ångbåten
1251 3026 535 190 Elfkungen,
1671 3026 420 190 hvarvid
1976 3026 267 190 han
2091 3026 267 190 låtit

489 3159 503 183 nattsäcken
884 3159 395 183 qvarstå
1172 3159 216 183 på
1279 3159 467 183 ångbåten,
1639 3159 467 183 hvarifrån
1998 3159 287 183 den,
2142 3159 251 183 under

494 3262 257 196 det
641 3262 257 196 han
788 3262 257 196 för
935 3262 220 196 en
1045 3262 294 196 kort
1229 3262 331 196 stund
1450 3262 478 196 aflägsnat
1817 3262 294 196 sig,
2001 3262 404 196 blifvit
2258 3262 147 196 af

482 3374 612 200 besättningen
979 3374 230 200 på
1094 3374 497 200 ångbåten,
1477 3374 344 200 bland
1706 3374 344 200 annat
1936 3374 306 200 gods
2089 3374 344 200 upplagd

479 3508 206 197 på
582 3508 343 197 kajen,
822 3508 274 197 samt
993 3508 240 197 att
1130 3508 514 197 nattsäcken,
1541 3508 240 197 som
1679 3508 274 197 vore
1850 3508 274 197 värd
2021 3508 171 197 2
2056 3508 274 197 Kronor

474 3654 563 156 innehållit
916 3654 282 156 ett
1077 3654 282 156 par
1238 3654 362 156 gamla
1479 3654 362 156 byxor
1721 3654 362 156 värde
1962 3654 201 156 -
2002 3654 121 156 1

2570 168 269 158 en
2660 168 269 158 väst

4124 190 305 139 1.50.

2576 322 241 149 en
2656 322 522 149 yllehalsduk

4234 317 198 97 50.

2581 400 189 188 8
2657 400 264 188 st.
2808 400 339 188 gamla
2996 400 377 188 Skjortor

4166 396 210 118 6:
4271 396 175 118 -
4306 396 105 118 -

2587 525 188 147 4
2663 525 264 147 par
2776 525 376 147 strumpor

4172 479 148 120 2
4232 479 148 120 -
4291 479 148 120 "
4320 479 89 120 -

2586 600 187 167 1
2660 600 262 167 st.
2773 600 561 167 bomullsnäsduk

4169 580 215 125 0.
4241 580 179 125 12.

2596 739 198 153 4
2676 739 198 153 "
2715 739 435 153 Löskrogar

4156 678 223 131 0.
4230 678 186 131 75.

2589 822 289 167 och
2754 822 247 167 en
2836 822 371 167 rakknif

4254 809 180 75 25.

4009 816 274 195 Sa
4101 816 365 195 14.12.

2721 944 274 173 Wid
2878 944 274 173 det
3034 944 274 173 med
3191 944 314 173 Vall
3387 944 196 173 i
3466 944 510 173 anledning
3858 944 353 173 häraf
4054 944 431 173 anställde

2593 1057 370 185 förhör
2852 1057 259 185 har
3000 1057 259 185 han
3148 1057 518 185 uppgifvit,
3555 1057 259 185 att
3703 1057 259 185 han
3851 1057 333 185 under
4036 1057 407 185 sistlidne

2606 1155 335 201 vinter
2841 1155 302 201 varit
3042 1155 369 201 intagen
3311 1155 168 201 å
3344 1155 1107 201 Fattigförsörjningsinrättningen,

2597 1256 464 199 hvarifrån
2955 1256 250 199 han
3097 1256 357 199 utgått
3348 1256 250 199 den
3490 1256 214 199 13
3598 1256 357 199 dennes
3848 1256 250 199 för
3991 1256 250 199 att
4133 1256 286 199 söka
4276 1256 179 199 sig

2591 1363 403 180 arbete,
2884 1363 293 180 samt
3067 1363 256 180 att
3214 1363 220 180 då
3324 1363 256 180 han
3470 1363 256 180 den
3617 1363 220 180 26
3727 1363 220 180 ds
3836 1363 220 180 på
3946 1363 293 180 e.m.
4093 1363 366 180 uppehål¬-

2590 1491 251 210 lit
2734 1491 251 210 sig
2877 1491 179 210 å
2949 1491 323 210 kajen
3164 1491 251 210 vid
3307 1491 323 210 Lilla
3523 1491 359 210 Bomen,
3774 1491 251 210 han
3917 1491 251 210 der
4025 1491 430 210 tillgripit

2598 1604 543 212 ifrågakomne
3032 1604 434 212 nattsäck
3358 1604 326 212 jemte
3575 1604 290 212 deri
3756 1604 471 212 förvarade
4082 1604 434 212 persedlar.

2729 1721 569 195 Målsegaren
3176 1721 284 195 har
3339 1721 650 195 återbekommit
3867 1721 569 195 nattsäcken
4273 1721 203 195 med

2593 1873 336 174 dess
2761 1873 462 174 innehåll.

2745 1934 241 209 På
2865 1934 361 209 grund
3106 1934 241 209 af
3227 1934 321 209 hvad
3428 1934 442 209 sålunda
3749 1934 602 209 förekommit,
4191 1934 321 209 kommer

2596 2060 347 189 Johan
2828 2060 309 189 Vall
3021 2060 270 189 att
3175 2060 347 189 denna
3407 2060 270 189 dag
3561 2060 270 189 för
3715 2060 270 189 PKn
3831 2060 463 189 inställas.

2921 2182 470 219 Göteborg
3273 2182 274 219 den
3430 2182 235 219 27
3547 2182 352 219 April
3743 2182 274 219 1880.

4456 2227 291 221 No
4553 2227 243 221 97.

4433 2439 254 149 Adolf
4574 2439 311 149 Andersson

2682 2314 514 183 Handelsfirman
3105 2314 182 183 P.
3196 2314 272 183 Olehn
3378 2314 151 183 &
3438 2314 212 183 Co,
3559 2314 212 183 som
3680 2314 212 183 har
3801 2314 333 183 salubod
4043 2314 151 183 i
4104 2314 272 183 huset
4285 2314 182 183 No
4346 2314 121 183 52

2605 2430 207 178 vid
2724 2430 266 178 Östra
2901 2430 384 178 Hamngatan
3196 2430 207 178 har
3314 2430 148 178 i
3374 2430 325 178 bilagde
3610 2430 414 178 skrifvelse
3935 2430 177 178 af
4023 2430 207 178 den
4142 2430 177 178 31
4201 2430 236 178 sistl.

2606 2535 256 172 Mars
2766 2535 352 172 anmält,
3022 2535 224 172 att
3150 2535 544 172 Bageriidkaren
3598 2535 288 172 Adolf
3790 2535 416 172 Andersson
4110 2535 256 172 från
4238 2535 192 172 går¬-

2588 2629 217 190 den
2712 2629 404 190 Håkankile
3023 2629 155 190 i
3085 2629 311 190 Sätila
3302 2629 311 190 Socken
3519 2629 279 190 Marks
3706 2629 279 190 härad
3892 2629 404 190 Elfsborgs
4203 2629 217 190 län
4296 2629 155 190 den

2603 2758 150 203 7
2663 2758 270 203 sist.
2843 2758 359 203 November
3112 2758 180 203 på
3202 2758 270 203 grund
3382 2758 180 203 af
3472 2758 180 203 en
3561 2758 180 203 af
3651 2758 419 203 Anderssons
3981 2758 270 203 fader
4131 2758 300 203 Torparen

2583 2892 299 175 Anders
2792 2892 389 175 Håkansson
3091 2892 150 175 i
3151 2892 389 175 Klateberg
3450 2892 179 175 af
3540 2892 299 175 Hyssna
3749 2892 299 175 socken
3959 2892 359 175 utgifven
4198 2892 299 175 borgens¬-

2578 2991 461 213 förbindelse
2947 2991 184 213 af
3039 2991 307 213 firman
3255 2991 184 213 på
3347 2991 307 213 kredit
3562 2991 369 213 erhållit
3839 2991 154 213 4
3900 2991 307 213 säckar
4085 2991 338 213 hvetemjöl

2580 3108 225 212 och
2709 3108 225 212 ett
2837 3108 290 212 halft
3030 3108 322 212 ankare
3255 3108 322 212 sirup,
3481 3108 418 212 uppgående
3802 3108 257 212 till
3963 3108 225 212 ett
4060 3108 418 212 sammanlagdt

2599 3238 255 198 värde
2769 3238 170 198 af
2854 3238 199 198 144
2967 3238 284 198 Kronor
3166 3238 170 198 19
3251 3238 227 198 öre,
3393 3238 142 198 å
3450 3238 312 198 hvilket
3676 3238 284 198 belopp
3875 3238 369 198 Andersson
4159 3238 284 198 jemväl
4329 3238 170 198 lem¬-

2586 3327 193 196 nat
2697 3327 193 196 sin
2807 3327 579 196 skuldförbindelse;
3304 3327 193 196 att
3414 3327 166 196 då
3497 3327 579 196 skuldförbindelsen
3993 3327 193 196 den
4104 3327 138 196 7
4159 3327 248 196 sist.
4297 3327 193 196 Janu¬-

2581 3423 203 218 ari
2697 3423 261 218 varit
2871 3423 232 218 till
3016 3423 377 218 betalning
3307 3423 406 218 förfallen,
3626 3423 203 218 men
3742 3423 174 218 ej
3829 3423 174 218 af
3916 3423 377 218 Andersson
4178 3423 261 218 blifvit

2588 3579 334 140 inlöst,
2830 3579 303 140 firman
3043 3579 273 140 derom
3225 3579 334 140 anmodat
3468 3579 425 140 Håkansson,
3801 3579 334 140 hvilken
4044 3579 182 140 då
4105 3579 364 140 förklarat,

2595 3680 222 194 att
2722 3680 222 194 den
2849 3680 190 194 af
2944 3680 285 194 honom
3134 3680 349 194 utgifna
3388 3680 729 194 borgensförbindelsen
4022 3680 317 194 endast
4212 3680 254 194 afsett
