4951 4045
476 187 784 165 detektivkonstaplarne
1163 187 327 165 Bohlin
1391 187 229 165 och
1522 187 196 165 E.
1620 187 425 165 Hellström
1947 187 229 165 den
2078 187 163 165 1
2143 187 196 165 ds
2209 187 163 165 an¬-

471 305 306 189 hållit
686 305 214 189 för
808 305 306 189 första
1022 305 275 189 resan
1206 305 275 189 stöld
1390 305 398 189 straffade
1696 305 275 189 förre
1849 305 459 189 artilleristen

468 434 270 158 Axel
637 434 338 158 Patrik
874 434 473 158 Petersson,
1246 434 338 158 boende
1482 434 169 158 i
1550 434 304 158 huset
1753 434 203 158 No
1854 434 237 158 140
1989 434 203 158 af
2057 434 338 158 Majornas

479 573 343 120 Förste
719 573 309 120 rote,
924 573 377 120 hvilken
1199 573 240 120 vid
1336 573 240 120 det
1473 573 240 120 med
1610 573 309 120 honom
1816 573 446 120 anledning
2124 573 240 120 häraf

467 646 422 164 anställde
791 646 325 164 förhör
1019 646 422 164 förnekat,
1343 646 227 164 att
1473 646 227 164 han
1603 646 390 164 föröfvat
1895 646 195 164 de
1993 646 195 164 af
2058 646 292 164 Mellbin

465 764 261 180 och
614 764 521 180 Hermansson
1023 764 410 180 anmälde
1321 764 670 180 bedrägerierna,
1880 764 261 180 men
1992 764 335 180 vidgått

467 873 475 190 riktigheten
848 873 190 190 af
943 873 317 190 hustru
1165 873 444 190 Kjerrbergs
1513 873 380 190 anmälan,
1798 873 254 190 dock
1957 873 222 190 med
2052 873 317 190 tillägg,

465 986 217 182 att
589 986 186 182 då
682 986 217 182 han
806 986 279 182 dagen
991 986 279 182 förut
1177 986 341 182 träffat
1425 986 495 182 Plåtslagaren
1828 986 248 182 Axel
1951 986 372 182 Petersson,

463 1114 256 185 han
610 1114 219 185 af
719 1114 329 185 honom
939 1114 292 185 fått
1121 1114 329 185 löfte
1341 1114 256 185 att
1487 1114 292 185 låna
1670 1114 439 185 byxorna;
1999 1114 256 185 att
2108 1114 183 185 han

466 1221 458 193 pantsatt
810 1221 420 193 desamma
1115 1221 267 193 för
1268 1221 191 193 5
1344 1221 382 193 Kronor
1612 1221 267 193 hos
1764 1221 458 193 Bergman,
2070 1221 229 193 samt

482 1345 236 183 att
617 1345 236 183 han
752 1345 269 183 till
920 1345 269 183 Axel
1089 1345 438 183 Petersson
1426 1345 404 183 skrifvit
1729 1345 236 183 det
1863 1345 371 183 anonyma
2099 1345 236 183 bref¬-

468 1437 277 201 vet,
642 1437 173 201 i
711 1437 381 201 hvilket
988 1437 243 201 han
1127 1437 347 201 inlagt
1369 1437 485 201 pantsedeln
1751 1437 173 201 å
1785 1437 347 201 byxorna.

592 1563 428 148 Härefter
913 1563 321 148 hafva
1127 1563 428 148 följande
1448 1563 428 148 personer
1733 1563 356 148 upplyst:

477 1671 210 160 1o
582 1671 559 160 Tjenstepigan
1036 1671 280 160 Anna
1211 1671 315 160 Hall,
1421 1671 175 160 i
1491 1671 350 160 tjenst
1736 1671 245 160 hos
1876 1671 420 160 Mellbin,
2155 1671 175 160 att

447 1787 237 130 hon
583 1787 441 130 igenkände
922 1787 271 130 Axel
1092 1787 339 130 Patrik
1329 1787 441 130 Petersson
1668 1787 271 130 vara
1838 1787 305 130 samma
2008 1787 305 130 person,

468 1877 277 183 till
642 1877 382 183 hvilken
919 1877 243 183 hon
1058 1877 416 183 utlemnat
1370 1877 416 183 Mellbins
1682 1877 590 183 ifrågavarande
2133 1877 243 183 rock;

436 2049 183 75 och

475 2071 201 181 2o
576 2071 638 181 Skeppsstufvaren
1113 2071 201 181 O.
1214 2071 504 181 Hermanssons
1617 2071 336 181 hustru
1852 2071 269 181 samt
1986 2071 336 181 tjenste¬-

477 2204 257 173 piga
638 2204 321 173 Amanda
863 2204 418 173 Elisabeth
1184 2204 450 173 Johansson,
1537 2204 225 173 att
1666 2204 193 173 de
1762 2204 161 173 i
1827 2204 418 173 Petersson
2116 2204 225 173 igen¬-

471 2315 323 179 kände
687 2315 251 179 den
830 2315 323 179 karl,
1046 2315 251 179 som
1190 2315 431 179 afhemtat
1513 2315 539 179 Hermanssons
1908 2315 431 179 resårskor.

647 2432 540 190 Plåtslagaren
1086 2432 473 190 Petersson,
1457 2432 236 190 som
1592 2432 338 190 jemväl
1829 2432 371 190 blifvit
2065 2432 236 190 hörd,

461 2600 240 130 har
598 2600 412 130 bestridt
907 2600 275 130 Axel
1079 2600 344 130 Patrik
1319 2600 481 130 Peterssons
1697 2600 412 130 uppgift,
2006 2600 240 130 att
2110 2600 240 130 denne

454 2678 440 170 erhållit
785 2678 330 170 löfte
1005 2678 220 170 om
1115 2678 257 170 lån
1262 2678 220 170 af
1372 2678 220 170 de
1482 2678 624 170 ifrågavarande
1959 2678 367 170 byxorna.

564 2780 241 195 På
684 2780 362 195 grund
926 2780 241 195 af
1047 2780 322 195 hvad
1248 2780 443 195 sålunda
1570 2780 603 195 förekommit,
2012 2780 322 195 kommer

474 2893 272 152 Axel
644 2893 340 152 Patrik
882 2893 442 152 Petersson
1223 2893 238 152 att
1359 2893 306 152 denna
1563 2893 238 152 dag
1699 2893 238 152 för
1835 2893 238 152 PKn
1938 2893 408 152 inställas.

686 3003 476 214 Göteborg
1044 3003 278 214 den
1202 3003 198 214 3
1282 3003 476 214 December
1599 3003 278 214 1880.

78 3103 283 175 No
172 3103 283 175 255.

81 3292 286 113 Oscar
240 3292 222 113 Albin

20 3386 276 132 Olsson.

553 3160 424 150 Följande
871 3160 424 150 personer
1189 3160 318 150 hafva
1401 3160 389 150 anmält,
1684 3160 248 150 att
1826 3160 177 150 å
1861 3160 460 150 Kungstorget

475 3226 296 198 genom
672 3226 428 198 fickstöld
1001 3226 263 198 från
1166 3226 230 198 dem
1264 3226 428 198 tillgripits

459 3333 209 179 1o
564 3333 383 179 Hustrun
842 3333 278 179 Lina
1016 3333 522 179 Zachrisson,
1433 3333 348 179 boende
1677 3333 174 179 i
1746 3333 313 179 huset
1955 3333 209 179 No
2059 3333 209 179 20
2129 3333 174 179 vid

440 3455 299 175 Östra
639 3455 466 175 Skansgatan
1005 3455 233 175 den
1138 3455 200 175 17
1238 3455 432 175 sistlidne
1570 3455 399 175 November
1870 3455 233 175 kl.
2003 3455 166 175 9
2069 3455 266 175 f.m.
2202 3455 133 175 en

462 3576 328 178 liten
680 3576 328 178 svart
898 3576 400 178 plånbok
1190 3576 255 178 med
1335 3576 510 178 gummiband,
1736 3576 582 178 innehållande
2172 3576 146 178 en

447 3695 301 180 sedel
647 3695 167 180 å
714 3695 201 180 10
815 3695 335 180 Kronor
1049 3695 234 180 och
1183 3695 301 180 något
1384 3695 502 180 kopparmynt;
1753 3695 167 180 och

2554 155 210 230 2o
2659 155 349 230 Ogifta
2903 155 280 230 Emma
3078 155 384 230 Magnus,
3358 155 349 230 boende
3602 155 175 230 i
3672 155 314 230 huset
3882 155 210 230 No
3987 155 210 230 14
4092 155 245 230 vid
4196 155 245 230 Nyga¬-

2551 290 284 159 tan,
2728 290 248 159 den
2870 290 213 159 24
2976 290 177 159 i
3047 290 319 159 samma
3260 290 319 159 månad
3472 290 213 159 kl
3579 290 177 159 4
3650 290 284 159 eft.
3827 290 319 159 midd,
4039 290 213 159 en
4110 290 284 159 gammal

2581 375 298 233 svart
2779 375 496 233 portmonnaie
3176 375 231 233 med
3308 375 529 233 messingslås,
3738 375 529 233 innehållande
4168 375 198 233 75
4234 375 165 233 öre

2580 539 242 154 och
2719 539 207 154 en
2788 539 414 154 pantsedel.

2676 566 398 227 Lördagen
2974 566 232 227 den
3107 566 199 227 27
3206 566 298 227 sist.
3405 566 398 227 November
3704 566 232 227 har
3803 566 663 227 detektivkonstapeln

2589 696 279 214 Peter
2775 696 373 214 Lindgren
3055 696 373 214 anhållit
3334 696 404 214 ynglingen
3645 696 279 214 Oskar
3831 696 279 214 Albin
4017 696 342 214 Olsson,
4235 696 186 214 född

2595 821 229 203 den
2726 821 196 203 11
2824 821 392 203 November
3118 821 262 203 1865
3282 821 229 203 och
3413 821 229 203 son
3543 821 262 203 till
3707 821 654 203 Hökerihandlanden
4230 821 196 203 Carl

2585 927 361 215 Olsson,
2847 927 328 215 boende
3077 927 164 215 i
3142 927 262 215 eget
3306 927 229 215 hus
3437 927 164 215 å
3503 927 295 215 Burås
3700 927 164 215 i
3765 927 361 215 Örgryte
4027 927 361 215 socken,
4257 927 131 215 då

2590 1025 307 242 denne
2795 1025 478 242 uppehållit
3170 1025 239 242 sig
3306 1025 171 242 å
3374 1025 512 242 Kungstorget
3784 1025 239 242 och
3920 1025 443 242 derstädes
4227 1025 205 242 från

2591 1143 408 214 obekanta
2897 1143 510 214 fruntimmers
3305 1143 340 214 fickor
3543 1143 272 214 sökt
3713 1143 374 214 föröfva
3985 1143 408 214 stölder;
4257 1143 170 214 och

2593 1253 235 257 har
2728 1253 336 257 Olsson
2963 1253 235 257 vid
3097 1253 235 257 det
3231 1253 235 257 med
3366 1253 302 257 honom
3567 1253 168 257 i
3634 1253 437 257 anledning
3970 1253 302 257 häraf
4138 1253 336 257 anställ¬-

2610 1380 190 249 de
2705 1380 316 249 förhör
2927 1380 380 249 vidgått,
3211 1380 221 249 att
3338 1380 221 249 han
3464 1380 474 249 sistberörde
3844 1380 221 249 dag
3971 1380 443 249 uppehållit
4287 1380 158 249 sig

2597 1503 154 246 å
2659 1503 463 246 Kungstorget
3029 1503 154 246 i
3091 1503 309 246 afsigt
3307 1503 216 246 att
3431 1503 185 246 ur
3524 1503 309 246 fickor
3740 1503 401 246 tillgripa
4018 1503 463 246 portmonnaier;

2592 1612 253 226 att
2736 1612 253 226 han
2881 1612 253 226 den
3025 1612 217 226 27
3133 1612 361 226 dennes
3386 1612 289 226 från
3567 1612 217 226 en
3675 1612 325 226 ficka
3892 1612 181 226 i
3928 1612 469 226 Målseganden

2591 1721 497 239 Zachrissons
2988 1721 397 239 påhafvde
3286 1721 331 239 kläder
3518 1721 464 239 tillgripit
3882 1721 497 239 ifrågakomne
4246 1721 232 239 plån¬-

2596 1841 260 217 bok,
2758 1841 519 217 innehållande
3180 1841 195 217 en
3277 1841 292 217 sedel
3472 1841 162 217 å
3537 1841 195 217 10
3634 1841 325 217 Kronor
3861 1841 260 217 samt
4024 1841 195 217 18
4121 1841 227 217 öre
4251 1841 162 217 i
4283 1841 195 217 kop¬-

2597 1978 438 192 parmynt;
2926 1978 256 192 att
3072 1978 256 192 han
3218 1978 329 192 någon
3437 1978 256 192 dag
3583 1978 438 192 derefter
3912 1978 219 192 på
4021 1978 329 192 samma
4204 1978 219 192 sätt

2603 2064 454 263 tillgripit
2959 2064 454 263 Magnussons
3315 2064 486 263 portmonnaie
3704 2064 227 263 med
3834 2064 518 263 inneliggande
4255 2064 194 263 75
4320 2064 162 263 öre

2595 2194 174 215 i
2665 2194 382 215 silfver
2943 2194 243 215 och
3082 2194 521 215 kopparmynt,
3499 2194 278 215 utan
3673 2194 243 215 att
3812 2194 243 215 han
3951 2194 278 215 dock
4124 2194 313 215 kunde
4298 2194 174 215 er¬-

2609 2309 278 217 inra
2783 2309 243 217 sig
2922 2309 416 217 huruvida
3234 2309 173 217 i
3303 2309 416 217 densamma
3616 2309 382 217 funnits
3893 2309 312 217 någon
4067 2309 416 217 pantsedel;

2604 2400 239 224 att
2740 2400 239 224 han
2877 2400 409 224 dessutom
3183 2400 170 224 å
3251 2400 511 224 Kungstorget
3660 2400 273 224 från
3831 2400 409 224 obekanta
4103 2400 341 224 fruntim¬-

2607 2531 280 207 mers
2782 2531 350 207 fickor
3027 2531 490 207 tillgripit
3412 2531 210 207 en
3517 2531 560 207 portmonnaie,
3937 2531 490 207 innehållande

2605 2653 362 204 omkring
2868 2653 165 204 4
2934 2653 362 204 Kronor,
3197 2653 230 204 och
3329 2653 197 204 en
3428 2653 329 204 dylik,
3658 2653 527 204 innehållande
4086 2653 165 204 2
4119 2653 296 204 Kronor;

2621 2749 230 223 att
2753 2749 230 223 han
2884 2749 263 223 kort
3048 2749 296 223 efter
3245 2749 329 223 hvarje
3475 2749 460 223 tillgrepps
3837 2749 493 223 föröfvande,
4198 2749 230 223 sedan

2608 2856 247 215 han
2749 2856 458 215 tillegnat
3101 2856 247 215 sig
3242 2856 212 215 de
3348 2856 176 215 i
3419 2856 635 215 portmonnaierna
3947 2856 458 215 förvarade
4265 2856 212 215 pen¬-

2610 2953 459 225 ningarne,
2963 2953 353 225 kastat
3210 2953 636 225 portmonnaierna
3740 2953 177 225 i
3811 2953 565 225 Vallgrafven;
4235 2953 212 225 samt

2614 3083 251 217 att
2758 3083 251 217 han
2901 3083 395 217 användt
3189 3083 539 217 penningarne
3620 3083 287 217 till
3800 3083 323 217 inköp
4015 3083 216 217 af
4123 3083 287 217 mat,
4267 3083 251 217 kaffe

2606 3299 264 127 och
2719 3299 491 127 karameller.

2777 3338 234 203 På
2894 3338 351 203 grund
3128 3338 234 203 af
3245 3338 312 203 hvad
3440 3338 429 203 sålunda
3751 3338 585 203 förekommit,
4180 3338 312 203 kommer

2608 3467 509 213 ynglingen
2999 3467 352 213 Oscar
3234 3467 352 213 Albin
3469 3467 392 213 Olsson
3743 3467 274 213 att
3900 3467 352 213 denna
4135 3467 274 213 dag
4252 3467 196 213 för

2625 3587 731 158 Poliskammaren
3184 3587 516 158 inställas.

3081 3647 536 191 Göteborg
3484 3647 313 191 den
3662 3647 223 191 3
3752 3647 536 191 December
4109 3647 313 191 1880.
