4937 4051
62 171 267 119 No
152 171 267 119 105.

42 265 235 168 Carl
188 265 235 168 Emil
306 265 235 168 Magnus

7 407 308 162 Uggla.

513 193 362 152 Ogifta
766 193 543 152 Bernhardina
1201 193 507 152 Johansson,
1599 193 254 152 som
1744 193 326 152 idkar
1925 193 471 152 Nykterhets¬-

441 287 692 153 värdshusrörelse
1023 287 182 153 i
1096 287 328 153 huset
1314 287 218 153 No
1424 287 218 153 14
1533 287 255 153 vid
1679 287 364 153 Westra
1897 287 437 153 Hamngatan,

430 395 263 206 har
581 395 450 206 lördagen
918 395 263 206 den
1068 395 188 206 1
1143 395 375 206 dennes
1406 395 413 206 anmält,
1706 395 263 206 att
1856 395 338 206 samma
2081 395 263 206 dag
2194 395 150 206 på

424 508 315 186 e.m.
620 508 236 186 ur
739 508 236 186 en
857 508 315 186 låst
1053 508 590 186 penninglåda
1526 508 197 186 i
1604 508 630 186 skänkrummet,
2077 508 236 186 från

437 625 296 208 henne
635 625 494 208 tillgripits
1030 625 362 208 omkring
1293 625 197 208 20
1392 625 362 208 Kronor,
1655 625 296 208 deraf
1852 625 197 208 en
1951 625 165 208 5
1984 625 395 208 kronosedel

425 729 251 221 och
569 729 251 221 det
712 729 358 221 öfriga
963 729 179 221 i
1035 729 574 221 silfvermynt,
1501 729 287 221 samt
1680 729 251 221 att
1823 729 251 221 han
1967 729 251 221 för
2074 729 251 221 detta

426 846 457 222 tillgrepp
778 846 492 222 misstänkte
1164 846 211 222 en
1270 846 387 222 obekant
1551 846 422 222 yngling,
1868 846 246 222 som
2008 846 246 222 vid
2114 846 246 222 sagde

437 986 234 183 tid
570 986 301 183 ensam
771 986 434 183 innevarit
1105 986 167 183 i
1172 986 368 183 rummet,
1439 986 234 183 der
1573 986 501 183 penningarne
1941 986 434 183 förvarades.

567 1136 163 179 I
633 1136 423 179 anledning
958 1136 293 179 häraf
1154 1136 293 179 hafva
1349 1136 782 179 detektivkonstaplarne
2033 1136 293 179 Bruun
2196 1136 163 179 och

444 1240 374 156 Rönnbäck
724 1240 218 156 den
849 1240 156 156 4
912 1240 312 156 dennes
1130 1240 218 156 för
1255 1240 281 156 detta
1442 1240 405 156 tillgrepp
1754 1240 374 156 anhållit
2003 1240 343 156 ynglingen

425 1361 285 152 Carl
603 1361 285 152 Emil
782 1361 356 152 Magnus
1031 1361 356 152 Uggla,
1280 1361 285 152 född
1458 1361 249 152 den
1601 1361 178 152 9
1672 1361 427 152 December
1992 1361 285 152 1863
2135 1361 178 152 och

424 1459 236 215 son
559 1459 202 215 af
660 1459 303 215 förre
863 1459 573 215 Landtbrukaren
1335 1459 303 215 Adolf
1537 1459 337 215 Uggla,
1773 1459 337 215 boende
2009 1459 169 215 i
2043 1459 303 215 Alings¬-

441 1575 246 217 ås;
582 1575 246 217 och
722 1575 246 217 har
863 1575 317 217 Uggla
1074 1575 246 217 vid
1215 1575 246 217 det
1356 1575 246 217 med
1497 1575 317 217 honom
1708 1575 458 217 anställde
2024 1575 282 217 förhör

423 1692 510 217 uppgifvit,
823 1692 255 217 att
969 1692 291 217 han,
1151 1692 255 217 som
1297 1692 219 217 är
1406 1692 364 217 boende
1661 1692 182 217 i
1734 1692 328 217 huset
1953 1692 219 217 No
2062 1692 219 217 22
2135 1692 182 217 vid

441 1807 330 206 Östra
662 1807 477 206 Larmgatan
1029 1807 184 206 i
1102 1807 477 206 September
1469 1807 330 206 månad
1690 1807 441 206 förlidet
2020 1807 220 206 år
2094 1807 220 206 kom¬-

438 1938 238 222 mit
574 1938 238 222 hit
710 1938 272 222 till
880 1938 374 222 staden,
1151 1938 238 222 der
1287 1938 238 222 han
1423 1938 374 222 blifvit
1695 1938 374 222 intagen
1966 1938 238 222 vid
2068 1938 238 222 Real¬-

428 2071 507 199 gymnasium;
826 2071 253 199 att
971 2071 253 199 han
1116 2071 435 199 lördagen
1442 2071 253 199 den
1587 2071 181 199 1
1659 2071 362 199 dennes
1912 2071 217 199 på
2021 2071 290 199 e.m.
2166 2071 181 199 in¬-

435 2177 281 206 gått
610 2177 175 206 i
680 2177 351 206 kaféet
926 2177 175 206 i
996 2177 316 206 huset
1207 2177 210 206 No
1312 2177 210 206 14
1417 2177 246 206 vid
1557 2177 351 206 Vestra
1803 2177 456 206 Hamngatan
2119 2177 175 206 och

431 2262 513 250 reqvirerat
834 2262 366 250 kaffe,
1091 2262 403 250 hvarvid
1384 2262 293 250 han,
1567 2262 220 250 då
1677 2262 623 250 skänkjungfrun
2153 2262 147 250 en

439 2375 307 241 stund
644 2375 443 241 aflägsnat
985 2375 239 241 sig
1121 2375 239 241 och
1258 2375 239 241 han
1394 2375 375 241 blifvit
1667 2375 341 241 lemnad
1906 2375 307 241 ensam
2110 2375 171 241 i
2144 2375 205 241 rum¬-

437 2502 275 244 met,
608 2502 309 244 tagit
814 2502 378 244 nyckeln
1089 2502 275 244 till
1261 2502 584 244 penninglådan,
1741 2502 240 244 som
1879 2502 309 244 legat
2085 2502 206 244 på
2153 2502 172 244 di¬-

429 2640 268 203 sken
597 2640 235 203 och
731 2640 335 203 öppnat
966 2640 335 203 lådan,
1201 2640 335 203 hvarur
1435 2640 235 203 han
1569 2640 469 203 tillgripit
1938 2640 201 203 11
2005 2640 302 203 Kronor;

439 2712 295 218 deraf
636 2712 196 218 en
734 2712 295 218 sedel
930 2712 164 218 å
996 2712 229 218 Fem
1127 2712 327 218 Kronor
1356 2712 229 218 och
1487 2712 229 218 det
1618 2712 327 218 öfriga
1847 2712 164 218 i
1880 2712 458 218 silfvermynt,

440 2874 280 164 samt
615 2874 245 164 att
755 2874 280 164 han,
930 2874 245 164 som
1071 2874 280 164 haft
1246 2874 315 164 skuld
1456 2874 280 164 till
1631 2874 315 164 andra
1841 2874 491 164 ynglingar,
2192 2874 140 164 af

438 2975 522 187 penningarne
856 2975 348 187 betalt
1099 2975 313 187 dessa
1308 2975 383 187 skulder
1586 2975 243 187 med
1725 2975 174 187 9
1794 2975 348 187 Kronor
2038 2975 243 187 och
2142 2975 174 187 an¬-

452 3088 321 181 vändt
666 3088 250 181 Två
809 3088 357 181 Kronor
1059 3088 286 181 till
1202 3088 428 181 förtäring.

70 3425 261 100 No
156 3425 261 100 106.

45 3563 228 171 Olof
159 3563 314 171 Johansson

490 3329 330 211 Efter
711 3329 514 211 angifvelse
1114 3329 220 211 af
1225 3329 514 211 Handlanden
1628 3329 294 211 Paul
1812 3329 477 211 Berghaus,
2142 3329 184 211 som

458 3499 238 197 har
594 3499 340 197 kontor
832 3499 170 197 i
900 3499 306 197 huset
1104 3499 204 197 No
1206 3499 170 197 8
1274 3499 238 197 vid
1410 3499 680 197 Spannemålsgatan,
1989 3499 238 197 har
2091 3499 272 197 Polis¬-

460 3606 605 198 öfverkonstapeln
969 3606 191 198 E.
1065 3606 318 198 Haedge
1288 3606 382 198 onsdagen
1574 3606 223 198 den
1701 3606 159 198 5
1765 3606 318 198 dennes
1956 3606 318 198 anhållit

2575 194 249 224 hos
2718 194 428 224 Berghaus
3039 194 463 224 anställde
3395 194 570 224 Månadskarlen
3858 194 285 224 Olof
4000 194 428 224 Johansson,

2580 310 329 201 boende
2810 310 164 201 i
2876 310 296 201 huset
3074 310 197 201 No
3172 310 197 201 16
3271 310 230 201 vid
3402 310 296 201 sagde
3600 310 296 201 gata,
3797 310 230 201 för
3929 310 230 201 det
4060 310 230 201 han
4192 310 230 201 vid
4291 310 164 201 åt¬-

2544 416 378 211 skilliga
2827 416 441 211 tillfällen
3173 416 283 211 detta
3362 416 189 211 år
3457 416 189 211 ur
3551 416 378 211 Berghaus
3834 416 441 211 lagerlokal
4181 416 157 211 i
4212 416 252 211 först¬-

2566 567 315 175 berörde
2795 567 200 175 hus
2910 567 372 175 olofligen
3167 567 372 175 tillgripit.

2570 704 177 171 3
2640 704 567 171 pennknifvar,
3101 704 531 171 tillsammans
3490 704 248 171 värde

4132 666 172 164 9
4166 666 275 164 Kronor

2560 820 209 127 3
2602 820 292 127 saxar

4004 793 258 89 2

2565 929 202 140 2
2605 929 485 140 Tumstockar

4086 868 208 133 3:

2545 1034 231 160 2
2591 1034 323 160 sylar

3995 983 285 175 1

2571 1128 186 194 4
2608 1128 371 194 pistoner

4237 1094 183 118 36.

2574 1250 174 176 1
2609 1250 279 176 pistol

4042 1149 252 234 2.

2573 1365 198 152 1
2653 1365 357 152 paket
2851 1365 278 152 hagel

4099 1309 344 172 1,50

2576 1481 386 179 skostift
2865 1481 225 179 och
2994 1481 257 179 spik
3155 1481 225 179 för
3251 1481 290 179 omkring

4148 1443 144 104 4.

2572 1608 241 140 och
2709 1608 172 140 1
2744 1608 551 140 annotationsbok

3946 1539 292 143 värd
4128 1539 183 143 -
4165 1539 256 143 0,50.

2563 1671 316 198 hvilka
2784 1671 284 198 saker
2974 1671 442 198 påträffats
3321 1671 158 198 i
3384 1671 189 198 en
3479 1671 411 198 Johansson
3795 1671 411 198 tillhörig
4079 1671 316 198 koffert.

2662 1750 233 237 Vid
2795 1750 233 237 det
2928 1750 233 237 med
3062 1750 433 237 Johansson
3395 1750 167 237 i
3462 1750 433 237 anledning
3795 1750 300 237 häraf
3995 1750 433 237 anställde
4295 1750 200 237 för¬-

2581 1886 244 197 hör
2721 1886 244 197 har
2860 1886 244 197 han
3000 1886 384 197 erkänt,
3279 1886 244 197 att
3419 1886 279 197 han,
3593 1886 244 197 som
3733 1886 314 197 sedan
3942 1886 244 197 den
4082 1886 175 197 4
4117 1886 384 197 sistlidne

2558 2002 356 205 Januari
2816 2002 291 205 varit
3011 2002 388 205 anställd
3302 2002 226 205 hos
3431 2002 421 205 Berghaus,
3755 2002 226 205 vid
3884 2002 291 205 olika
4046 2002 388 205 tillfällen

2580 2115 189 199 ur
2674 2115 315 199 dennes
2894 2115 441 199 lagerlokal
3241 2115 441 199 tillgripit
3587 2115 504 199 ofvanberörde
3997 2115 441 199 persedlar,
4312 2115 157 199 som

2579 2225 260 193 han
2727 2225 334 193 ämnat
2950 2225 408 193 behålla
3247 2225 260 193 för
3395 2225 297 193 eget
3543 2225 260 193 bruk.

2683 2305 393 220 Samtlige
2978 2305 196 220 de
3076 2305 458 220 tillgripna
3436 2305 360 220 sakerna
3697 2305 294 220 hafva
3894 2305 360 220 blifvit
4155 2305 262 220 till
4286 2305 229 220 måls¬-

2585 2480 334 146 egaren
2785 2480 467 146 återlemnade.

2698 2500 219 253 På
2807 2500 328 253 grund
3026 2500 219 253 af
3135 2500 292 253 hvad
3317 2500 401 253 sålunda
3609 2500 547 253 förekommit,
4046 2500 364 253 kommer
4264 2500 219 253 Olof

2570 2633 472 217 Johansson
2933 2633 254 217 att
3078 2633 327 217 denna
3295 2633 254 217 dag
3441 2633 254 217 för
3586 2633 254 217 PKn
3695 2633 435 217 inställas.

2907 2785 461 196 Göteborg
3252 2785 269 196 den
3406 2785 192 196 7
3483 2785 269 196 Maj
3598 2785 269 196 1880.

4428 2843 264 156 No
4516 2843 264 156 107.

4425 2988 301 121 Nikolaus
4625 2988 201 121 August

4424 3054 319 154 Lundqvist
4644 3054 196 154 Höjer.

2604 2963 225 185 I.
2717 2963 225 185 P.
2830 2963 225 185 U.
2942 2963 225 185 No
3055 2963 225 185 14
3168 2963 225 185 C.
3280 2963 225 185 8.
3393 2963 563 185 förekommer,
3844 2963 263 185 att
3994 2963 263 185 för
4107 2963 300 185 tredje

2631 3079 367 159 resan
2876 3079 367 159 stöld
3120 3079 285 159 och
3283 3079 856 159 sedelförfalskning
3976 3079 448 159 straffade

2601 3163 848 143 Måleriarbetaren
3315 3163 535 143 Nikolaus
3717 3163 446 143 August
3984 3163 491 143 Lundqvist

2603 3290 357 168 Höjer
2841 3290 278 168 den
3000 3290 198 168 1
3080 3290 357 168 sist.
3278 3290 397 168 Februari

3560 3256 264 79 utan
3692 3256 198 79 pass

3681 3265 479 157 begifvit
4041 3265 280 157 sig
4160 3265 240 157 från

2598 3373 343 138 sin
2794 3373 490 138 hemort
3088 3373 589 138 Stockholm.

3636 3366 323 164 Det
3820 3366 277 164 är
3913 3366 507 164 antagligt

2601 3478 322 150 att
2785 3478 506 150 bemälte
3153 3478 460 150 Höjer,
3475 3478 506 150 hvilken
3842 3478 414 150 flera
4072 3478 368 150 gånger

2600 3553 399 181 varit
2866 3553 443 181 häktad
3176 3553 310 181 och
3353 3553 576 181 tilltalad
3796 3553 310 181 för
3929 3553 487 181 sedelför¬
