5221 4281
460 131 331 204 ogifta
692 131 298 204 Maria
890 131 431 204 Christina
1222 131 431 204 Johansson
1553 131 199 204 på
1652 131 331 204 Höjden
1884 131 298 204 under
2050 131 397 204 Gäddesdala

470 232 160 201 i
534 232 384 201 Myckleby
822 232 320 201 Socken
1045 232 192 201 på
1141 232 352 201 Oroust,
1397 232 352 201 hvilken
1653 232 160 201 i
1717 232 320 201 början
1941 232 192 201 af
2036 232 288 201 sist.
2196 232 224 201 April

449 352 317 132 månad
660 352 352 132 kommit
907 352 247 132 hit
1047 352 282 132 till
1224 352 352 132 staden
1470 352 282 132 samt
1646 352 211 132 då
1752 352 423 132 erhållit
2069 352 317 132 plats
2245 352 176 132 så¬-

435 467 257 156 som
582 467 441 156 barnpiga
913 467 257 156 hos
1060 467 552 156 Bokhållaren
1502 467 405 156 Wanegs,
1796 467 257 156 men
1943 467 257 156 den
2090 467 257 156 1ds
2200 467 221 156 rymt

441 575 296 139 från
626 575 333 139 denna
848 575 259 139 sin
959 575 296 139 plats.

542 636 280 193 Sedan
729 636 436 193 upplysning
1071 636 374 193 vunnits,
1352 636 218 193 att
1477 636 405 193 Christina
1788 636 405 193 Johansson
2068 636 312 193 begifvit

441 766 244 146 sig
581 766 279 146 till
755 766 244 146 sin
894 766 384 146 hemort,
1173 766 314 146 aflät
1383 766 593 146 Poliskammaren
1871 766 244 146 den
2010 766 174 146 8
2080 766 174 146 i
2115 766 244 146 denna

441 849 299 174 månad
640 849 464 174 skrifvelse
1005 849 265 174 till
1171 849 630 174 Kronolänsmannen
1701 849 199 174 C.
1801 849 199 174 V.
1900 849 265 174 Dahl
2066 849 199 174 på
2132 849 299 174 Oroust,

441 959 231 195 med
573 959 364 195 begäran
838 959 231 195 att
970 959 231 195 med
1102 959 430 195 Johansson
1433 959 397 195 anställa
1730 959 331 195 förhör
1961 959 198 195 om
2027 959 364 195 ifrågava¬-

446 1055 303 202 rande
648 1055 437 202 tillgrepp
984 1055 235 202 och
1119 1055 336 202 derest
1354 1055 235 202 hon
1488 1055 403 202 befunnes
1791 1055 403 202 skyldig,
2060 1055 336 202 fråntaga

458 1194 241 207 och
595 1194 413 207 hitsända
905 1194 241 207 det
1043 1194 482 207 tillgripna
1421 1194 275 207 samt
1593 1194 379 207 tillika
1869 1194 310 207 henne
2075 1194 275 207 till
2213 1194 172 207 in¬-

458 1348 535 191 ställelse
869 1348 288 191 hos
993 1348 617 191 Poliskammaren

504 1439 192 222 I
580 1439 538 222 skrifvelse
1003 1439 231 222 af
1118 1439 269 222 den
1272 1439 231 222 15
1387 1439 384 222 dennes
1656 1439 269 222 har
1810 1439 423 222 bemälte
2079 1439 307 222 Krono¬-

460 1564 453 181 länsman
789 1564 494 181 meddelat
1160 1564 288 181 att
1324 1564 288 181 han
1489 1564 288 181 med
1654 1564 618 181 Ångfartyget
2107 1564 288 181 Oscar

472 1676 250 234 den
615 1676 214 234 II
722 1676 428 234 hitsändt
1043 1676 214 234 en
1151 1676 321 234 sjal,
1365 1676 214 234 en
1472 1676 321 234 svart
1686 1676 321 234 kjol,
1900 1676 250 234 ett
2043 1676 321 234 blått
2222 1676 178 234 och

437 1817 321 203 rödt
638 1817 682 203 klädningslif,
1199 1817 241 203 en
1320 1817 522 203 blårandig
1721 1817 602 203 bommulsduk,
2162 1817 201 203 ett

445 1942 358 205 lintyg,
706 1942 195 205 en
804 1942 228 205 blå
934 1942 228 205 och
1064 1942 456 205 hvitrandig
1423 1942 293 205 kjol,
1618 1942 326 205 hvilka
1846 1942 423 205 persedlar
2139 1942 228 205 inne¬-

459 2043 310 189 hafts
665 2043 207 189 af
769 2043 448 189 Christina
1114 2043 448 189 Johansson
1459 2043 241 189 och
1596 2043 414 189 angående
1907 2043 448 189 åtkomsten
2217 2043 207 189 hvar

452 2146 248 236 till
607 2146 217 236 hon
731 2146 310 236 erkänt
948 2146 217 236 sig
1072 2146 279 236 hafva
1258 2146 434 236 tillgripit
1598 2146 217 236 dem
1722 2146 248 236 från
1846 2146 558 236 tjensteflickorna

440 2252 287 236 Anna
619 2252 394 236 Persson
906 2252 251 236 och
1049 2252 430 236 Josefina
1371 2252 466 236 Svensson,
1730 2252 179 236 i
1801 2252 466 236 anledning
2123 2252 287 236 hvaraf

456 2380 222 203 han
583 2380 317 203 kallat
805 2380 411 203 Christina
1121 2380 411 203 Johansson
1438 2380 253 203 till
1596 2380 222 203 den
1722 2380 190 203 21
1817 2380 317 203 dennes
2039 2380 222 203 kl.
2165 2380 190 203 10
2229 2380 158 203 fm.

596 2505 423 185 Christina
922 2505 423 185 Johansson
1247 2505 358 185 hvilken
1507 2505 293 185 denna
1702 2505 228 185 dag
1832 2505 390 185 inställt
2125 2505 228 185 sig
2222 2505 163 185 här

430 2646 255 196 har
575 2646 255 196 vid
721 2646 255 196 det
867 2646 255 196 med
1013 2646 328 196 henne
1232 2646 437 196 anstälda
1560 2646 365 196 förhör
1815 2646 401 196 vidgått
2106 2646 255 196 att
2216 2646 182 196 hon

444 2793 270 197 som
599 2793 308 197 haft
791 2793 386 197 platts
1061 2793 270 197 hos
1216 2793 386 197 Wannes
1486 2793 347 197 såsom
1717 2793 463 197 barnpiga
2064 2793 270 197 den
2180 2793 231 197 1ste

433 2926 356 205 dennes
683 2926 320 205 efter
896 2926 249 205 att
1038 2926 320 205 hafva
1252 2926 498 205 tillgripit
1644 2926 676 205 ofvanuppräknade
2177 2926 214 205 klä¬-

441 3079 564 166 despersedlar
899 3079 388 166 afvikit
1181 3079 282 166 från
1358 3079 247 166 sin
1499 3079 317 166 plats
1710 3079 282 166 samt
1887 3079 247 166 den
2028 3079 176 166 3
2063 3079 282 166 dennes

440 3194 244 186 mid
580 3194 523 186 ångfartyget
998 3194 488 186 Westkusten
1382 3194 349 186 afrest
1626 3194 279 186 till
1800 3194 244 186 sin
1905 3194 279 186 himort

537 3329 625 163 Klädespersedlarne
1073 3329 268 163 hafva
1252 3329 327 163 blifvit
1490 3329 238 163 till
1639 3329 417 163 målsegarne
1936 3329 417 163 återlemnade.

567 3422 253 192 På
693 3422 380 192 grund
946 3422 253 192 af
1073 3422 337 192 hvad
1284 3422 464 192 sålunda
1621 3422 590 192 förekommit
2043 3422 337 192 kommer

431 3534 426 208 Crinina
741 3534 503 208 Johansson
1128 3534 271 208 att
1283 3534 348 208 denna
1515 3534 271 208 dag
1670 3534 271 208 för
1824 3534 271 208 Pkn
1940 3534 426 208 inställas

1023 3666 484 195 Göteborg
1386 3666 282 195 den
1547 3666 242 195 20
1668 3666 323 195 Juni
1830 3666 282 195 1880.

4446 77 225 88 No
4521 77 188 88 138

4413 143 272 132 Johan
4564 143 211 132 Fred¬-

4413 237 220 140 rik
4507 237 282 140 Persson

2684 159 569 212 Musikläraren
3147 159 214 212 G.
3254 159 427 212 Jansson,
3574 159 356 212 boende
3823 159 178 212 i
3894 159 356 212 kapten
4108 159 320 212 Jacobs¬-

2465 321 313 165 sons
2660 321 274 165 hus
2817 321 235 165 på
2934 321 547 165 Lindholmen
3364 321 274 165 har
3521 321 469 165 Lördagen
3873 321 274 165 den
4029 321 235 165 12
4146 321 235 165 ds
4224 321 196 165 kl.

2492 487 184 153 4
2566 487 221 153 e.
2676 487 221 153 m.
2787 487 405 153 anmält,
3081 487 258 153 att
3229 487 258 153 han
3376 487 295 153 kort
3560 487 331 153 förut
3781 487 221 153 på
3891 487 295 153 e.m.
4076 487 184 153 å
4112 487 295 153 Kungs¬-

2460 575 398 199 torget
2739 575 677 199 sammanträffat
3297 575 279 199 med
3456 575 279 199 två
3615 575 478 199 obekanta
3974 575 359 199 yngre
4173 575 279 199 mans¬-

2455 705 477 186 personer,
2822 705 367 186 hvilka
3079 705 257 186 han
3226 705 367 186 bjudit
3483 705 220 186 på
3594 705 477 186 förtäring
3961 705 184 186 i
4034 705 220 186 en
4108 705 330 186 källare

2475 836 470 171 därstädes;
2845 836 235 171 att
2979 836 201 171 de
3079 836 403 171 derefter
3381 836 302 171 gjort
3583 836 369 171 Jansson
3851 836 403 171 sällskap
4153 836 268 171 till
4287 836 168 171 Ma¬-

2468 974 573 197 gasinsgatan,
2934 974 251 197 der
3077 974 215 197 de
3184 974 358 197 ingått
3435 974 179 197 i
3507 974 322 197 huset
3722 974 215 197 No
3829 974 251 197 11;
3972 974 251 197 att
4116 974 251 197 den
4223 974 179 197 ena

2463 1092 218 210 af
2572 1092 327 210 dessa
2790 1092 182 210 i
2862 1092 218 210 en
2971 1092 472 210 trappgång
3335 1092 291 210 till
3516 1092 327 210 sagde
3734 1092 254 210 hus
3879 1092 218 210 ur
3988 1092 291 210 hans
4134 1092 254 210 högra

2475 1269 413 178 byxficka
2785 1269 482 178 tillgripit
3163 1269 207 178 en
3267 1269 482 178 portmonaie
3646 1269 207 178 af
3749 1269 276 178 gult
3921 1269 310 178 skinn
4128 1269 276 178 utan
4266 1269 172 178 lås

2476 1389 598 196 innehållande
2962 1389 411 196 omkring
3261 1389 224 196 55
3373 1389 374 196 kronor
3635 1389 486 196 bestående
4009 1389 224 196 af
4121 1389 299 196 tio-
4271 1389 187 196 och

2467 1536 690 175 femkronosedlar
3042 1536 307 175 samt
3234 1536 422 175 silfver
3541 1536 269 175 och
3694 1536 575 175 kopparmynt,
4116 1536 307 175 äfven¬-

2476 1688 255 169 som
2621 1688 255 169 ett
2767 1688 474 169 kinesiskt
3131 1688 291 169 mynt
3314 1688 219 169 af
3423 1688 255 169 gul
3569 1688 401 169 metall;
3860 1688 291 169 samt
4042 1688 255 169 att
4188 1688 219 169 de
4261 1688 182 169 ge¬-

2502 1823 259 187 nast
2664 1823 292 187 efter
2858 1823 518 187 tillgreppets
3279 1823 453 187 föröfvande
3635 1823 421 187 skyndsamt
3959 1823 421 187 aflägsnat
4251 1823 194 187 sig.

2641 1950 832 162 Detektivkonstaplarne
3369 1950 208 162 C.
3473 1950 451 162 Hellström
3820 1950 243 162 och
3958 1950 208 162 J.
4062 1950 347 162 Bohlin
4270 1950 208 162 haf¬-

2465 2093 226 201 va
2578 2093 340 201 samma
2805 2093 264 201 dag
2956 2093 264 201 kl.
3107 2093 189 201 6
3182 2093 189 201 e
3258 2093 264 201 m.,
3409 2093 340 201 såsom
3635 2093 491 201 misstänkt
4013 2093 264 201 för
4126 2093 264 201 detta

2462 2247 443 192 tillgrepp
2803 2247 409 192 anhållit
3109 2247 238 192 för
3246 2247 341 192 första
3484 2247 307 192 resan
3688 2247 409 192 snatteri
3995 2247 443 192 straffade
4302 2247 170 192 ar¬-

2462 2385 519 198 betskarlen
2870 2385 334 198 Johan
3093 2385 408 198 Fredrik
3389 2385 445 198 Persson,
3723 2385 408 198 hvilken
4020 2385 260 198 vid
4131 2385 297 198 anhål¬-

2464 2530 391 174 landet
2738 2530 469 174 innehade
3090 2530 235 174 12
3207 2530 391 174 kronor
3481 2530 235 174 56
3598 2530 313 174 öre;
3793 2530 274 174 och
3950 2530 274 174 har
4067 2530 352 174 Persson

2483 2644 287 209 vid
2647 2644 287 209 det
2811 2644 287 209 med
2974 2644 368 209 honom
3220 2644 532 209 anställda
3629 2644 409 209 förhör
3916 2644 491 209 förnekat
4243 2644 164 209 så

2497 2820 285 184 väl
2660 2820 285 184 all
2823 2820 489 184 kännedom
3190 2820 245 184 om
3313 2820 612 184 ifrågakomne
3802 2820 530 184 tillgrepp
4169 2820 204 184 som

2494 2950 254 181 och
2639 2950 254 181 att
2784 2950 254 181 han
2929 2950 436 181 någonsin
3256 2950 290 181 sett
3438 2950 327 181 eller
3656 2950 508 181 sällskapat
4055 2950 254 181 med
4164 2950 254 181 måls¬-

2484 3081 372 204 egaren
2744 3081 484 204 hvarjemte
3116 3081 409 204 Persson
3414 3081 484 204 uppgifvit
3786 3081 260 204 att
3934 3081 260 204 han
4083 3081 260 204 med
4195 3081 260 204 till¬-

2480 3254 395 183 falligt
2767 3254 359 183 arbete
3019 3254 431 183 förtjent
3342 3254 251 183 och
3486 3254 467 183 hopsparat
3845 3254 215 183 de
3952 3254 467 183 penningar
4275 3254 180 183 han

2500 3397 254 164 vid
2645 3397 544 164 anhållandet
3044 3397 399 164 innehade.

2651 3518 503 199 Följande
3029 3518 503 199 Personer
3406 3518 377 199 hafva
3616 3518 419 199 upplyst:

2474 3666 251 190 1o
2600 3666 1003 190 Glasmästeriarbetaren
3477 3666 376 190 Johan
3728 3666 376 190 Alvin
3936 3666 460 190 Andersson
