5111 4083
543 211 231 85 ett
675 211 593 85 moireförkläde,
1169 211 231 85 ett
1301 211 297 85 hvitt
1499 211 231 85 och
1631 211 494 85 gulprickigt
1994 211 494 85 sitsförkläde,

547 323 200 83 en
647 323 267 83 hvit
814 323 234 83 och
947 323 468 83 rödblommig
1315 323 501 83 bomullsduk,
1716 323 234 83 ett
1849 323 234 83 par
1983 323 301 83 hvita
2150 323 334 83 bomulls¬-

546 433 407 75 strumpor
851 433 204 75 en
953 433 271 75 hvit
1123 433 373 75 näsduk,
1394 433 305 75 märkt
1598 433 204 75 S.
1699 433 204 75 A.
1801 433 237 75 och
1937 433 204 75 34
2005 433 204 75 öre.

631 535 243 85 Wid
770 535 243 85 det
909 535 243 85 med
1048 535 452 85 Andersson
1395 535 243 85 och
1534 535 278 85 Nätt
1708 535 174 85 i
1777 535 452 85 anledning
2125 535 313 85 häraf
2298 535 174 85 an¬-

539 641 380 92 ställde
816 641 345 92 förhör
1058 641 311 92 hafva
1265 641 207 92 de
1334 641 380 92 uppgifvit

538 743 193 96 1o
634 743 450 96 Andersson:
988 743 225 96 att
1116 743 225 96 han
1245 743 514 96 förstberörde
1663 743 225 96 dag
1791 743 161 96 å
1855 743 418 96 Skolgatan
2145 743 321 96 sällska¬-

544 851 240 82 pat
681 851 240 82 med
818 851 308 82 Nätt,
1023 851 377 82 hvarvid
1297 851 206 82 de
1400 851 274 82 båda
1571 851 377 82 uppgått
1845 851 171 82 i
1914 851 308 82 huset
2119 851 206 82 No
2222 851 206 82 21
2291 851 171 82 vid

523 945 279 103 sagde
709 945 279 103 gata,
895 945 217 103 för
1019 945 217 103 att
1143 945 341 103 bettla;
1391 945 217 103 att
1516 945 186 103 då
1609 945 186 103 de
1702 945 217 103 der
1826 945 248 103 icke
1981 945 341 103 träffat
2198 945 248 103 någon,

523 1059 188 99 de
617 1059 313 99 ingått
836 1059 156 99 å
898 1059 188 99 en
992 1059 282 99 olåst
1180 1059 282 99 vind,
1367 1059 344 99 hvarest
1617 1059 188 99 de
1711 1059 500 99 varseblifvit
2087 1059 375 99 ifrågakom¬-

546 1171 202 95 ne
647 1171 404 95 koffert,
950 1171 235 95 som
1085 1171 437 95 Andersson
1421 1171 437 95 medtagit,
1757 1171 437 95 hvarefter
2094 1171 202 95 de
2161 1171 269 95 begif¬-

543 1273 229 103 vit
674 1273 229 103 sig
805 1273 262 103 till
969 1273 197 103 en
1067 1273 229 103 äng
1198 1273 295 103 bakom
1395 1273 491 103 Lorensberg,
1788 1273 229 103 der
1919 1273 426 103 Andersson
2214 1273 197 103 sön¬-

548 1399 422 85 derbrutit
872 1399 422 85 hänglåset
1196 1399 259 85 till
1358 1399 454 85 kofferten;
1715 1399 259 85 samt
1877 1399 227 85 att
2007 1399 195 85 de
2072 1399 324 85 derefter

511 1503 533 87 tillsammans
937 1503 320 87 burit
1150 1503 462 87 kofferten
1505 1503 284 87 till
1682 1503 391 87 Underås
1966 1503 284 87 bro,
2144 1503 249 87 der
2250 1503 142 87 de

529 1609 219 83 ur
639 1609 439 83 densamma
968 1609 329 83 tagit
1188 1609 219 83 de
1297 1609 695 83 klädespersedlar
1882 1609 219 83 de
1992 1609 256 83 vid
2102 1609 292 83 anhål¬-

504 1707 340 91 landet
742 1707 442 91 innehade,
1081 1707 306 91 jemte
1285 1707 238 91 två
1421 1707 374 91 sjalar,
1693 1707 238 91 som
1829 1707 442 91 Andersson
2134 1707 272 91 straxt

521 1813 439 85 derefter
850 1813 439 85 pantsatt
1180 1813 256 85 för
1326 1813 256 85 Tre
1472 1813 366 85 Kronor
1728 1813 256 85 hos
1838 1813 548 85 Pantlånerskan

508 1923 375 101 Johanna
781 1923 375 101 Nilsson
1054 1923 171 101 i
1122 1923 307 101 huset
1327 1923 205 101 No
1429 1923 205 101 29
1531 1923 239 101 vid
1668 1923 512 101 Stampgatan,
2077 1923 205 101 af
2145 1923 273 101 hvilka

529 2027 435 93 penningar
863 2027 268 93 Nätt
1031 2027 402 93 erhållit
1332 2027 201 93 50
1433 2027 268 93 öre;
1567 2027 167 93 och

521 2137 199 85 2o
620 2137 299 85 Nätt:
819 2137 166 85 i
886 2137 531 85 hufvudsaklig
1317 2137 697 85 öfverensstämmelse
1914 2137 232 85 med
2014 2137 398 85 Andersson,

519 2241 234 105 med
652 2241 401 105 tillägg,
953 2241 234 105 att
1087 2241 234 105 han
1221 2241 201 105 ej
1321 2241 301 105 följt
1522 2241 435 105 Andersson
1857 2241 201 105 in
1957 2241 167 105 å
2024 2241 368 105 vinden,
2258 2241 134 105 då

524 2359 286 96 denne
715 2359 223 96 der
842 2359 446 96 tillgripit
1193 2359 446 96 kofferten;
1543 2359 223 96 att
1670 2359 223 96 han
1797 2359 191 96 ej
1893 2359 318 96 vetat,
2116 2359 223 96 att
2211 2359 191 96 kof¬-

506 2453 340 106 ferten
744 2453 306 106 varit
948 2453 340 106 stulen
1187 2453 340 106 förrän
1425 2453 442 106 Andersson
1765 2453 340 106 börjat
1970 2453 442 106 sönderbryta

502 2547 465 127 hänglåset
860 2547 215 127 då
967 2547 322 127 denne
1182 2547 393 127 omtalat
1468 2547 572 127 tillgreppet;
1933 2547 250 127 att
2076 2547 250 127 han
2183 2547 215 127 vis¬-

522 2661 409 119 serligen
829 2661 341 119 hjelpt
1068 2661 443 119 Andersson
1409 2661 273 119 bära
1579 2661 443 119 kofferten
1920 2661 273 119 till
2057 2661 341 119 Underås-

499 2764 293 120 bro,
682 2764 256 120 men
829 2764 256 120 att
975 2764 256 120 han
1122 2764 220 120 ej
1231 2764 329 120 tagit
1451 2764 329 120 något
1671 2764 220 120 ur
1780 2764 512 120 kofferten,
2146 2764 220 120 utan

494 2870 216 112 af
602 2870 467 112 Andersson
961 2870 431 112 erhållit
1284 2870 216 112 de
1392 2870 467 112 persedlar
1751 2870 251 112 han
1895 2870 251 112 vid
2003 2870 395 112 anhållan¬-

499 2983 256 105 det
646 2983 475 105 innehade,
1011 2983 292 105 samt
1193 2983 256 105 att
1339 2983 256 105 han
1486 2983 292 105 icke
1668 2983 292 105 fått
1851 2983 329 105 några
2033 2983 329 105 pennin¬-

501 3103 262 95 gar
650 3103 224 95 af
725 3103 449 95 Andersson.

567 3202 512 96 Döfstumma
960 3202 433 96 17åriga
1275 3202 433 96 flickan
1590 3202 472 96 Severina
1905 3202 433 96 Albertina

479 3300 489 104 Svensdotter
871 3300 261 104 från
1034 3300 391 104 Sibbarps
1327 3300 326 104 Socken
1555 3300 163 104 i
1620 3300 391 104 Halland,
1914 3300 196 104 nu
2011 3300 326 104 boende
2207 3300 163 104 hos

483 3401 338 113 Läraren
729 3401 215 113 vid
852 3401 277 113 Tysta
1037 3401 308 113 skolan
1252 3401 185 113 P.
1344 3401 338 113 Brodahl
1590 3401 154 113 i
1652 3401 277 113 huset
1836 3401 185 113 No
1929 3401 185 113 21
2021 3401 215 113 vid
2113 3401 277 113 Skolga¬-

490 3505 223 107 tan
618 3505 223 107 har
745 3505 319 107 anmält
968 3505 223 107 sig
1095 3505 223 107 som
1223 3505 287 107 egare
1414 3505 255 107 till
1573 3505 478 107 ifrågakomne
1956 3505 350 107 koffert
2179 3505 159 107 med

502 3606 410 106 innehåll,
818 3606 221 106 som
944 3606 252 106 vore
1101 3606 284 106 värdt
1290 3606 473 106 tillsammans
1669 3606 189 106 32
1763 3606 315 106 Kronor
1984 3606 189 106 25
2078 3606 252 106 öre,
2204 3606 158 106 un¬-

496 3736 236 76 der
631 3736 371 76 uppgift
901 3736 236 76 att
1036 3736 405 76 densamma
1340 3736 506 76 tillgripits
1745 3736 169 76 å
1812 3736 236 76 den
1947 3736 202 76 af
2015 3736 371 76 Andersson

2689 236 401 122 uppgifna
2989 236 367 122 vinden,
3256 236 367 122 hvilken
3524 236 301 122 varit
3691 236 267 122 olåst.

2826 324 389 124 Sjalarne
3117 324 292 124 hafva
3312 324 487 124 återfunnits
3701 324 422 124 pantsatta
4026 324 227 124 för
4155 324 227 124 Tre
4285 324 324 124 Kronor
4480 324 162 124 hos

2692 466 506 132 ofvannämnde
3097 466 371 132 Johanna
3367 466 405 132 Nilsson;
3671 466 236 132 och
3806 466 236 132 har
3941 466 506 132 målsegaren,
4346 466 338 132 hvilka

2709 590 446 100 erhållit
3044 590 223 100 de
3155 590 223 100 af
3267 590 484 100 Andersson
3639 590 484 100 innehafde
4011 590 521 100 penningar,
4383 590 223 100 der¬-

2692 698 295 100 med
2861 698 422 100 utlöst
3114 698 464 100 Sjalarne.

2827 810 509 86 Kofferten
3218 810 274 86 har
3375 810 548 86 återfunnit
3806 810 274 86 vid
3963 810 548 86 Underåsbro
4354 810 196 86 och

2709 910 457 90 befanns
3041 910 249 90 då
3165 910 540 90 innehålla
3580 910 291 90 tre
3746 910 291 90 par
3912 910 623 90 manchetter,
4369 910 208 90 tre

2705 1012 317 92 st.
2886 1012 498 92 kragar,
3248 1012 272 92 en
3384 1012 317 92 röd
3565 1012 498 92 ylleduk
3927 1012 317 92 och
4108 1012 272 92 en
4198 1012 362 92 mindre

2726 1115 364 98 väska
2968 1115 283 98 och
3130 1115 283 98 har
3292 1115 364 98 detta
3535 1115 364 98 jemte
3778 1115 243 98 de
3899 1115 526 98 persedlar
4264 1115 364 98 Anders¬-

2714 1212 296 102 son
2883 1212 296 102 och
3052 1212 338 102 Nätt
3263 1212 507 102 innehade
3644 1212 634 102 återlemnats
4151 1212 338 102 till
4320 1212 296 102 måls¬-

2684 1305 342 77 egaren.

2811 1398 562 98 Andersson
3243 1398 303 98 har
3416 1398 519 98 dessutom
3806 1398 433 98 erkänt
4109 1398 303 98 att
4282 1398 303 98 han
4412 1398 216 98 den

2712 1502 209 114 7
2796 1502 376 114 sist.
3046 1502 501 114 Februari
3422 1502 209 114 i
3506 1502 251 114 en
3631 1502 376 114 olåst
3882 1502 418 114 tambur
4174 1502 209 114 i
4258 1502 376 114 huset
4467 1502 167 114 No

2709 1602 260 116 28
2839 1602 303 116 vid
3012 1602 650 116 Köpmangatan
3531 1602 606 116 tillgripit
4008 1602 303 116 ett
4181 1602 303 116 par
4311 1602 303 116 mörk¬-

2695 1712 413 110 rutiga
2984 1712 372 110 byxor
3232 1712 289 110 och
3398 1712 248 110 en
3522 1712 455 110 ljusgrå
3852 1712 372 110 väst;
4100 1712 331 110 samt
4307 1712 289 110 att
4431 1712 207 110 han

2694 1818 347 104 den
2893 1818 298 104 14
3042 1818 248 104 i
3141 1818 447 104 samma
3439 1818 447 104 månad
3737 1818 248 104 i
3836 1818 298 104 en
3985 1818 447 104 olåst
4233 1818 397 104 lambur

2713 1924 340 104 till
2926 1924 340 104 Herr
3139 1924 468 104 Prosten
3479 1924 511 104 Lambergs
3862 1924 425 104 bostad
4160 1924 213 104 i
4245 1924 383 104 huset
4458 1924 170 104 No

2694 2018 251 106 18
2820 2018 293 106 vid
2987 2018 627 106 Köpmangatan
3489 2018 586 106 tillgripit
3949 2018 251 106 en
4074 2018 376 106 svart
4283 2018 335 106 siden¬-

2694 2123 533 96 paraply,
3093 2123 444 96 hvilka
3404 2123 577 96 persedlar
3848 2123 311 96 han
4026 2123 355 96 kort
4204 2123 444 96 derefter

2707 2230 519 100 pantsatt
3096 2230 303 100 hos
3269 2230 260 100 P.
3399 2230 260 100 J.
3529 2230 433 100 Osberg
3831 2230 216 100 i
3918 2230 389 100 huset
4177 2230 260 100 No
4307 2230 216 100 3
4394 2230 303 100 vid

2711 2332 640 116 Jerntorget,
3224 2332 470 116 byxorna
3565 2332 299 116 och
3736 2332 427 116 västen
4034 2332 299 116 för
4205 2332 256 116 En
4333 2332 384 116 krona

2707 2438 331 107 och
2896 2438 615 107 paraplyen
3369 2438 331 107 för
3558 2438 284 107 En
3700 2438 284 107 kr
3842 2438 284 107 25
3936 2438 284 107 öre.

2845 2542 629 103 Handlanden
3339 2542 270 103 O.
3474 2542 539 103 Hansson,
3878 2542 449 103 boende
4193 2542 225 103 i
4238 2542 314 103 huset

2681 2648 306 97 No
2834 2648 306 97 28
2987 2648 357 97 vid
3191 2648 765 97 Köpmangatan
3803 2648 357 97 har
4007 2648 510 97 anmält
4313 2648 255 97 sig

2725 2750 326 92 som
2912 2750 420 92 egare
3192 2750 373 92 till
3425 2750 513 92 byxorna
3798 2750 326 92 och
3984 2750 466 92 västen
4264 2750 280 92 samt

2730 2852 349 98 Herr
2948 2852 479 98 Prosten
3297 2852 261 98 J.
3428 2852 261 98 C.
3558 2852 479 98 Lamberg
3907 2852 349 98 till
4081 2852 523 98 Paraplyen,

2709 2950 444 112 under
3004 2950 542 112 uppgift
3399 2950 345 112 att
3596 2950 542 112 desamma
3941 2950 641 112 tillgripits

2710 3066 239 101 å
2806 3066 430 101 tider
3093 3066 335 101 och
3284 3066 526 101 ställen
3666 3066 335 101 som
3857 3066 621 101 Andersson
4287 3066 287 101 upp¬-

2704 3162 530 133 gifvit.
3089 3162 675 133 Målsegarne
3620 3162 434 133 hafva
3909 3162 482 133 utlöst
4246 3162 289 133 de
4343 3162 337 133 pant¬-

2748 3259 436 78 satte
2990 3259 678 78 persedlarne.

2826 3376 264 118 På
2958 3376 396 118 grund
3222 3376 264 118 af
3355 3376 352 118 hvad
3575 3376 485 118 sålunda
3927 3376 617 118 förekommit
4368 3376 264 118 kom¬-

2694 3480 286 118 ma
2837 3480 382 118 Carl
3076 3480 382 118 Otto
3315 3480 621 118 Andersson
3792 3480 334 118 och
3983 3480 382 118 Carl
4174 3480 430 118 Larsson

2695 3584 412 116 Nätt
2952 3584 361 116 att
3158 3584 464 116 denna
3467 3584 361 116 dag
3673 3584 361 116 för
3828 3584 773 116 Poliskammaren

2709 3690 628 114 inställas.
3202 3690 538 114 Göteborg
3606 3690 314 114 den
3785 3690 224 114 9
3875 3690 359 114 Mars
4054 3690 314 114 1880.
