5114 4060
506 136 192 197 2o
602 136 512 197 Stalldrängen
1018 136 384 197 Johannes
1306 136 544 197 Christiansson
1722 136 160 197 och

483 263 200 173 3o
583 263 500 173 Droskkusken
982 263 333 173 Alfred
1215 263 466 173 Johansson,
1582 263 300 173 begge
1782 263 333 173 boende
2015 263 233 173 och
2115 263 366 173 anställde

489 362 239 161 hos
625 362 511 161 Droskegaren
1034 362 204 161 S.
1136 362 409 161 Särnblom
1443 362 170 161 i
1511 362 307 161 huset
1716 362 204 161 No
1818 362 204 161 96
1920 362 170 161 i
1988 362 375 161 Stadens
2227 362 204 161 12te

500 464 305 191 rote,
703 464 237 191 att
839 464 237 191 den
974 464 169 191 9
1042 464 339 191 dennes
1279 464 203 191 på
1381 464 373 191 aftonen
1652 464 169 191 i
1720 464 203 191 en
1821 464 305 191 olåst
1991 464 474 191 stallkammare

487 615 189 153 i
563 615 567 153 ofvannämnde
1016 615 265 153 hus
1130 615 529 153 tillgripits.

552 713 265 169 från
717 713 596 169 Christiansson:
1214 713 199 169 en
1313 713 430 169 stortröja
1644 713 199 169 af
1744 713 298 169 blått
1942 713 265 169 slät
2075 713 331 169 kommiss¬-

475 818 288 197 kläde
667 818 224 197 med
795 818 288 197 svart
987 818 448 197 yllefoder,
1339 818 256 197 värd
1499 818 192 197 30
1595 818 320 197 Kronor
1787 818 160 197 och

557 945 282 169 från
733 945 493 169 Johansson:
1120 945 211 169 en
1226 945 669 169 sommaröfverrock
1789 945 211 169 af
1895 945 458 169 mörkgrått
2212 945 246 169 ylle¬-

491 1037 238 192 tyg
627 1037 238 192 med
763 1037 305 192 svart
966 1037 543 192 sammetskrage
1407 1037 238 192 och
1543 1037 475 192 klotfoder,
1916 1037 271 192 värd
2086 1037 204 192 25
2154 1037 271 192 Kronor

489 1152 268 153 samt
656 1152 234 153 ett
790 1152 234 153 par
923 1152 301 153 byxor
1124 1152 201 153 af
1224 1152 435 153 grårandig
1559 1152 435 153 korderoj,
1893 1152 301 153 värda
2094 1152 167 153 7
2127 1152 301 153 Kronor;

500 1280 206 154 4o
603 1280 447 154 Fröknarne
947 1280 241 154 Eva
1084 1280 241 154 och
1222 1280 378 154 Serafia
1497 1280 413 154 Böttger,
1806 1280 344 154 boende
2047 1280 172 154 i
2116 1280 309 154 huset
2287 1280 138 154 No

506 1386 195 141 62
603 1386 227 141 vid
733 1386 487 141 Kungsgatan,
1123 1386 227 141 att
1253 1386 227 141 den
1383 1386 195 141 11
1480 1386 195 141 ds
1577 1386 162 141 i
1642 1386 292 141 köket
1837 1386 260 141 till
2000 1386 292 141 deras
2162 1386 260 141 bostad

486 1488 270 177 från
655 1488 236 177 dem
790 1488 506 177 tillgripits
1194 1488 202 177 12
1296 1488 742 177 fruntimmerslintyg,
1936 1488 303 177 värde
2105 1488 337 177 tillhopa

489 1616 185 172 10
582 1616 340 172 Kronor,
829 1616 154 172 9
891 1616 216 172 st.
1014 1616 432 172 handdukar,
1354 1616 278 172 värda
1539 1616 216 172 Fem
1663 1616 309 172 Kronor
1879 1616 216 172 och
2003 1616 216 172 ett
2126 1616 216 172 par
2219 1616 216 172 kall¬-

477 1743 371 187 songer,
747 1743 303 187 värda
949 1743 202 187 En
1016 1743 270 187 Krona.

474 1820 204 207 5o
576 1820 306 207 Pigan
780 1820 272 207 Anna
950 1820 442 207 Bergholm,
1290 1820 170 207 i
1358 1820 340 207 tjenst
1597 1820 238 207 hos
1733 1820 476 207 Handlanden
2107 1820 204 207 J.
2175 1820 272 207 Carls¬-

467 1939 225 192 son
596 1939 225 192 och
724 1939 322 192 boende
950 1939 161 192 i
1014 1939 290 192 huset
1207 1939 193 192 No
1304 1939 161 192 1
1368 1939 225 192 vid
1497 1939 451 192 Skolgatan:
1852 1939 225 192 att
1980 1939 225 192 den
2109 1939 193 192 11
2206 1939 193 192 ds
2270 1939 129 192 på

481 2085 257 166 eft.
641 2085 289 166 midd.
834 2085 161 166 å
898 2085 193 166 en
995 2085 257 166 låst
1155 2085 514 166 vindsskrubb,
1573 2085 289 166 hvars
1766 2085 353 166 dörrlås
2023 2085 353 166 öppnats
2247 2085 161 166 me¬-

482 2168 324 167 delst
698 2168 505 167 användande
1095 2168 216 167 af
1203 2168 288 167 dyrk
1383 2168 324 167 eller
1599 2168 324 167 falsk
1815 2168 360 167 nyckel
2068 2168 288 167 från
2212 2168 216 167 hen¬-

473 2269 191 198 ne
569 2269 478 198 tillgripits
951 2269 191 198 en
1046 2269 509 198 vinterpaletå
1460 2269 191 198 af
1556 2269 287 198 svart
1746 2269 255 198 slät
1906 2269 350 198 doffel,
2160 2269 255 198 värd
2288 2269 127 198 30

469 2404 369 209 Kronor,
738 2404 235 209 men
872 2404 235 209 att
1006 2404 403 209 tjufven,
1308 2404 235 209 som
1442 2404 403 209 troligen
1744 2404 369 209 blifvit
2012 2404 369 209 skrämd,
2247 2404 168 209 ka¬-

471 2521 262 203 stat
635 2521 360 203 paletån
897 2521 196 203 på
995 2521 524 203 yttervinden,
1420 2521 229 203 der
1551 2521 229 203 den
1682 2521 425 203 sedermera
1977 2521 458 203 återfunnits;

454 2628 213 142 6o
560 2628 638 142 Skänkmamsellen
1091 2628 319 142 Elise
1304 2628 425 142 Nilsson,
1623 2628 425 142 anställd
1941 2628 177 142 å
1977 2628 425 142 Korsvägens

465 2758 256 142 kafé
625 2758 160 142 i
689 2758 288 142 huset
881 2758 192 142 No
977 2758 192 142 73
1073 2758 256 142 Litt
1233 2758 160 142 L
1297 2758 160 142 i
1361 2758 352 142 stadens
1616 2758 256 142 12te
1776 2758 288 142 rote,
1968 2758 224 142 att
2096 2758 224 142 den
2224 2758 192 142 13
2288 2758 128 142 ds

465 2840 175 185 i
535 2840 210 185 en
640 2840 315 185 olåst
850 2840 350 185 tambur
1094 2840 280 185 till
1269 2840 524 185 ofvannämnde
1689 2840 245 185 hus
1829 2840 280 185 från
2003 2840 315 185 henne
2178 2840 245 185 till¬-

446 2940 353 219 gripits
703 2940 193 219 en
799 2940 418 219 regnkappa
1120 2940 193 219 af
1217 2940 385 219 gråbrunt
1506 2940 321 219 tjockt
1731 2940 385 219 ylletyg,
2020 2940 257 219 värd
2180 2940 193 219 30
2244 2940 161 219 kr;

451 3078 201 215 7o
551 3078 535 215 Werkgesällen
986 3078 201 215 S.
1086 3078 468 215 Andersson,
1454 3078 334 215 boende
1688 3078 167 215 i
1755 3078 468 215 Adelskölds
2122 3078 234 215 hus
2223 3078 167 215 vid

454 3217 351 164 Underås
709 3217 223 164 bro
837 3217 159 164 i
900 3217 351 164 Örgryte
1155 3217 351 164 socken,
1410 3217 223 164 att
1538 3217 223 164 den
1665 3217 191 164 15
1761 3217 191 164 ds
1856 3217 191 164 ur
1952 3217 223 164 ett
2079 3217 255 164 låst
2207 3217 191 164 kon¬-

448 3323 387 172 torsrum
729 3323 457 172 derstädes
1081 3323 281 172 från
1257 3323 317 172 honom
1468 3323 528 172 tillgripits
1890 3323 211 172 en
1960 3323 422 172 ulsterrock

438 3444 205 204 af
540 3444 342 204 grått,
779 3444 342 204 tjockt
1019 3444 239 204 tyg
1155 3444 239 204 med
1292 3444 307 204 mörkt
1497 3444 307 204 kläde
1702 3444 273 204 till
1873 3444 342 204 foder,
2112 3444 273 204 värd
2248 3444 137 204 40

475 3544 319 208 Kronor
698 3544 255 208 samt
858 3544 287 208 rock,
1049 3544 287 208 byxor
1241 3544 223 208 och
1368 3544 255 208 väst
1528 3544 191 208 af
1624 3544 287 208 svart
1815 3544 319 208 kläde,
2038 3544 287 208 värde
2198 3544 223 208 till¬-

419 3683 267 196 köpa
585 3683 167 196 5
652 3683 367 196 Kronor,
919 3683 267 196 samt
1085 3683 233 196 att
1218 3683 367 196 tjufven
1485 3683 333 196 beredt
1718 3683 233 196 sig
1852 3683 367 196 inträde
2118 3683 167 196 i
2151 3683 267 196 rummet

2585 184 344 191 medelst
2835 184 219 191 att
2960 184 469 191 sönderbryta
3336 184 282 191 låset
3523 184 219 191 för
3617 184 282 191 dörren.

2587 295 194 198 8o
2684 295 387 198 Torparen
2974 295 355 198 Andreas
3232 295 355 198 Olsson,
3490 295 323 198 boende
3716 295 161 198 å
3780 295 323 198 Torpet
4006 295 419 198 Beateberg
4296 295 226 198 under

2572 401 619 193 Grosshandlanden
3094 401 195 193 J.
3191 401 195 193 J.
3289 401 326 193 Ekmans
3517 401 358 193 egendom
3778 401 163 193 i
3843 401 521 193 Gamlestaden,
4266 401 228 193 att
4364 401 163 193 den

2590 532 192 185 18
2686 532 192 185 ds
2782 532 192 185 på
2877 532 192 185 f.
2973 532 287 185 midd.
3165 532 160 185 i
3229 532 383 185 bostaden
3516 532 255 185 från
3676 532 287 185 honom
3867 532 479 185 tillgripits
4251 532 192 185 en
4314 532 224 185 frun¬-

2584 628 514 192 timmerspaletå
3007 628 182 192 af
3098 628 272 192 svart
3280 628 242 192 slät
3431 628 333 192 doffel,
3673 628 242 192 värd
3824 628 151 192 8
3885 628 333 192 Kronor,
4127 628 212 192 ett
4248 628 212 192 par
4339 628 242 192 skinn¬-

2586 747 341 241 kängor,
2834 747 279 241 värde
3020 747 155 241 4
3082 747 341 241 Kronor,
3330 747 217 241 ett
3454 747 217 241 par
3578 747 279 241 byxor
3764 747 186 241 af
3857 747 310 241 svart,
4074 747 248 241 hvit
4229 747 217 241 och
4322 747 217 241 brun¬-

2599 841 347 277 randig
2842 841 382 277 doffel,
3120 841 312 277 värde
3328 841 243 277 Sex
3467 841 382 277 Kronor,
3745 841 208 277 en
3849 841 278 277 väst
4022 841 208 277 af
4126 841 312 277 samma
4300 841 243 277 sorts

2608 963 255 265 tyg,
2767 963 255 265 värd
2926 963 159 265 2
2990 963 350 265 Kronor,
3245 963 191 265 en
3340 963 350 265 lifrock
3595 963 191 265 af
3690 963 414 265 ljusgrönt
4009 963 318 265 rutigt
4200 963 286 265 ylletyg

2608 1108 233 231 med
2741 1108 300 231 svart
2941 1108 467 231 klotfoder,
3308 1108 267 231 värd
3475 1108 233 231 Tre
3608 1108 367 231 Kronor,
3875 1108 200 231 en
3975 1108 334 231 mindre
4208 1108 267 231 låst
4342 1108 200 231 brun

2598 1236 395 208 trälada,
2894 1236 527 208 innehållande
3323 1236 395 208 följande
3619 1236 296 208 gods,
3817 1236 395 208 nemligen
4113 1236 198 208 en
4212 1236 263 208 slät
4343 1236 231 208 guld¬-

2607 1345 298 209 ring,
2806 1345 298 209 märkt
3004 1345 397 209 stydligt
3302 1345 232 209 med
3435 1345 530 209 bokstäfverna
3865 1345 199 209 A.
3964 1345 199 209 O.
4064 1345 232 209 och
4196 1345 232 209 ett
4328 1345 232 209 par
4428 1345 99 209 6

2591 1462 377 253 kantiga
2865 1462 617 253 guldberlocker,
3379 1462 411 253 tillhopa
3688 1462 309 253 värdt
3894 1462 206 253 10
3996 1462 343 253 kronor
4236 1462 274 253 samt
4374 1462 171 253 fem

2610 1574 247 251 st.
2751 1574 495 251 motböcker,
3140 1574 177 251 å
3211 1574 354 251 hvilka
3458 1574 672 251 Grosshandlanden
4024 1574 318 251 Ekman
4236 1574 177 251 i
4271 1574 283 251 Ränte¬-

2608 1703 237 239 och
2743 1703 981 239 kapitalförsäkringsanstalt
3623 1703 338 239 insatt
3860 1703 203 239 10
3961 1703 338 239 Kronor
4198 1703 271 239 till
4333 1703 237 239 hvar¬-

2630 1813 281 242 dera
2805 1813 210 242 af
2911 1813 351 242 barnen
3156 1813 281 242 Carl
3331 1813 386 242 August,
3612 1813 491 242 Ferdinand,
3998 1813 491 242 Albertina,
4348 1813 246 242 Frans

2616 1934 365 212 Oskar,
2872 1934 329 212 Janne
3091 1934 256 212 och
3238 1934 329 212 Alida
3457 1934 438 212 Mathilda
3786 1934 292 212 samt
3968 1934 256 212 att
4115 1934 365 212 dörren
4334 1934 219 212 till

2622 2032 226 254 det
2751 2032 259 254 rum,
2913 2032 226 254 der
3042 2032 485 254 tillgreppet
3430 2032 356 254 skedde,
3688 2032 226 254 vid
3818 2032 453 254 tillfället
4173 2032 291 254 varit
4335 2032 226 254 låst,

2627 2164 244 264 men
2766 2164 244 264 att
2906 2164 383 264 nyckeln
3184 2164 278 264 till
3358 2164 452 264 dörrlåset
3706 2164 313 264 legat
3915 2164 383 264 utanför
4193 2164 348 264 dörren
4402 2164 139 264 på

2612 2331 435 182 karmen
2917 2331 392 182 ofvan
3135 2331 348 182 denna.

2716 2351 298 272 Sedan
2915 2351 199 272 af
3014 2351 232 272 det
3146 2351 463 272 tillgripna
3510 2351 331 272 godset
3742 2351 397 272 följande
4040 2351 497 272 återfunnits
4404 2351 232 272 pant¬-

2613 2484 267 261 satt
2779 2484 167 261 å
2846 2484 300 261 nedan
3046 2484 467 261 omförmälde
3412 2484 333 261 tider,
3646 2484 400 261 nemligen
3946 2484 267 261 dels
4112 2484 233 261 den
4245 2484 167 261 9
4312 2484 200 261 ds
4379 2484 233 261 Chrs¬-

2621 2617 488 254 stianssons
3004 2617 314 254 tröja
3213 2617 244 254 för
3353 2617 244 254 Fem
3492 2617 348 254 Kronor
3736 2617 279 254 samt
3910 2617 488 254 Johanssons
4258 2617 314 254 sommar¬-

2625 2741 440 271 öfverrock
2964 2741 237 271 och
3099 2741 305 271 byxor
3303 2741 237 271 för
3438 2741 169 271 7
3506 2741 339 271 Kronor
3743 2741 237 271 hos
3879 2741 508 271 Pantlånaren
4285 2741 203 271 W.
4353 2741 237 271 Karth

2642 2842 172 246 i
2710 2842 310 246 huset
2917 2842 206 246 No
3020 2842 172 246 5
3089 2842 241 246 vid
3226 2842 482 246 Vallgatan,
3605 2842 275 246 dels
3777 2842 241 246 den
3914 2842 206 246 13
4017 2842 344 246 dennes
4224 2842 378 246 Skänkman¬-

2625 2993 344 210 sellen
2866 2993 310 210 Elise
3072 2993 413 210 Nilssons
3382 2993 447 210 regnkappa
3726 2993 241 210 för
3864 2993 172 210 6
3932 2993 344 210 Kronor
4173 2993 172 210 å
4208 2993 344 210 allmänna

2646 3076 813 249 Pantlåneinrättningen
3358 3076 169 249 i
3425 3076 305 249 huset
3629 3076 203 249 No
3730 3076 203 249 35
3832 3076 237 249 vid
3967 3076 440 249 Vallgatan
4306 3076 237 249 och
4408 3076 203 249 dels

2631 3184 218 250 den
2755 3184 187 250 15
2849 3184 311 250 dennes
3067 3184 498 250 Verkgesällen
3471 3184 187 250 S.
3565 3184 436 250 Anderssons
3907 3184 436 250 ulsterrock
4249 3184 218 250 för
4374 3184 187 250 12
4436 3184 187 250 Kro¬-

2644 3304 231 235 nor
2776 3304 165 235 å
2842 3304 397 235 Stampens
3140 3304 727 235 Pantlåneinrättning
3768 3304 165 235 i
3834 3304 297 235 huset
4032 3304 198 235 No
4131 3304 198 235 14
4230 3304 231 235 vid
4330 3304 231 235 Östra

2648 3452 443 189 Larmgatan
2989 3452 239 189 och
3125 3452 375 189 bemälde
3398 3452 478 189 Anderssons
3773 3452 341 189 svarte
4012 3452 307 189 rock,
4217 3452 307 189 byxor
4387 3452 171 189 och

2648 3549 268 194 väst
2815 3549 234 194 för
2949 3549 234 194 Tre
3082 3549 334 194 Kronor
3316 3549 234 194 hos
3450 3549 502 194 Pantlånaren
3851 3549 201 194 C.
3952 3549 201 194 H.
4052 3549 268 194 Berg
4219 3549 167 194 i
4286 3549 301 194 huset
4453 3549 134 194 No

2651 3651 208 226 57
2755 3651 243 226 vid
2894 3651 452 226 Sillgatan
3242 3651 278 226 samt
3416 3651 417 226 dessutom
3728 3651 278 226 dels
3902 3651 452 226 Fröknarne
4215 3651 347 226 Böttgers
