4947 4052
479 211 491 216 son,
785 211 491 216 samt
1092 211 982 216 Handlanderne
1828 211 491 216 Lager¬-

511 342 461 156 gren
800 342 404 156 och
1030 342 634 156 Nilsson
1492 342 519 156 hafva
1780 342 519 156 vidgått

515 462 367 104 att
724 462 315 104 de
882 462 367 104 vid
1091 462 315 104 de
1249 462 734 104 tillfällen
1825 462 367 104 och
1982 462 315 104 till

494 544 396 133 den
721 544 792 133 myckenhet,
1343 544 453 133 samt
1626 544 453 133 till
1909 544 339 133 de
2022 544 339 133 pris

504 661 343 181 här
700 661 441 181 ofvan
994 661 245 181 i
1093 661 638 181 rapporten
1583 661 638 181 upptagits
2025 661 343 181 till¬-

485 771 564 189 handlat
895 771 359 189 sig
1100 771 513 189 hafre,
1459 771 359 189 och
1664 771 461 189 hafva
1920 771 461 189 Johans¬-

486 898 341 172 son
681 898 341 172 och
876 898 683 172 Berndtsson
1413 898 536 172 erkänt,
1803 898 341 172 att
1998 898 293 172 de
2095 898 244 172 väl

489 1026 559 166 insett,
895 1026 355 166 det
1099 1026 355 166 den
1302 1026 559 166 sålunda
1708 1026 559 166 inköpta
2063 1026 305 166 haf¬-

503 1155 319 164 ren
685 1155 364 164 icke
912 1155 410 164 varit
1185 1155 273 164 på
1322 1155 455 164 ärligt
1640 1155 364 164 sätt
1868 1155 273 164 af
1959 1155 410 164 säljar¬-

471 1234 330 214 ne
636 1234 825 214 förvärfvad,
1296 1234 660 214 hvaremot
1735 1234 605 214 Lagergren

480 1362 407 170 och
712 1362 639 170 Nilsson
1177 1362 697 170 äfvensom
1700 1362 581 170 firman
2049 1362 290 170 Le¬-

486 1470 358 177 ren
691 1470 256 177 &
793 1470 461 177 Rodhe
1100 1470 666 177 förnekat,
1612 1470 358 177 att
1817 1470 307 177 de
1920 1470 358 177 miss¬-

475 1594 501 168 tänkt
809 1594 724 168 åtkomsten
1366 1594 446 168 till
1589 1594 780 168 ifrågavaran¬-

492 1691 305 177 de
645 1691 305 177 af
797 1691 355 177 dem
1000 1691 558 177 inköpta
1406 1691 863 177 hafrepartier;
2066 1691 305 177 samt

471 1814 629 177 bestridt
943 1814 315 177 af
1100 1814 420 177 skäl
1362 1814 367 177 för
1572 1814 472 177 sådan
1834 1814 525 177 misstän¬-

484 1923 308 217 ke
638 1923 821 217 förefunnits,
1305 1923 462 217 helst
1613 1923 462 217 köpen
1869 1923 462 217 försig¬-

491 2022 428 199 gått
759 2022 535 199 öppet,
1134 2022 375 199 och
1348 2022 321 199 de
1509 2022 589 199 betalta
1884 2022 428 199 prisen

465 2133 440 209 icke
740 2133 496 209 kunde
1071 2133 496 209 anses
1401 2133 440 209 vara
1621 2133 716 209 synnerligen

464 2266 476 176 låga
761 2266 297 176 i
880 2266 833 176 sammanhang
1534 2266 654 176 hvarmed
1950 2266 357 176 fir¬-

473 2354 411 206 man
708 2354 528 206 Leren
1060 2354 294 206 &
1178 2354 528 206 Rodhe
1530 2354 763 206 uppgifvit
2058 2354 294 206 att

480 2489 331 186 de
645 2489 331 186 af
810 2489 551 186 firman
1196 2489 496 186 köpta
1472 2489 826 186 hafrepartier¬-

461 2612 323 162 na
623 2612 592 162 utgjort
1053 2612 377 162 det
1269 2612 592 162 mindre,
1699 2612 377 162 och
1861 2612 484 162 betalts

482 2742 410 132 efter
756 2742 319 132 ett
938 2742 364 132 pris
1166 2742 273 132 af
1302 2742 273 132 91
1439 2742 364 132 öre,
1666 2742 319 132 med
1849 2742 273 132 51
1940 2742 364 132 kronor

479 2834 296 147 91
627 2834 395 147 öre,
873 2834 395 147 samt
1120 2834 345 147 det
1317 2834 543 147 större;
1712 2834 345 147 och
1860 2834 444 147 betalts

482 2950 419 205 efter
762 2950 326 205 ett
948 2950 373 205 pris
1181 2950 280 205 af
1321 2950 280 205 92
1461 2950 326 205 öre
1648 2950 326 205 med
1834 2950 280 205 61
1927 2950 373 205 kronor

477 3083 244 145 96
559 3083 244 145 öre.

591 3118 634 256 Härefter
1067 3118 793 256 ytterligare
1701 3118 476 256 hörde
1965 3118 370 256 Olaus

466 3291 599 206 Fredrik
901 3291 654 206 Almgren,
1392 3291 545 206 Hagman
1773 3291 381 206 och
1937 3291 381 206 Lund¬-

470 3418 476 177 berg,
787 3418 370 177 med
999 3418 793 177 vidhållande
1633 3418 317 177 af
1792 3418 423 177 sina
2004 3418 264 177 här

462 3517 502 201 ofvan
797 3517 780 201 antecknade
1410 3517 725 201 uppgifter
1912 3517 334 201 för¬-

477 3621 450 162 nekat
777 3621 350 162 att
977 3621 300 162 de
1127 3621 750 162 tillgripit,
1727 3621 450 162 annan
1977 3621 350 162 eller

2586 208 430 208 mera
2855 208 484 208 hafre
3178 208 323 208 än
3339 208 323 208 de
3501 208 323 208 på
3662 208 430 208 sätt
3931 208 377 208 här
4092 208 377 208 ofvan

2598 333 751 190 antecknats
3188 333 590 190 erkänt;
3618 333 376 190 med
3832 333 590 190 tillägg
4208 333 268 190 att

2598 447 320 172 de
2758 447 747 172 vitsordade
3344 447 800 172 riktigheten
3984 447 320 172 af
4091 447 320 172 fir¬-

2599 546 407 197 man
2832 546 524 197 Lerin
3181 546 407 197 och
3413 546 582 197 Rodhes
3762 546 640 197 uppgifter

2600 664 848 150 beträffande
3279 664 848 150 myckenheten
3958 664 396 150 och
4128 664 339 150 vär¬-

2596 777 337 183 det
2788 777 289 183 af
2933 777 770 183 hafrepartier
3558 777 337 183 som
3750 777 481 183 firman
4039 777 433 183 inköpt.

2759 905 347 166 Det
2958 905 844 166 ifrågavarande
3653 905 397 166 uret
3901 905 347 166 har
4100 905 298 166 af
4199 905 248 166 Ur¬-

2579 1043 1129 166 makaremästaren
3520 1043 502 166 Aug:
3771 1043 690 166 Magnusson

2592 1156 587 152 blifvit
3019 1156 641 152 värderat
3499 1156 427 152 till
3766 1156 320 152 12
3873 1156 480 152 kronor.

2651 1274 424 149 Båt
2894 1274 424 149 och
3136 1274 485 149 Pråm
3439 1274 970 149 Aktiebolaget
4167 1274 303 149 har

2621 1374 823 165 återbekommit
3289 1374 360 165 det
3495 1374 411 165 från
3752 1374 566 165 Bolaget
4112 1374 360 165 till¬-

2621 1491 592 173 gripne
3035 1491 414 173 fem
3272 1491 710 173 säckarne
3745 1491 474 173 hafve.

2720 1589 337 203 På
2888 1589 506 203 grund
3226 1589 337 203 af
3395 1589 450 203 hvad
3676 1589 619 203 sålunda
4069 1589 394 203 före¬-

2590 1712 621 162 kommit
3024 1712 621 162 kommer
3459 1712 559 162 Olaus
3769 1712 683 162 Johansson

2606 1800 653 191 Johannes
3096 1800 708 191 Magnusson
3640 1800 599 191 Hagman.
4021 1800 381 191 Johan

2591 1904 587 174 Almgren
3018 1904 374 174 och
3231 1904 480 174 Johan
3551 1904 427 174 Aron
3765 1904 587 174 Johansson

2627 1941 609 196 Lundberg,
3095 1941 468 196 hvilka
3423 1941 515 196 blifvit
3798 1941 375 196 till
3985 1941 468 196 Cellfän¬-

2623 2035 450 187 gelset
2938 2035 764 187 införpassade,
3567 2035 315 187 att
3747 2035 405 187 denna
4016 2035 315 187 dag
4196 2035 225 187 f
4241 2035 225 187 PKn

2608 2133 654 140 inställas.
3122 2133 560 140 Göteborg
3542 2133 327 140 den
3729 2133 280 140 30
3869 2133 374 140 Now:
4056 2133 327 140 1880.

4429 2215 329 112 No
4539 2215 274 112 253

4389 2302 385 125 Anders

4386 2405 413 88 Herder

4400 2461 464 158 Lindgren

2630 2202 909 161 Arbetskarlen
3369 2202 625 161 Wilhelm
3824 2202 455 161 Fors
4051 2202 398 161 boen¬-

2611 2317 300 184 de
2761 2317 250 184 i
2861 2317 449 184 huset
3160 2317 300 184 No
3310 2317 300 184 13
3460 2317 349 184 vid
3659 2317 449 184 Södra
3909 2317 549 184 Larmgatan

2608 2430 363 141 har
2816 2430 622 141 Lördagen
3282 2430 363 141 den
3490 2430 311 141 13
3645 2430 467 141 sist.
3904 2430 519 141 November

2608 2538 501 167 anmält
2958 2538 350 167 att
3159 2538 300 167 då
3309 2538 350 167 han
3509 2538 451 167 sagde
3809 2538 350 167 dag
4010 2538 350 167 kl.
4160 2538 250 167 1/2

2612 2631 313 206 4.
2768 2631 261 206 e
2873 2631 261 206 m
2977 2631 470 206 varit
3291 2631 731 206 sysselsatt
3865 2631 261 206 i
3970 2631 313 206 en
4074 2631 366 206 under

2608 2774 728 172 härvarande
3180 2774 676 172 Artilleri
3699 2774 520 172 kasern
4011 2774 468 172 belägen

2615 2827 632 204 källare,
3089 2827 369 204 men
3300 2827 316 204 på
3458 2827 316 204 en
3616 2827 421 204 kort
3879 2827 474 204 stund
4143 2827 263 204 af¬-

2618 2979 538 148 lägsnat
3009 2979 342 148 sig
3205 2979 636 148 derifrån,
3694 2979 342 148 och
3889 2979 489 148 dervid
4183 2979 293 148 lem¬-

2606 3113 361 127 nat
2813 3113 361 127 ett
3019 3113 361 127 par
3225 3113 1135 127 smorlädersstöflor,
4154 3113 309 127 vär¬-

2613 3201 330 125 de
2778 3201 330 125 10
2943 3201 550 125 kronor
3328 3201 605 125 stående
3768 3201 605 125 utanför
4153 3201 330 125 dör¬-

2613 3298 383 135 ren
2832 3298 438 135 till
3106 3298 602 135 berörde
3543 3298 602 135 källare
3981 3298 383 135 han
4145 3298 273 135 vid

2615 3389 895 154 återkomsten
3332 3389 597 154 saknat
3690 3389 716 154 stöflarne.

2694 3496 475 174 Sedan
3011 3496 475 174 desse
3328 3496 792 174 återfunnits
3908 3496 581 174 pantsatte

2624 3609 365 150 den
2833 3609 313 150 13
2989 3609 261 150 i
3094 3609 574 150 berörde
3511 3609 470 150 månad
3825 3609 365 150 för
4034 3609 261 150 3
4086 3609 313 150 kro¬-

2599 3710 415 142 nor
2836 3710 415 142 hos
3073 3710 888 142 Pantlånaren
3783 3710 355 142 V.
3902 3710 415 142 Karth
