5090 4068
518 230 278 117 son,
692 230 347 117 boende
935 230 174 117 i
1005 230 313 117 huset
1213 230 208 117 No
1317 230 208 117 33
1421 230 243 117 vid
1560 230 521 117 Husargatan,
1942 230 417 117 förekommer

507 316 230 194 att
638 316 459 194 Johansson,
999 316 197 194 då
1097 316 230 194 han
1229 316 361 194 anhölls
1491 316 295 194 bland
1688 316 295 194 annat
1884 316 426 194 befunnits
2179 316 230 194 inne¬-

506 448 273 172 hafva
688 448 365 172 följande
961 448 638 172 Skomakareverktyg,
1508 448 365 172 nemligen
1782 448 152 172 4
1843 448 213 172 st.
1964 448 365 172 knifvar,
2238 448 152 172 4
2268 448 152 172 st.

519 589 318 152 sylar,
742 589 223 152 två
869 589 382 152 hammare,
1156 589 191 152 en
1251 589 286 152 tång,
1442 589 191 152 en
1538 589 255 152 fil,
1697 589 191 152 en
1792 589 255 152 rasp
1951 589 223 152 och
2079 589 191 152 en
2142 589 255 152 spann¬-

423 720 293 83 rem.

612 774 726 187 Skomakeriarbetaren
1239 774 264 187 Hans
1404 774 396 187 Winblad,
1701 774 330 187 boende
1932 774 165 187 i
1998 774 297 187 huset
2196 774 198 187 No
2262 774 132 187 12

514 921 229 172 vid
645 921 557 172 Snickaregatan
1104 921 229 172 har
1235 921 229 172 den
1367 921 164 172 3
1432 921 328 172 dennes
1662 921 328 172 anmält
1891 921 229 172 sig
2022 921 229 172 som
2121 921 229 172 egare

508 1048 231 168 till
653 1048 463 168 ofvanberörde
1029 1048 347 168 verktyg,
1289 1048 260 168 under
1463 1048 347 168 uppgift,
1723 1048 202 168 att
1838 1048 202 168 de,
1954 1048 202 168 som
2070 1048 231 168 voro
2186 1048 202 168 värde

509 1171 150 176 6
569 1171 299 176 Kronor
778 1171 180 176 50
868 1171 239 176 öre,
1018 1171 209 176 den
1137 1171 180 176 31
1227 1171 269 176 sist.
1407 1171 359 176 December
1676 1171 449 176 tillgripits
2035 1171 239 176 från
2155 1171 209 176 honom

519 1302 162 165 i
583 1302 227 165 ett
713 1302 292 165 olåst
908 1302 390 165 brygghus
1201 1302 260 165 inom
1363 1302 455 165 sistnämnde
1688 1302 195 165 hus.

564 1382 155 184 I
626 1382 403 184 anledning
936 1382 279 184 häraf
1122 1382 217 184 har
1246 1382 403 184 Johansson
1557 1382 341 184 blifvit
1805 1382 248 184 hörd
1929 1382 434 184 ytterligare,

506 1495 333 195 hvarvid
748 1495 212 195 han
869 1495 424 195 uppgifvit;
1203 1495 212 195 att
1324 1495 242 195 han,
1476 1495 212 195 som
1597 1495 212 195 vid
1718 1495 455 195 ifrågakomne
2052 1495 333 195 tillfälle

497 1642 302 180 varit
699 1642 201 180 af
800 1642 336 180 starka
1035 1642 369 180 drycker
1303 1642 403 180 berusad,
1605 1642 201 180 ej
1706 1642 235 180 kan
1840 1642 369 180 påminna
2109 1642 235 180 sig
2210 1642 134 180 på

469 1762 276 181 hvad
642 1762 276 181 sätt
815 1762 242 181 han
953 1762 345 181 kommit
1195 1762 173 181 i
1264 1762 484 181 besittning
1644 1762 207 181 af
1747 1762 414 181 Winblads
2024 1762 345 181 verktyg.

616 1887 433 177 Verktygen
948 1887 299 177 hafva
1148 1887 366 177 blifvit
1414 1887 266 177 till
1581 1887 466 177 målsegaren
1913 1887 466 177 återlemnade.

631 1988 236 169 På
749 1988 353 169 grund
984 1988 236 169 af
1102 1988 314 169 hvad
1298 1988 432 169 sålunda
1612 1988 589 169 förekommit,
2044 1988 314 169 kommer

480 2101 314 235 Claes
690 2101 454 235 Johansson
1039 2101 245 235 att
1179 2101 314 235 denna
1388 2101 245 235 dag
1528 2101 245 235 för
1668 2101 245 235 PKn
1773 2101 419 235 inställas.

835 2233 414 183 Göteborg
1145 2233 241 183 den
1283 2233 172 183 7
1352 2233 379 183 Januari
1593 2233 241 183 1880.

53 2355 325 149 No
161 2355 217 149 7.

76 2487 228 181 Anna
218 2487 257 181 Sofia
361 2487 143 181 Gu¬-

51 2634 229 121 stafsson

535 2331 316 210 Norske
757 2331 379 210 Matrosen
1041 2331 284 210 Olaus
1231 2331 284 210 Lade,
1420 2331 379 210 anställd
1704 2331 316 210 ombord
1926 2331 158 210 å
1957 2331 411 210 Barkskeppet

509 2446 422 203 "Atlantic",
846 2446 197 203 som
959 2446 281 203 ligger
1156 2446 337 203 förtöjdt
1409 2446 197 203 vid
1521 2446 506 203 jernvågskajen,
1943 2446 197 203 har
2028 2446 337 203 thorsdagen

496 2517 225 228 den
624 2517 160 228 8
688 2517 321 228 dennes
913 2517 353 228 anmält,
1169 2517 225 228 att
1298 2517 289 228 samma
1490 2517 225 228 dag
1618 2517 192 228 på
1715 2517 353 228 aftonen
1971 2517 160 228 i
2003 2517 321 228 närheten

468 2644 195 259 af
566 2644 423 259 posthuset
892 2644 195 259 ur
989 2644 195 259 en
1087 2644 260 259 inre
1250 2644 423 259 rockficka
1575 2644 260 259 från
1738 2644 293 259 honom
1901 2644 423 259 tillgripits

421 2737 195 248 en
519 2737 488 248 portmonnaie
909 2737 195 248 af
1007 2737 293 248 svart
1202 2737 325 248 skinn,
1429 2737 520 248 innehållande
1852 2737 358 248 omkring
2112 2737 195 248 17
2177 2737 195 248 Kro¬-

455 2838 217 245 nor
579 2838 403 245 bestående
889 2838 186 245 af
983 2838 186 245 en
1076 2838 279 245 sedel
1262 2838 155 245 å
1324 2838 217 245 Tio
1448 2838 341 245 Kronor,
1696 2838 186 245 en
1789 2838 279 245 sedel
1976 2838 155 245 å
2038 2838 217 245 fem
2131 2838 248 245 Kronor

481 2989 210 216 och
601 2989 270 216 något
781 2989 481 216 silfvermynt,
1172 2989 240 216 samt
1322 2989 210 216 att
1442 2989 210 216 han
1562 2989 210 216 för
1682 2989 270 216 detta
1862 2989 390 216 tillgrepp
2133 2989 210 216 miss¬-

469 3101 318 198 tänkte
692 3101 540 198 qvinspersonen
1136 3101 254 198 Anna
1295 3101 286 198 Sofia
1486 3101 476 198 Gustafsson,
1867 3101 318 198 boende
2089 3101 159 198 i
2121 3101 222 198 huset

466 3202 185 206 No
559 3202 185 206 27
651 3202 247 206 Litt
805 3202 185 206 B.
898 3202 216 206 vid
1021 3202 401 206 Långgatan
1329 3202 154 206 i
1391 3202 555 206 Landalabergen,
1853 3202 216 206 med
1976 3202 339 206 hvilken
2192 3202 154 206 han

463 3287 224 221 vid
591 3287 479 221 ifrågakomne
974 3287 415 221 tillfälle
1293 3287 447 221 sällskapat
1645 3287 224 221 och
1772 3287 224 221 som
1900 3287 255 221 kort
2060 3287 255 221 före
2187 3287 160 221 det

463 3435 221 194 han
590 3435 379 194 förmärkt
874 3435 506 194 tillgreppet,
1285 3435 411 194 skyndsamt
1601 3435 411 194 aflägsnat
1917 3435 221 194 sig
2044 3435 253 194 från
2170 3435 158 194 ho¬-

391 3602 279 104 nom.

546 3631 161 180 I
610 3631 419 180 anledning
932 3631 290 180 häraf
1126 3631 226 180 har
1255 3631 387 180 detektiv
1545 3631 451 180 Konstapeln
1899 3631 193 180 E.
1964 3631 354 180 Hellström

2694 159 263 220 kort
2859 159 395 220 derefter
3155 159 395 220 anhållit
3451 159 494 220 ofvannämnde
3846 159 263 220 Anna
4011 159 296 220 Sofia
4175 159 428 220 Gustafsson,

2703 311 243 203 som
2842 311 243 203 vid
2981 311 347 203 förhör
3224 311 451 203 förnekade
3570 311 347 203 jemväl
3813 311 243 203 all
3952 311 416 203 kännedom
4264 311 208 203 om
4333 311 243 203 till¬-

2716 436 410 223 greppet,
3023 436 239 223 som
3160 436 239 223 att
3296 436 239 223 hon
3433 436 478 223 sällskapat
3809 436 239 223 med
3911 436 444 223 målsegaren.

2939 535 247 222 Wid
3080 535 177 222 å
3151 535 494 222 Gustafsson
3539 535 424 222 anställd
3857 535 636 222 kroppsransakan
4351 535 177 222 på¬-

2711 644 431 237 träffades
3042 644 265 237 dels
3208 644 166 237 i
3275 644 199 237 en
3374 644 199 237 af
3474 644 332 237 hennes
3706 644 365 237 påhafde
3971 644 398 237 strumpor
4270 644 199 237 14
4336 644 199 237 Kro¬-

2696 758 224 229 nor
2824 758 416 229 bestående
3144 758 192 229 af
3240 758 192 229 en
3336 758 288 229 sedel
3528 758 160 229 å
3592 758 224 229 Tio
3720 758 352 229 Kronor,
3976 758 224 229 Tre
4104 758 352 229 stycken
4328 758 256 229 Enkro¬-

2717 878 218 207 nor
2841 878 218 207 och
2966 878 218 207 två
3091 878 343 207 stycken
3340 878 187 207 50
3433 878 343 207 öringar
3683 878 218 207 och
3807 878 249 207 dels
3963 878 156 207 i
4025 878 312 207 hennes
4212 878 405 207 portmonnaie

2680 1046 216 158 En
2788 1046 324 158 Krona
3004 1046 216 158 50
3076 1046 216 158 öre.

2928 1038 459 275 Gustafsson
3289 1038 164 275 i
3355 1038 426 275 anledning
3682 1038 295 275 häraf
3879 1038 492 275 ytterligare
4273 1038 262 275 hörd
4404 1038 131 275 om

2722 1189 434 239 åtkomsten
3055 1189 267 239 till
3222 1189 300 239 dessa
3422 1189 467 239 penningar,
3789 1189 233 239 har
3922 1189 467 239 uppgifvit,
4289 1189 233 239 att
4389 1189 167 239 hon

2705 1355 170 246 i
2773 1355 238 246 går
2909 1355 306 246 afton
3113 1355 170 246 å
3181 1355 442 246 Sillgatan
3521 1355 578 246 sammanträffat
3996 1355 238 246 med
4098 1355 442 246 målsegaren,

2701 1450 233 252 som
2834 1450 334 252 bjudit
3068 1450 300 252 henne
3268 1450 200 252 på
3368 1450 467 252 förtäring;
3735 1450 233 252 att
3868 1450 233 252 han
4001 1450 400 252 derefter
4268 1450 267 252 lemnat

2702 1561 322 246 henne
2917 1561 215 246 de
3024 1561 465 246 penningar
3382 1561 251 246 hon
3526 1561 251 246 vid
3669 1561 537 246 anhållandet
4099 1561 430 246 innehade
4385 1561 179 246 för

2727 1689 230 231 att
2859 1689 197 231 få
2957 1689 394 231 medfölja
3253 1689 296 231 henne
3450 1689 263 231 till
3615 1689 329 231 hennes
3845 1689 329 231 bostad
4075 1689 230 231 och
4173 1689 362 231 qvarstan¬-

2719 1819 195 200 na
2816 1819 227 200 der
2946 1819 292 200 öfver
3140 1819 357 200 natten,
3400 1819 227 200 men
3530 1819 227 200 att
3660 1819 260 200 hon,
3822 1819 292 200 sedan
4016 1819 227 200 hon
4146 1819 260 200 fått
4276 1819 292 200 pennin¬-

2735 1949 344 203 garne,
2975 1949 447 203 aflägsnat
3319 1949 241 203 sig
3457 1949 275 203 från
3629 1949 344 203 honom,
3870 1949 275 203 samt
4042 1949 241 203 att
4180 1949 241 203 hon
4283 1949 275 203 deref¬-

2708 2101 250 177 ter
2851 2101 286 177 gömt
3030 2101 536 177 penningarne
3458 2101 179 177 i
3494 2101 393 177 strumpan.

2869 2156 507 242 Målsegaren
3267 2156 253 242 har
3412 2156 434 242 bestridt
3737 2156 253 242 det
3882 2156 253 242 han
4027 2156 362 242 lemnat
4244 2156 362 242 Gustafs¬-

2691 2278 229 228 son
2822 2278 295 228 några
3019 2278 426 228 penningar
3346 2278 229 228 och
3477 2278 426 228 vidhållit
3805 2278 229 228 sin
3936 2278 360 228 anmälan
4198 2278 229 228 med
4296 2278 328 228 tillägg,

2698 2419 248 175 att
2839 2419 248 175 han
2981 2419 283 175 känt
3157 2419 283 175 huru
3334 2419 495 175 Gustafsson
3723 2419 460 175 undersökt
4042 2419 530 175 ytterfickorna

2708 2570 190 135 i
2784 2570 304 135 hans
2936 2570 266 135 rock.

2805 2553 224 248 På
2917 2553 336 248 grund
3141 2553 224 248 af
3253 2553 299 248 hvad
3440 2553 411 248 sålunda
3739 2553 560 248 förekommit,
4187 2553 374 248 kommer
4411 2553 187 248 An¬-

2718 2692 201 237 na
2819 2692 302 237 Sofia
3020 2692 470 237 Gustafsson
3389 2692 235 237 att
3523 2692 302 237 denna
3725 2692 235 237 dag
3859 2692 235 237 för
3993 2692 235 237 PKn
4094 2692 402 237 inställas.

2953 2827 419 208 Göteborg
3267 2827 245 208 den
3407 2827 175 208 9
3477 2827 384 208 Januari
3722 2827 245 208 1880.

4559 2885 260 104 No
4645 2885 174 104 8.

4544 2959 331 165 Johanna
4754 2959 211 165 Sofia

4503 3094 319 130 Hansson.

2788 2932 686 191 Tapethandlanden
3365 2932 397 191 Richard
3654 2932 469 191 Grönvall,
4015 2932 361 191 boende
4267 2932 180 191 i
4303 2932 253 191 huset

2697 3022 202 234 No
2798 3022 202 234 14
2899 3022 235 234 vid
3033 3022 470 234 Kungsgatan
3403 3022 235 234 har
3537 3022 235 234 den
3672 3022 168 234 5
3739 3022 336 234 dennes
3974 3022 370 234 anmält,
4243 3022 235 234 att
4343 3022 202 234 lör¬-

2700 3151 305 249 dagen
2903 3151 237 249 den
3039 3151 169 249 4
3106 3151 339 249 dennes
3343 3151 203 249 ur
3445 3151 237 249 ett
3580 3151 305 249 olåst
3783 3151 237 249 rum
3919 3151 169 249 i
3987 3151 271 249 hans
4156 3151 339 249 bostad
4359 3151 203 249 från

2692 3270 294 239 honom
2889 3270 491 239 tillgripits
3281 3270 229 239 ett
3412 3270 229 239 par
3543 3270 523 239 resårpjexor,
3968 3270 294 239 värde
4164 3270 164 239 8
4197 3270 294 239 Kronor.

2824 3388 305 244 Sedan
3028 3388 407 244 pjexorna
3333 3388 237 244 den
3468 3388 170 244 7
3536 3388 339 244 dennes
3773 3388 373 244 blifvit
4045 3388 441 244 återfunna
4350 3388 237 244 pant¬-

2694 3509 293 191 satta
2890 3509 228 191 för
3020 3509 195 191 En
3118 3509 293 191 Krona
3313 3509 195 191 50
3411 3509 228 191 öre
3541 3509 228 191 hos
3671 3509 553 191 Pantlånerskan
4127 3509 195 191 J.
4224 3509 358 191 Jonsson
4452 3509 98 191 i

2710 3646 290 199 huset
2903 3646 193 199 No
3000 3646 161 199 6
3064 3646 226 199 vid
3193 3646 548 199 Eklundsgatan,
3645 3646 193 199 så
3741 3646 290 199 hafva
3903 3646 709 199 detektivkonstaplarne
