5143 4084
534 243 309 113 henne
740 243 240 113 och
877 243 275 113 gömt
1049 243 343 113 korgen
1289 243 172 113 i
1358 243 206 113 en
1461 243 378 113 vedbod,
1735 243 309 113 derpå
1941 243 206 113 de
2044 243 309 113 några
2216 243 240 113 dagar

541 353 425 123 derefter
859 353 425 123 bortfört
1178 353 566 123 alltsammans,
1638 353 283 123 samt
1814 353 248 123 att
1956 353 425 123 Lördagen
2239 353 177 123 den

555 455 165 143 7
621 455 331 143 dennes
853 455 364 143 omkring
1117 455 198 143 kl
1216 455 165 143 8
1283 455 165 143 à
1349 455 165 143 9
1415 455 298 143 e.m.,
1613 455 198 143 då
1713 455 265 143 Carl
1878 455 331 143 Olsson
2076 455 298 143 hemkom¬-

547 564 260 153 mit,
710 564 228 153 han
840 564 358 153 medhaft
1100 564 195 153 en
1198 564 228 153 ost
1328 564 228 153 och
1458 564 195 153 en
1556 564 260 153 gås,
1718 564 228 153 som
1849 564 228 153 han
1979 564 260 153 sagt
2141 564 228 153 sig
2239 564 195 153 haf¬-

554 668 202 173 va
655 668 337 173 hittat
891 668 202 173 på
992 668 269 173 isen
1160 668 236 173 och
1295 668 337 173 hvaraf
1531 668 202 173 de
1632 668 370 173 förtärt
1901 668 202 173 en
2002 668 236 173 del
2137 668 202 173 av
2204 668 236 173 osten

544 792 286 152 samt
723 792 607 152 sönderstyckat
1223 792 250 152 och
1366 792 357 152 saltat
1580 792 286 152 gåsen.

720 890 463 138 Ynglingen
1077 890 285 138 Carl
1255 890 357 138 Edgard
1505 890 463 138 Ferdinand
1861 890 463 138 Kollberg,
2182 890 214 138 född

559 1002 229 152 den
690 1002 196 152 11
788 1002 425 152 September
1115 1002 262 152 1864
1279 1002 229 152 och
1410 1002 327 152 boende
1639 1002 229 152 hos
1770 1002 229 152 sin
1901 1002 294 152 fader
2064 1002 360 152 Snickaren

566 1108 300 166 Victor
776 1108 360 166 Kollberg
1046 1108 150 166 i
1105 1108 270 166 huset
1285 1108 180 166 No
1375 1108 210 166 242
1495 1108 180 166 af
1585 1108 360 166 Majornas
1855 1108 300 166 Förste
2064 1108 270 166 rote,
2214 1108 210 166 hvil¬-

562 1215 235 179 ken
697 1215 235 179 med
831 1215 437 179 anledning
1167 1215 302 179 häraf
1368 1215 369 179 blifvit
1637 1215 437 179 anhållen,
1973 1215 235 179 har
2107 1215 235 179 vid
2208 1215 168 179 det

550 1339 249 162 med
693 1339 320 162 honom
906 1339 462 162 anställde
1262 1339 356 162 förhör
1511 1339 498 162 uppgifvit,
1902 1339 249 162 att
2044 1339 320 162 sedan
2222 1339 178 162 han

562 1441 223 154 och
689 1441 255 154 Carl
849 1441 318 154 Olsson
1071 1441 382 154 Lördagen
1358 1441 223 154 den
1485 1441 191 154 24
1581 1441 286 154 sist.
1772 1441 350 154 Januari
2026 1441 191 154 på
2090 1441 318 154 aftonen,

552 1539 190 162 då
647 1539 190 162 de
742 1539 158 162 i
805 1539 379 162 sällskap
1090 1539 253 162 gått
1248 1539 253 162 från
1406 1539 316 162 staden
1627 1539 253 162 till
1785 1539 379 162 Majorna,
2038 1539 348 162 öfverens¬-

552 1641 323 168 kommit
778 1641 226 168 att
907 1641 323 168 utöfva
1132 1641 290 168 stöld
1326 1641 161 168 i
1390 1641 290 168 Alida
1584 1641 419 168 Svenssons
1906 1641 484 168 handelsbod,
2261 1641 129 168 de

548 1748 333 172 omkring
790 1748 333 172 klockan
1031 1748 181 172 11
1122 1748 181 172 på
1213 1748 302 172 natten
1424 1748 363 172 begifvit
1696 1748 212 172 sig
1817 1748 242 172 dit,
1969 1748 393 172 hvarefter
2241 1748 181 172 Carl

549 1867 315 165 Olsson
769 1867 252 165 från
926 1867 377 165 Allmänna
1209 1867 283 165 vägen
1398 1867 377 165 inslagit
1681 1867 189 165 en
1775 1867 472 165 fönsterruta
2153 1867 252 165 till
2279 1867 157 165 bu¬-

546 1981 291 171 tiken
740 1981 227 171 och
869 1981 421 171 derigenom
1193 1981 421 171 instuckit
1516 1981 227 171 ena
1646 1981 291 171 armen
1840 1981 259 171 samt
2002 1981 453 171 tillgripit

534 2093 179 165 en
624 2093 209 165 del
743 2093 507 165 handelsvaror,
1160 2093 268 165 under
1339 2093 209 165 det
1458 2093 358 165 Kollberg
1726 2093 298 165 hållit
1935 2093 268 165 vakt;
2114 2093 209 165 att
2233 2093 179 165 de
2293 2093 89 165 i

540 2201 191 175 en
636 2201 351 175 urinkur
891 2201 223 175 vid
1019 2201 415 175 Bläsgatan
1338 2201 255 175 gömt
1497 2201 223 175 det
1625 2201 478 175 tillgripna,
2007 2201 415 175 hvarefter
2294 2201 128 175 de

538 2321 309 165 samma
744 2321 275 165 natt
915 2321 206 165 på
1018 2321 412 165 enahanda
1327 2321 275 165 sätt
1499 2321 515 165 ytterligare
1911 2321 240 165 två
2049 2321 343 165 gånger
2255 2321 137 165 ur

538 2439 350 158 butiken
793 2439 446 158 tillgripit
1143 2439 542 158 handelsvaror,
1590 2439 223 158 som
1717 2439 191 158 de
1813 2439 255 158 gömt
1972 2439 159 158 i
2004 2439 382 158 urinkuren;

533 2545 214 172 att
656 2545 184 172 de
748 2545 368 172 derefter
1024 2545 245 172 fört
1177 2545 245 172 allt
1330 2545 214 172 det
1452 2545 429 172 tillgripne
1789 2545 214 172 med
1912 2545 214 172 sig
2034 2545 245 172 hem,
2188 2545 214 172 der
2279 2545 123 172 de

557 2649 250 181 gömt
713 2649 219 181 det
838 2649 156 181 i
901 2649 281 181 enkan
1088 2649 281 181 Beata
1276 2649 344 181 Olssons
1526 2649 344 181 vedbod;
1776 2649 219 181 att
1901 2649 188 181 de
1964 2649 406 181 derpåföljde

555 2768 233 173 dag
688 2768 366 173 intagit
954 2768 233 173 det
1087 2768 466 173 tillgripna
1453 2768 166 173 i
1519 2768 299 173 enkan
1719 2768 366 173 Olssons
1952 2768 432 173 boningsrum,

555 2880 366 163 hvarvid
821 2880 266 163 Carl
987 2880 332 163 Olsson
1219 2880 366 163 omtalat
1485 2880 233 163 för
1618 2880 233 163 sin
1751 2880 332 163 moder,
1984 2880 233 163 att
2117 2880 199 163 de
2183 2880 233 163 tagit

551 2993 229 161 det
682 2993 295 161 genom
879 2993 229 161 ett
1010 2993 393 161 fönster;
1305 2993 229 161 att
1436 2993 197 161 de
1534 2993 295 161 derpå
1731 2993 328 161 inlagt
1960 2993 360 161 sakerna
2222 2993 164 161 i
2255 2993 131 161 en

559 3111 300 153 korg,
759 3111 233 153 med
892 3111 400 153 undantag
1192 3111 200 153 af
1292 3111 233 153 ett
1425 3111 233 153 par
1559 3111 433 153 galoscher
1892 3111 233 153 och
2025 3111 200 153 en
2125 3111 233 153 kam
2225 3111 167 153 som

539 3223 276 157 Carl
712 3223 345 157 Olsson
954 3223 345 157 lemnat
1196 3223 242 157 sin
1334 3223 345 157 moder,
1576 3223 276 157 samt
1748 3223 207 157 en
1852 3223 345 157 brosch
2094 3223 207 157 af
2163 3223 207 157 kom¬-

549 3327 377 165 position
832 3327 220 165 och
957 3327 220 165 två
1083 3327 283 165 krus,
1272 3327 220 165 som
1398 3327 346 165 Olssons
1649 3327 472 165 minderåriga
2027 3327 314 165 syster
2215 3327 189 165 Olga

536 3446 414 144 erhållit,
854 3446 414 144 hvarjemte
1173 3446 382 144 Kollberg
1459 3446 223 144 för
1586 3446 223 144 sin
1714 3446 223 144 del
1841 3446 446 144 undantagit
2191 3446 159 144 5
2223 3446 159 144 st.

548 3550 317 144 kragar
770 3550 222 144 med
897 3550 285 144 krus,
1087 3550 222 144 två
1214 3550 317 144 mindre
1436 3550 602 144 sidenhalsdukar,
1943 3550 158 144 2
2006 3550 222 144 st.
2101 3550 317 144 portmon¬-

560 3664 342 134 naier,
799 3664 205 134 en
901 3664 615 134 annotationsbok
1414 3664 239 134 och
1550 3664 205 134 en
1653 3664 444 134 papplåda;
1994 3664 239 134 att
2131 3664 205 134 de
2199 3664 205 134 gömt

537 3789 325 103 korgen
765 3789 228 103 med
895 3789 228 103 det
1025 3789 455 103 tillgripna
1383 3789 163 103 i
1448 3789 390 103 vedboden
1740 3789 260 103 till
1903 3789 390 103 påföljde
2163 3789 195 103 dag,

2671 256 176 143 då
2759 256 176 143 de
2846 256 351 143 begifvit
3110 256 205 143 sig
3227 256 234 143 till
3373 256 322 143 staden,
3607 256 322 143 hvarest
3841 256 351 143 Kollberg
4104 256 234 143 till
4221 256 293 143 obekanta

2683 376 398 143 personer
2981 376 265 143 sålt
3147 376 498 143 alltsammans
3546 376 232 143 och
3678 376 232 143 med
3811 376 332 143 Olsson
4043 376 265 143 lika
4176 376 332 143 fördelat

2677 479 219 151 der
2802 479 375 151 erhållne
3083 479 500 151 penningarne;
3489 479 250 151 samt
3646 479 219 151 att
3771 479 188 151 de
3864 479 375 151 Fredagen
4146 479 219 151 den
4271 479 188 151 30
4364 479 156 151 i
4396 479 156 151 of¬-

2669 579 376 169 tanämnde
2951 579 282 169 månad
3139 579 345 169 omkring
3390 579 219 169 kl.
3515 579 188 169 10
3609 579 251 169 e.m.
3766 579 282 169 gjort
3954 579 314 169 försök
4174 579 219 169 att
4268 579 282 169 föröfva

2667 682 424 181 tillgrepp
2993 682 228 181 hos
3124 682 456 181 Handlanden
3482 682 196 181 J.
3580 682 359 181 Hartman
3841 682 163 181 i
3906 682 293 181 huset
4102 682 196 181 No
4199 682 228 181 136
4330 682 196 181 af
4395 682 163 181 Ma¬-

2674 820 298 143 jornas
2883 820 298 143 förste
3091 820 268 143 rote,
3270 820 328 143 hvarvid
3508 820 238 143 Carl
3657 820 298 143 Olsson
3865 820 298 143 slagit
4074 820 298 143 sönder
4282 820 179 143 en
4371 820 238 143 fön¬

2667 950 396 135 sterruta
2964 950 264 135 till
3129 950 396 135 Hartmans
3426 950 396 135 salubod,
3723 950 231 135 men
3855 950 231 135 att
3954 950 132 135 då

4058 892 120 47 de

4096 920 300 67 dervid
4276 920 270 67 blifvit

2694 1012 405 203 skrämda,
2998 1012 203 203 de
3099 1012 405 203 sprungit
3403 1012 304 203 bort,
3606 1012 270 203 utan
3775 1012 236 203 att
3910 1012 439 203 tillgripa
4214 1012 270 203 något.

2824 1120 260 177 Carl
2986 1120 357 177 Olsson,
3246 1120 227 177 med
3376 1120 422 177 anledning
3701 1120 195 177 af
3798 1120 260 177 hvad
3961 1120 357 177 sålunda
4188 1120 390 177 förekommit

2707 1242 433 183 ytterligare
3053 1242 260 183 hörd,
3227 1242 202 183 har
3342 1242 375 183 slutligen
3631 1242 346 183 vidgått,
3890 1242 202 183 att
4006 1242 231 183 han,
4150 1242 173 183 på
4237 1242 231 183 sätt
4352 1242 202 183 Koll¬-

2692 1352 244 191 berg
2844 1352 426 191 uppgifvit,
3179 1352 365 191 föröfvat
3453 1352 335 191 stölder
3696 1352 213 191 hos
3818 1352 609 191 Handelsidkerskan
4305 1352 213 191 Alida

2691 1456 367 191 Svensson
2967 1456 214 191 och
3089 1456 214 191 den
3211 1456 183 191 30
3303 1456 275 191 sist.
3486 1456 336 191 Januari
3731 1456 275 191 jemte
3914 1456 367 191 Kollberg
4190 1456 275 191 gjort
4343 1456 183 191 för¬-

2700 1562 224 199 sök
2828 1562 224 199 att
2956 1562 353 199 föröfva
3213 1562 417 199 tillgrepp
3534 1562 224 199 hos
3662 1562 449 199 Handlanden
4015 1562 192 199 J.
4111 1562 353 199 Hartman
4336 1562 224 199 genom

2709 1686 220 187 att
2834 1686 220 187 slå
2960 1686 220 187 hål
3086 1686 189 187 på
3181 1686 189 187 en
3275 1686 472 187 fönsterruta
3652 1686 252 187 till
3810 1686 535 187 handelsboden;
4250 1686 220 187 att
4345 1686 157 187 han

2702 1785 362 211 lördagen
2973 1785 211 211 den
3094 1785 151 211 7
3154 1785 301 211 dennes
3365 1785 181 211 på
3455 1785 512 211 eftermiddagen
3877 1785 151 211 i
3937 1785 362 211 sällskap
4208 1785 211 211 med
4299 1785 271 211 ynglin¬-

2702 1889 310 205 garne
2908 1889 310 205 Johan
3115 1889 379 205 Mauritz
3391 1889 482 205 Andersson,
3770 1889 379 205 Andreas
4045 1889 345 205 Magnus
4252 1889 310 205 Bergman

2724 2008 226 185 och
2853 2008 259 185 John
3015 2008 291 185 Albin
3209 2008 323 185 Olsson
3435 2008 453 185 uppehållit
3790 2008 226 185 sig
3920 2008 162 185 å
3984 2008 453 185 Torggatan,
4308 2008 226 185 hvar¬-

2724 2130 222 181 vid
2851 2130 412 181 Andersson
3168 2130 254 181 från
3327 2130 222 181 ett
3454 2130 285 181 åkdon
3644 2130 444 181 tillgripit
3993 2130 190 181 en
4088 2130 285 181 tina,
4278 2130 222 181 som
4373 2130 159 181 han

2732 2238 317 185 ställt
2954 2238 159 185 i
3017 2238 190 185 en
3113 2238 539 185 trappuppgång,
3557 2238 285 185 sedan
3747 2238 222 185 han
3874 2238 285 185 först
4064 2238 285 185 derur
4255 2238 254 185 gömt
4381 2238 159 185 un¬-

2707 2348 232 177 der
2839 2348 232 177 sin
2972 2348 265 177 rock
3137 2348 463 177 åtskilligt
3501 2348 199 177 af
3600 2348 331 177 tinans
3832 2348 430 177 innehåll,
4130 2348 364 177 hvarefter

2723 2454 252 171 Carl
2880 2454 315 171 Olsson
3101 2454 284 171 derur
3290 2454 284 171 tagit
3479 2454 473 171 återstoden,
3857 2454 221 171 som
3983 2454 347 171 bestått
4235 2454 189 171 af
4298 2454 221 171 något

2709 2554 296 181 kaffe
2906 2554 230 181 och
3038 2554 362 181 kryddor
3301 2554 230 181 och
3432 2554 197 181 en
3531 2554 427 181 psalmbok,
3860 2554 263 181 allt
4024 2554 296 181 under
4221 2554 230 181 det
4320 2554 230 181 Berg¬-

2708 2668 227 189 man
2837 2668 227 189 och
2967 2668 259 189 John
3129 2668 292 189 Albin
3323 2668 324 189 Olsson
3550 2668 292 189 stått
3744 2668 194 189 på
3841 2668 292 189 gatan
4036 2668 227 189 och
4165 2668 356 189 väntat;
4392 2668 162 189 att

2725 2780 245 183 Carl
2879 2780 307 183 Olsson
3093 2780 215 183 och
3216 2780 399 183 Andersson
3522 2780 368 183 derefter
3798 2780 368 183 begifvit
4074 2780 215 183 sig
4197 2780 245 183 till
4319 2780 215 183 Grön¬-

2726 2888 478 191 sakstorget,
3108 2888 350 191 hvarest
3363 2888 319 191 Olsson
3586 2888 159 191 i
3650 2888 223 191 ett
3777 2888 701 191 nykterhetsvärdshus
4351 2888 191 191 sökt

2720 2998 310 193 sälja
2926 2998 516 193 psalmboken,
3339 2998 241 193 men
3477 2998 275 193 att,
3649 2998 207 193 då
3753 2998 310 193 ingen
3959 2998 310 193 velat
4166 2998 275 193 köpa
4303 2998 207 193 den,

2713 3098 216 211 hon
2837 3098 309 211 lemnat
3053 3098 216 211 den
3176 3098 247 211 till
3331 3098 432 211 Andersson;
3670 3098 216 211 att
3794 3098 185 211 de
3887 3098 371 211 derefter
4165 3098 371 211 begifvit
4412 3098 154 211 sig

2722 3217 270 194 till
2891 3217 506 194 Kungstorget
3296 3217 236 194 och
3431 3217 573 194 sammanträffat
3903 3217 236 194 med
4038 3217 304 194 James
4206 3217 304 194 Hjalmar

2735 3331 429 174 Petersson,
3072 3331 215 174 med
3195 3331 337 174 hvilken
3440 3331 184 174 de
3532 3331 306 174 kommit
3747 3331 368 174 öfverens
4022 3331 215 174 att
4145 3331 215 174 hos
4237 3331 337 174 Slagtare¬-

2745 3446 369 175 mästaren
3022 3446 369 175 Carlsson
3298 3446 399 175 tillgripa
3605 3446 276 175 gäss;
3789 3446 215 175 att
3912 3446 184 175 de
4004 3446 215 175 för
4127 3446 307 175 sådant
4312 3446 276 175 ändamål

2715 3560 332 173 ingått
2947 3560 166 173 i
3013 3560 465 173 portgången
3379 3560 265 173 från
3544 3560 431 173 Vallgatan
3876 3560 265 173 till
4042 3560 431 173 Carlssons
4341 3560 199 173 hus,

2712 3674 349 163 hvarest
2966 3674 412 163 Andersson
3283 3674 381 163 klättrat
3569 3674 222 163 upp
3696 3674 190 163 på
3791 3674 349 163 Olssons
4045 3674 286 163 axlar
4235 3674 222 163 och
4330 3674 254 163 sålun¬
