5088 4063
532 118 280 182 Ett
692 118 280 182 par
852 118 280 182 nya
1013 118 361 182 hvita
1253 118 561 182 yllevantar
1654 118 280 182 varda

2267 165 178 141 50
2327 165 148 141 öre

551 258 260 193 En
681 258 433 193 gammal
983 258 389 193 svart
1243 258 822 193 skinnportmonaie
1892 258 216 193 med

533 348 264 185 der
684 348 189 185 i
759 348 490 185 förvarade
1099 348 603 185 penningebelopp

1990 426 236 169 Kr
2108 426 315 169 1.14
2265 426 197 169 öre

518 543 217 148 En
626 543 397 148 rakknif
915 543 253 148 med
1060 543 325 148 svart
1277 543 325 148 skaft
1494 543 253 148 och
1602 543 289 148 fodral

2185 566 317 137 50
2291 566 158 137 "

527 628 267 141 En
661 628 401 141 stång
884 628 312 141 tobak

2179 674 343 146 6
2248 674 206 146 "

488 748 243 165 En
610 748 325 165 half
813 748 406 165 butelj
1057 748 528 165 korsbärsvin

2239 789 212 140 50
2309 789 106 140 "

508 881 331 196 samt
715 881 290 196 att
880 881 621 196 Reutgersson
1377 881 290 196 för
1542 881 373 196 dessa
1791 881 538 196 tillgrepp
2163 881 290 196 miss¬-

509 998 432 189 tänkte
811 998 259 189 en
940 998 691 189 Arbetskarlen
1502 998 302 189 vid
1674 998 345 189 namn
1890 998 345 189 Olof
2063 998 345 189 Magnus

494 1116 485 204 hvilken
847 1116 397 204 under
1111 1116 397 204 någon
1376 1116 309 204 tid
1552 1116 485 204 arbetat
1905 1116 309 204 hos
2037 1116 441 204 Hemmans¬-

501 1254 436 213 egaren
806 1254 436 213 Anders
1111 1254 436 213 Petter
1416 1254 436 213 Olsson
1721 1254 218 213 å
1808 1254 436 213 gården
2070 1254 348 213 Lossby

513 1427 209 153 i
597 1427 376 153 ofvan
848 1427 376 153 nämde
1099 1427 418 153 socken
1391 1427 335 153 enär
1600 1427 585 153 åtskilliga
2019 1427 376 153 bemälde

521 1520 551 197 arbetskarls
962 1520 368 197 kläder
1220 1520 551 197 qvarlemnats
1661 1520 184 197 i
1734 1520 588 197 Reutgerssons
2175 1520 294 197 stuga.

536 1653 269 165 För
689 1653 345 165 dessa
919 1653 499 165 tillgrepp
1303 1653 345 165 hafva
1495 1653 997 165 Detektivpoliskonstaplar¬-

555 1785 253 200 ne
681 1785 253 200 J.
808 1785 253 200 M.
935 1785 507 200 Rönnbäck
1315 1785 295 200 och
1483 1785 253 200 C.
1610 1785 549 200 Hallström
1990 1785 422 200 Lördagen

517 1939 270 203 den
672 1939 193 203 2
749 1939 386 203 dennes
1019 1939 270 203 här
1174 1939 193 203 i
1251 1939 386 203 staden
1521 1939 463 203 anhållit
1869 1939 270 203 för
2023 1939 309 203 3dje
2178 1939 270 203 resan

538 2054 396 211 stöld
802 2054 571 211 straffade
1241 2054 396 211 förre
1505 2054 571 211 Sjömannen
1945 2054 352 211 Olof
2120 2054 352 211 Magnus

516 2179 604 229 Johansson
980 2179 372 229 från
1212 2179 604 229 Stenkyrke
1677 2179 464 229 socken
2002 2179 279 229 på
2094 2179 372 229 Tjörn,

518 2264 447 248 hvilken
843 2264 244 248 då
965 2264 406 248 befans
1249 2264 406 248 iklädd
1533 2264 568 248 målsegaren
1939 2264 528 248 Reutgersson

513 2478 401 225 ofvan
781 2478 624 225 omformalde
1271 2478 535 225 misstade
1673 2478 446 225 klader
1940 2478 446 225 följande

405 2593 634 144 nemligen

501 2693 260 183 En
631 2693 304 183 blå
761 2693 477 183 ofverrock

498 2827 267 223 Ett
651 2827 267 223 par
803 2827 496 223 grårutiga
1185 2827 458 223 korderog
1491 2827 267 223 byxor

491 2951 291 218 ett
658 2951 291 218 par
824 2951 374 218 gamla
1073 2951 374 218 hvita
1280 2951 540 218 kallsonger,

485 3078 250 127 en
610 3078 333 127 ylle
777 3078 499 127 undertröja

477 3158 254 194 en
604 3158 338 194 hvit
815 3158 296 194 och
984 3158 507 194 blårutig
1322 3158 380 194 skjorta

473 3252 345 187 en
646 3252 461 187 hvit
934 3252 345 187 do
1049 3252 288 187 och

502 3401 305 178 ett
677 3401 305 178 par
851 3401 305 178 grå
982 3401 566 178 ullstrumpor

506 3519 559 210 hvarjemte
936 3519 301 210 han
1108 3519 516 210 innehade
1495 3519 688 210 Reutgerssons
2011 3519 430 210 misstade

498 3654 457 164 näsduk
818 3654 320 164 och
1001 3654 639 164 portmonaie
1503 3654 320 164 med
1686 3654 228 164 i
1777 3654 320 164 den
1960 3654 457 164 senare
2234 3654 228 164 in¬-

506 3788 581 133 neliggande
962 3788 332 133 dels
1169 3788 249 133 75
1294 3788 290 133 öre
1460 3788 290 133 och
1625 3788 332 133 dels
1833 3788 290 133 tre
1957 3788 498 133 pantsedlar

2666 192 540 219 utfärdade,
3091 192 270 219 två
3245 192 231 219 af
3361 192 656 219 Pantlånerskan
3901 192 193 219 J
3978 192 424 219 Jonsson
4286 192 193 219 i
4325 192 270 219 huset

2659 307 243 227 No
2781 307 203 227 6
2862 307 284 227 vid
3024 307 689 227 Eklundsgatan,
3592 307 243 227 en
3714 307 284 227 den
3876 307 203 227 2
3957 307 406 227 dennes
4241 307 365 227 under
4444 307 162 227 No

2675 517 224 161 18
2787 517 262 161 274
2936 517 187 161 å
3011 517 224 161 en
3124 517 299 161 rock
3311 517 262 161 som
3460 517 486 161 pantsatts
3834 517 262 161 för
3984 517 187 161 1
4059 517 374 161 Kronor
4321 517 224 161 50
4396 517 224 161 öre.

2667 653 293 135 och
2835 653 251 135 en
2960 653 377 135 under
3212 653 251 135 No
3338 653 419 135 18275,
3631 653 377 135 samma
3883 653 293 135 dag
4050 653 210 135 å
4134 653 251 135 en
4260 653 335 135 Sjal
4427 653 168 135 en

2661 732 390 170 Skjorta
2944 732 248 170 och
3086 732 213 170 en
3192 732 390 170 halsduk
3476 732 461 170 pantsatts
3830 732 248 170 för
3972 732 532 170 tillsammans
4397 732 177 170 2
4432 732 213 170 Kro¬-

2672 881 346 177 nor;
2888 881 346 177 samt
3105 881 260 177 en
3235 881 260 177 af
3364 881 649 177 Pantlånaren
3884 881 260 177 W.
4014 881 390 177 Karth
4274 881 216 177 i
4317 881 303 177 huset

2648 1037 242 142 No
2769 1037 202 142 5
2849 1037 283 142 vid
3011 1037 525 142 Wallgatan
3415 1037 283 142 den
3576 1037 202 142 2
3657 1037 404 142 dennes
3939 1037 363 142 under
4181 1037 242 142 No
4262 1037 323 142 29984,

2651 1129 190 194 å
2727 1129 228 194 en
2841 1129 304 194 väst
3032 1129 228 194 en
3146 1129 495 194 blårandig
3526 1129 419 194 Skjorta
3831 1129 266 194 och
3983 1129 228 194 en
4097 1129 343 194 "ami"
4288 1129 304 194 hvilka

2649 1269 473 208 persedlar
3012 1269 509 208 pantsattes
3412 1269 254 208 för
3557 1269 545 208 tillsammans
3993 1269 182 208 1
4066 1269 327 208 Krona
4284 1269 218 208 25
4357 1269 218 208 öre.

2687 1427 279 202 Wid
2847 1427 279 202 det
3006 1427 279 202 med
3166 1427 519 202 Johansson
3565 1427 200 202 i
3645 1427 519 202 anledning
4044 1427 359 202 häraf
4244 1427 359 202 anstäl¬-

2661 1624 222 157 da
2772 1624 407 157 förhör,
3068 1624 259 157 har
3217 1624 259 157 han
3365 1624 519 157 uppgifvit;
3772 1624 259 157 att
3920 1624 333 157 sedan
4143 1624 259 157 han
4291 1624 259 157 den
4402 1624 185 157 26.

2648 1724 379 208 sist.
2901 1724 337 208 Maj,
3111 1724 379 208 efter
3364 1724 632 208 undergången
3870 1724 674 208 bestraffning
4375 1724 211 208 för

2659 1887 351 166 3dje
2878 1887 395 166 resan
3141 1887 395 166 stöld
3404 1887 614 166 frigifvits
3887 1887 307 166 han
4062 1887 219 166 i
4150 1887 438 166 början
4413 1887 175 166 af

2660 1998 416 212 derpå
2937 1998 462 212 följde
3261 1998 370 212 juni
3492 1998 462 212 kommit
3815 1998 324 212 hit
4000 1998 370 212 till
4185 1998 416 212 staden;

2658 2119 607 213 hvareft
3099 2119 386 213 han
3320 2119 386 213 han
3541 2119 497 213 under
3872 2119 497 213 några
4148 2119 386 213 dagar

2663 2244 703 253 uppehållit
3215 2244 351 253 sig
3416 2244 351 253 med
3616 2244 753 253 tillfälligt
4168 2244 452 253 arbete,

2639 2387 346 244 att
2836 2387 346 244 han
3034 2387 594 244 derefter
3480 2387 594 244 begifvit
3925 2387 346 244 sig
4123 2387 396 244 till
4321 2387 247 244 Ag¬-

2653 2553 622 206 nesberg;
3119 2553 363 206 der
3327 2553 363 206 han
3534 2553 622 206 erhållit
4000 2553 518 206 arbete
4311 2553 259 206 hos

2643 2708 861 181 Landtbrukaren
3352 2708 304 181 A.
3504 2708 709 181 Bergqvist,
4061 2708 354 181 att
4264 2708 354 181 han
4415 2708 203 181 på

2634 2837 419 207 sätt
2895 2837 733 207 målsegaren
3471 2837 681 207 Hällström
3995 2837 524 207 anmält
4309 2837 262 207 den

2655 2947 327 195 20
2818 2947 272 195 i
2927 2947 708 195 sistnämde
3472 2947 490 195 månad
3799 2947 272 195 i
3908 2947 327 195 en
4017 2947 599 195 drängkom¬-

2629 3075 383 224 mare
2869 3075 622 224 derstädes
3347 3075 670 224 tillgripit
3874 3075 575 224 samtliga
4305 3075 287 224 de
4401 3075 192 224 af

2632 3236 667 183 Hallström
3145 3236 564 183 anmälde
3555 3236 770 183 persedlarne
4171 3236 359 183 och
4325 3236 308 183 med¬-

2627 3343 596 188 hafvande
3074 3343 546 188 desamma
3471 3343 596 188 begifvit
3918 3343 348 188 sig
4117 3343 397 188 till
4315 3343 348 188 Lerum

2630 3510 650 202 hvarifrån
3130 3510 350 202 han
3330 3510 450 202 tagit
3631 3510 450 202 vägen
3931 3510 450 202 genom
4181 3510 400 202 Haryda

2634 3636 472 161 socken
2964 3636 378 161 till
3200 3636 614 161 Kallebäck
3673 3636 331 161 att
3861 3636 331 161 han
4050 3636 425 161 under
4286 3636 331 161 vägen

2649 3775 320 174 dit
2832 3775 228 174 i
2923 3775 274 174 en
3061 3775 548 174 bondgård
3472 3775 411 174 såsom
3746 3775 594 174 betalning
4203 3775 320 174 för
4340 3775 274 174 der¬
