5160 4063
526 212 260 108 ling
688 212 227 108 och
818 212 422 108 Börjesson
1142 212 487 108 förstnämnde
1531 212 227 108 dag
1661 212 454 108 uppehållit
2018 212 227 108 sig
2148 212 162 108 å
2180 212 260 108 Kungs¬-

528 329 331 91 torget,
769 329 331 91 hvarvid
1009 329 181 91 de
1100 329 421 91 iakttagit,
1431 329 211 91 att
1551 329 301 91 hustru
1762 329 391 91 Lundström
2063 329 150 91 i
2123 329 211 91 sin
2213 329 211 91 kapp¬-

524 447 291 99 ficka
718 447 258 99 haft
879 447 388 99 förvarad
1170 447 194 99 en
1267 447 517 99 portmonnaie,
1687 447 226 99 som
1816 447 194 99 de
1913 447 194 99 då
1978 447 452 99 öfverenskom¬-

546 561 211 109 mit
667 561 211 109 att
787 561 423 109 tillgripa,
1120 561 211 109 att
1240 561 453 109 Hermansson,
1603 561 272 109 medan
1784 561 181 109 de
1874 561 302 109 öfrige
2086 561 332 109 stannat
2297 561 121 109 på

527 668 275 116 något
711 668 366 116 afstånd,
985 668 244 116 gått
1138 668 244 116 fram
1291 668 214 116 och
1413 668 183 116 ur
1504 668 305 116 fickan
1718 668 427 116 tillgripit
2023 668 397 116 ifrågakomne

518 767 508 123 portmonnaie,
931 767 222 123 som
1058 767 190 123 då
1153 767 381 123 innehöll
1438 767 190 123 13
1533 767 317 123 Kronor
1756 767 190 123 12
1851 767 254 123 öre;
2009 767 222 123 att
2136 767 222 123 han
2231 767 159 123 för

531 873 381 137 Börjesson
824 873 410 137 uppgifvit,
1146 873 205 137 att
1264 873 147 137 i
1322 873 469 137 portmonnaien
1703 873 381 137 förvarats
1996 873 293 137 endast
2202 873 176 137 12
2260 873 176 137 öre,

542 983 255 139 deraf
712 983 198 139 han
825 983 283 139 gifvit
1023 983 142 139 4
1080 983 198 139 öre
1193 983 227 139 till
1335 983 397 139 Börjesson,
1647 983 198 139 som
1760 983 340 139 derefter
2015 983 368 139 bortgått;
2270 983 142 139 att

544 1089 268 149 sedan
723 1089 387 149 Börjesson
1021 1089 387 149 aflägsnat
1319 1089 238 149 sig,
1468 1089 209 149 han
1587 1089 209 149 för
1706 1089 387 149 Söderberg
2004 1089 209 149 och
2094 1089 268 149 Billing

536 1203 351 147 omtalat
792 1203 224 147 att
919 1203 160 147 i
983 1203 511 147 portmonnaien
1398 1203 351 147 funnits
1654 1203 160 147 2
1718 1203 319 147 Kronor
1941 1203 192 147 12
2037 1203 255 147 öre,
2165 1203 255 147 hvilka

534 1305 182 157 de
625 1305 363 157 fördelat
897 1305 242 157 lika
1048 1305 212 157 sig
1169 1305 363 157 emellan;
1442 1305 212 157 att
1563 1305 272 157 sedan
1744 1305 393 157 Söderberg
2047 1305 272 157 äfven
2198 1305 182 157 gått

521 1418 283 160 bort,
709 1418 220 160 han
835 1418 220 160 för
961 1418 346 160 Billing
1213 1418 377 160 omtalat,
1496 1418 220 160 att
1622 1418 157 160 i
1684 1418 283 160 samma
1873 1418 472 160 portmonnaie
2219 1418 189 160 för¬-

533 1524 308 162 varats
749 1524 462 162 ytterligare
1118 1524 185 162 En
1210 1524 308 162 Krona,
1425 1524 308 162 hvaraf
1641 1524 215 162 han
1764 1524 308 162 gifvit
1979 1524 277 162 honom
2164 1524 185 162 50
2225 1524 185 162 öre;

539 1654 267 139 samt
706 1654 234 139 att
839 1654 234 139 han
973 1654 535 139 sönderrifvit
1407 1654 568 139 portmonnaien;
1842 1654 200 139 samt

542 1752 168 143 2o
626 1752 391 143 Söderberg,
933 1752 168 143 3o
1017 1752 307 143 Billing
1241 1752 196 143 och
1352 1752 168 143 4o
1436 1752 363 143 Börjesson
1716 1752 140 143 i
1771 1752 447 143 hufvudsaklig
2107 1752 307 143 öfverens¬-

534 1866 449 138 stämmelse
879 1866 242 138 med
1017 1866 483 138 Hermansson
1396 1866 173 138 i
1465 1866 276 138 hvad
1638 1866 242 138 dem
1741 1866 345 138 anginge.

608 1964 443 132 Hermansson
956 1964 221 132 och
1083 1964 348 132 Billing
1336 1964 380 132 innehade
1621 1964 221 132 vid
1747 1964 443 132 anhållande
2064 1964 316 132 hvardera

525 2086 189 120 50
619 2086 252 120 öre,
776 2086 220 120 som
902 2086 472 120 återlemnats
1279 2086 252 120 till
1405 2086 409 120 målsegaren.

686 2188 204 127 På
788 2188 307 127 grund
993 2188 204 127 af
1095 2188 273 127 hvad
1265 2188 375 127 sålunda
1538 2188 511 127 förekommit,
1947 2188 307 127 komma
2117 2188 273 127 Ossian

561 2288 458 141 Hermansson,
928 2288 244 141 Carl
1081 2288 305 141 Edvard
1294 2288 428 141 Hermansson
1630 2288 275 141 Johan
1814 2288 336 141 Fredrik
2027 2288 367 141 Söderberg,

544 2393 273 141 Albin
725 2393 333 141 Billing
968 2393 212 141 och
1089 2393 242 141 Otto
1240 2393 303 141 Martin
1453 2393 394 141 Börjesson
1756 2393 212 141 att
1877 2393 273 141 denna
2058 2393 212 141 dag
2180 2393 212 141 för
2271 2393 151 141 PKn

519 2500 434 156 inställas;
860 2500 217 156 och
984 2500 217 156 äro
1108 2500 465 156 föräldrarne
1481 2500 248 156 Carl
1636 2500 310 156 Edvard
1853 2500 465 156 Hermansson,
2194 2500 186 156 Olof

511 2611 293 164 Anders
716 2611 410 164 Söderberg,
1038 2611 264 164 Sofia
1214 2611 322 164 Billing
1448 2611 205 164 och
1566 2611 234 164 Erik
1712 2611 381 164 Börjesson
2005 2611 322 164 kallade
2239 2611 205 164 att

534 2741 346 122 jemväl
777 2741 416 122 närvara.
1088 2741 416 122 Göteborg
1400 2741 242 122 den
1539 2741 208 122 23
1643 2741 416 122 Februari
1920 2741 242 122 1880.

148 2865 238 123 No
228 2865 198 123 39.

64 3013 208 107 Aron
168 3013 338 107 Augustsson.

572 2853 579 143 Hemmansägaren
1048 2853 306 143 Johan
1253 2853 306 143 Peter
1457 2853 340 143 Olsson
1695 2853 272 143 från
1865 2853 340 143 gården
2070 2853 340 143 Fjelles¬-

544 2961 256 159 torp
704 2961 160 159 i
768 2961 288 159 Stora
960 2961 320 159 Lundby
1185 2961 320 159 Socken
1409 2961 192 159 af
1505 2961 416 159 Elfsborgs
1825 2961 224 159 län
1954 2961 224 159 har
2082 2961 256 159 idag
2210 2961 192 159 här¬-

503 3089 335 153 städes
737 3089 368 153 anmält,
1005 3089 234 153 att
1138 3089 301 153 sist.
1339 3089 268 153 natt
1506 3089 201 153 ur
1607 3089 368 153 stallet
1875 3089 435 153 derstädes
2176 3089 234 153 genom

517 3213 398 147 inbrott,
815 3213 365 147 hvarvid
1080 3213 398 147 krampan,
1379 3213 298 147 hvari
1577 3213 431 147 hänglåset
1909 3213 298 147 varit
2075 3213 331 147 fästadt,

526 3337 552 153 frånbrutits,
974 3337 276 153 från
1146 3337 310 153 honom
1353 3337 517 153 tillgripits
1767 3337 241 153 ett
1905 3337 207 153 17
2009 3337 207 153 år
2078 3337 310 153 gammalt

533 3451 453 153 mörkbrunt
882 3451 523 153 stokreatur,
1300 3451 314 153 värdt
1509 3451 244 153 100
1648 3451 383 153 Kronor,
1927 3451 279 153 samt
2101 3451 244 153 att
2206 3451 174 153 han

506 3573 235 135 för
641 3573 302 135 detta
842 3573 436 135 tillgrepp
1177 3573 470 135 misstänkte
1546 3573 436 135 ynglingen
1881 3573 268 135 Aron
2016 3573 402 135 Augustsson

474 3689 270 135 från
643 3689 371 135 berörde
913 3689 371 135 socken,
1182 3689 270 135 enär
1351 3689 303 135 denne
1553 3689 236 135 för
1688 3689 472 135 åtskilliga
2025 3689 337 135 personer

2691 215 348 128 yttrat
2935 215 278 128 att,
3109 215 209 128 om
3213 215 244 128 han
3352 215 313 128 komme
3561 215 174 128 i
3631 215 487 128 besittning
4013 215 209 128 af
4118 215 209 128 en
4222 215 313 128 häst,
4396 215 174 128 han

2692 338 272 129 lätt
2862 338 306 129 kunde
3066 338 306 129 sälja
3271 338 408 129 densamma
3577 338 272 129 till
3747 338 545 129 hästslagtare
4190 338 170 129 i
4224 338 374 129 Göteborg.

2773 444 164 139 I
2839 444 427 139 anledning
3167 444 295 139 häraf
3364 444 230 139 har
3495 444 722 139 detektivkonstapeln
4119 444 197 139 C.
4218 444 197 139 V.
4283 444 263 139 Söder¬-

2697 552 283 161 qvist
2885 552 157 161 i
2948 552 220 161 dag
3074 552 220 161 kl.
3200 552 220 161 1/2
3326 552 189 161 10
3421 552 252 161 f.m.
3578 552 157 161 i
3641 552 441 161 härvarande
3987 552 378 161 slagthus
4239 552 315 161 anhållit

2674 664 540 163 ofvannämnde
3106 664 288 163 Aron
3286 664 540 163 Augustsson,
3718 664 396 163 hvilken
4006 664 288 163 kort
4186 664 324 163 förut
4366 664 216 163 till

2677 790 563 159 Hästslagtaren
3141 790 199 159 L.
3240 790 497 159 Samuelsson,
3638 790 331 159 boende
3870 790 166 159 i
3936 790 298 159 huset
4135 790 199 159 No
4235 790 199 159 17
4334 790 265 159 Litt
4467 790 99 159 Q

2659 910 174 165 i
2729 910 522 165 Redbergslid
3146 910 244 165 för
3285 910 209 165 20
3390 910 348 165 Kronor
3633 910 383 165 försålt
3912 910 522 165 ifrågakomne
4294 910 244 165 häst,

2673 1052 268 141 som,
2840 1052 201 141 då
2941 1052 469 141 Söderqvist
3309 1052 302 141 inkom
3510 1052 168 141 i
3577 1052 503 141 slagthuset,
3979 1052 302 141 redan
4180 1052 235 141 var
4314 1052 235 141 dit
4415 1052 168 141 in¬-

2682 1212 258 109 förd
2843 1212 225 109 för
2972 1212 225 109 att
3068 1212 322 109 slagtas.

2756 1278 255 141 Wid
2901 1278 255 141 det
3047 1278 255 141 med
3192 1278 509 141 Augustsson
3592 1278 182 141 i
3665 1278 473 141 anledning
4028 1278 327 141 häraf
4210 1278 364 141 anställ¬-

2710 1390 202 171 de
2811 1390 370 171 förhör,
3080 1390 235 171 har
3215 1390 235 171 han
3349 1390 471 171 uppgifvit,
3719 1390 235 171 att
3854 1390 269 171 han,
4022 1390 235 171 som
4156 1390 202 171 är
4257 1390 269 171 född
4392 1390 168 171 den

2707 1496 195 183 26
2805 1496 293 183 Sept.
3000 1496 260 183 1862
3163 1496 228 183 och
3293 1496 456 183 uppfostrad
3651 1496 195 183 på
3749 1496 553 183 Fattigvårdens
4172 1496 390 183 bekostnad,

2694 1610 322 187 under
2909 1610 322 187 sista
3123 1610 322 187 tiden
3338 1610 393 187 hvarken
3624 1610 286 187 haft
3803 1610 322 187 någon
4018 1610 393 187 bestämd
4268 1610 322 187 syssel¬-

2668 1738 407 179 sättning
2973 1738 305 179 eller
3177 1738 373 179 bostad;
3448 1738 238 179 att
3584 1738 238 179 han
3720 1738 170 179 i
3788 1738 407 179 sällskap
4093 1738 238 179 med
4229 1738 204 179 en
4297 1738 305 179 torpare

2684 1854 320 179 kallad
2908 1854 416 179 "Svingels
3228 1854 384 179 Andreas"
3516 1854 224 179 kl.
3644 1854 192 179 12
3740 1854 288 179 sist.
3932 1854 256 179 natt
4092 1854 160 179 i
4156 1854 320 179 afsigt
4348 1854 160 179 att

2704 1964 324 199 stjäla
2931 1964 389 199 begifvit
3223 1964 227 199 sig
3353 1964 260 199 till
3515 1964 487 199 Målsegarens
3904 1964 324 199 stall,
4131 1964 227 199 der
4229 1964 389 199 Augustsson

2704 2088 498 199 frånbrutit
3096 2088 391 199 krampan
3380 2088 285 199 till
3558 2088 498 199 hänglåset,
3950 2088 463 199 hvarefter
4270 2088 320 199 Andreas

2698 2208 336 199 ingått
2933 2208 168 199 i
3001 2208 369 199 stallet
3269 2208 269 199 samt
3437 2208 336 199 utfört
3672 2208 235 199 och
3806 2208 336 199 lemnat
4041 2208 336 199 hästen
4276 2208 269 199 till
4410 2208 168 199 Au¬-

2708 2320 419 195 gustsson,
3030 2320 226 195 som
3159 2320 194 195 då
3256 2320 323 195 genast
3482 2320 387 195 begifvit
3772 2320 226 195 sig
3901 2320 226 195 hit
4030 2320 258 195 till
4191 2320 323 195 staden
4385 2320 161 195 för

2693 2493 270 129 att
2848 2493 464 129 försälja
3157 2493 425 129 densamma.

2825 2576 210 126 De
2930 2576 210 126 20
3035 2576 385 126 Kronor,
3315 2576 245 126 som
3455 2576 490 126 Augustsson
3840 2576 420 126 bekommit
4155 2576 245 126 för
4260 2576 280 126 hästen

2690 2658 252 181 och
2834 2658 252 181 vid
2978 2658 540 181 anhållandet
3410 2658 468 181 innehade,
3770 2658 324 181 hafva
3986 2658 360 181 blivit
4238 2658 288 181 till
4382 2658 180 181 Sa¬-

2726 2801 437 140 muelsson
3053 2801 582 140 återlemnade,
3526 2801 473 140 hvarjemte
3890 2801 509 140 Målsegaren
4254 2801 364 140 återfått

2659 2997 311 47 hästen.

2911 3009 223 137 På
3022 3009 334 137 grund
3245 3009 223 137 af
3356 3009 297 137 hvad
3542 3009 408 137 sålunda
3839 3009 557 137 förekommit,
4247 3009 297 137 kommer

2703 3136 300 145 Aron
2890 3136 524 145 Augustsson
3302 3136 262 145 att
3452 3136 337 145 denna
3676 3136 262 145 dag
3826 3136 262 145 för
3976 3136 262 145 PKn
4089 3136 450 145 inställas.

3177 3260 431 93 Göteborg
3500 3260 251 93 den
3644 3260 215 93 24
3752 3260 431 93 Februari
4039 3260 251 93 1880.

4595 3373 263 51 No
4683 3373 219 51 40.

4557 3493 308 53 August
4742 3493 247 53 Gustaf

4538 3585 325 59 Hansson
4774 3585 177 59 m.
4833 3585 148 59 fl.

2789 3362 311 131 Efter
2997 3362 380 131 anmälan
3273 3362 207 131 af
3376 3362 622 131 Stationskarlen
3894 3362 207 131 No
3998 3362 242 131 610
4136 3362 414 131 Sjögren,
4412 3362 173 131 har

2697 3464 626 155 Poliskonstapeln
3224 3464 198 155 No
3323 3464 231 155 610
3455 3464 396 155 Sandholm
3752 3464 396 155 måndagen
4049 3464 231 155 den
4180 3464 198 155 23
4279 3464 198 155 ds
4345 3464 165 155 kl.

2700 3581 240 141 1/2
2837 3581 171 141 7
2905 3581 274 141 e.m.
3077 3581 411 141 anhållit
3385 3581 308 141 förre
3591 3581 582 141 Artilleristen
4070 3581 343 141 August
4276 3581 274 141 Gustaf

2733 3692 399 139 Hansson,
3032 3692 332 139 boende
3265 3692 166 139 i
3331 3692 299 139 huset
3530 3692 199 139 No
3630 3692 199 139 20
3730 3692 233 139 vid
3863 3692 465 139 Bergsgatan
4228 3692 233 139 och
4328 3692 266 139 Gustaf
