5036 4063
444 239 426 217 finna
728 239 379 217 vore
965 239 332 217 sig
1154 239 474 217 vexlar
1486 239 426 217 eller
1770 239 616 217 penningar
2196 239 237 217 li¬-

415 347 478 193 kasom
734 347 425 193 icke
999 347 531 193 heller
1371 347 478 193 några
1690 347 478 193 andre
1956 347 372 193 miss¬-

433 498 508 155 tänkte
789 498 609 155 föremål;
1245 498 355 155 och
1448 498 406 155 hade
1702 498 609 155 följande
2108 498 305 155 per¬-

401 564 505 231 soner
737 564 393 231 vid
962 564 393 231 med
1186 564 393 231 dem
1410 564 337 231 af
1579 564 561 231 Andrén
1915 564 561 231 anstälde

427 681 513 176 förhör
735 681 513 176 upplyst:

394 778 314 176 1o
551 778 524 176 ogifta
917 778 367 176 Ida
1127 778 628 176 Bergman,
1598 778 524 176 boende
1964 778 262 176 i
2017 778 471 176 Glasmä¬-

404 943 486 164 staren
745 943 632 164 Wahlgrens
1230 943 340 164 hus
1425 943 243 164 i
1522 943 680 164 Falköping,
2056 943 340 164 att
2202 943 243 164 hon

394 1027 474 181 sedan
710 1027 580 181 omkring
1132 1027 369 181 tre
1343 1027 580 181 månader
1764 1027 421 181 vore
1975 1027 474 181 anstäld

392 1138 464 199 såsom
702 1138 773 199 uppasserska
1320 1138 361 199 hos
1526 1138 670 199 Stenberg;
2042 1138 361 199 att
2196 1138 258 199 han

405 1252 501 194 någon
739 1252 390 194 dag
962 1252 278 194 i
1073 1252 557 194 sistl.
1463 1252 390 194 Maj
1685 1252 501 194 månad
1964 1252 445 194 lemnat

400 1352 446 183 henne
698 1352 297 183 en
847 1352 446 183 vexel
1144 1352 248 183 å
1243 1352 297 183 16
1392 1352 446 183 eller
1689 1352 297 183 17
1838 1352 496 183 kronor
2135 1352 248 183 och

432 1468 420 182 några
712 1468 327 182 öre
899 1468 467 182 ställd
1226 1468 373 182 till
1459 1468 280 182 A.
1599 1468 607 182 Sundbergs
2019 1468 327 182 eller

417 1577 509 135 Orders
774 1577 357 135 och
977 1577 357 135 med
1181 1577 611 135 begäran,
1640 1577 357 135 att
1844 1577 357 135 hon
1996 1577 408 135 skulle

424 1662 377 155 söka
659 1662 424 155 sälja
942 1662 471 155 vexeln
1272 1662 659 155 uppgifvit,
1790 1662 330 155 att
1978 1662 330 155 han
2119 1662 283 155 fått

421 1772 684 155 densamme
934 1772 342 155 af
1105 1772 741 155 Dahlström
1674 1772 513 155 såsom
1959 1772 456 155 liqvid

442 1887 365 186 för
650 1887 313 186 en
807 1887 625 186 fordran;
1276 1887 365 186 att
1484 1887 469 186 ehuru
1797 1887 365 186 hon
1953 1887 469 186 försökt

441 2007 526 155 afyttra
824 2007 478 155 vexeln
1159 2007 383 155 till
1398 2007 670 155 åtskillige
1876 2007 574 155 handlande,

433 2109 563 151 ingen
809 2109 563 151 velat
1184 2109 501 151 köpa
1497 2109 751 151 densamme
1998 2109 375 151 utan

416 2207 449 151 hade
697 2207 393 151 dit
921 2207 562 151 städse
1315 2207 618 151 svarats
1764 2207 562 151 henne,
2101 2207 281 151 att

421 2336 488 122 vexeln
763 2336 439 122 först
1056 2336 488 122 skulle
1397 2336 439 122 borde
1641 2336 830 122 transporterats;

422 2444 322 120 att
606 2444 553 120 Stenberg
1021 2444 553 120 derefter
1435 2444 599 120 atertagit
1896 2444 507 120 vexeln;
2219 2444 230 120 att

428 2534 705 171 Stenberg
957 2534 588 171 sistl.
1368 2534 1058 171 midsommarafton
2191 2534 235 171 på

415 2628 389 198 fm.
638 2628 389 198 med
860 2628 556 198 bantåg
1249 2628 444 198 rest
1527 2628 444 198 till
1804 2628 611 198 Sköfde,
2193 2628 278 198 der

383 2747 380 166 han
600 2747 434 166 sagt
871 2747 380 166 sig
1088 2747 488 166 hafva
1413 2747 380 166 ett
1630 2747 705 166 angeläget
2118 2747 380 166 ären¬-

425 2886 341 130 de
596 2886 397 130 att
823 2886 681 130 uträtta,
1333 2886 738 130 hvarjemte
1901 2886 397 130 han
2071 2886 341 130 bedt

399 2968 642 151 henne
826 2968 428 151 på
1040 2968 784 151 aftonen
1611 2968 570 151 möta
1896 2968 499 151 honom

429 3071 286 134 i
543 3071 802 134 Stenstorp,
1174 3071 688 134 derifrån
1689 3071 344 134 de
1804 3071 630 134 gemensamt

425 3177 541 190 skulle
804 3177 433 190 fara
1074 3177 325 190 på
1236 3177 487 190 besök
1561 3177 433 190 till
1777 3177 595 190 Stenbergs

430 3289 603 186 familj
852 3289 302 186 i
973 3289 784 186 Ekedalen;
1576 3289 422 186 att
1818 3289 362 186 då
1999 3289 422 186 hon
2180 3289 241 186 på

457 3405 578 152 utsatta
878 3405 473 152 tiden
1193 3405 578 152 anländt
1613 3405 420 152 till
1823 3405 630 152 Stenstorp,

429 3537 411 137 hon
664 3537 411 137 der
899 3537 646 137 träffat
1369 3537 763 137 Stenberg,
1897 3537 529 137 hvilken

2637 206 305 181 då
2790 206 457 181 visat
3094 206 356 181 att
3297 206 356 181 han
3501 206 457 181 gjort
3805 206 305 181 en
3958 206 457 181 mängd
4212 206 406 181 uppköp

2628 334 324 179 af
2790 334 1295 179 fruntimmerspersedlar
3923 334 378 179 och
4085 334 594 179 matvaror,

2624 439 701 139 hvarjemte
3163 439 377 139 han
3379 439 647 139 tillsagt
3864 439 485 139 henne
4188 439 431 139 att,
4403 439 216 139 om

2623 541 380 193 det
2840 541 543 193 skulle
3220 541 271 193 i
3329 541 652 193 familjen
3817 541 543 193 blifva
4197 541 489 193 fråga
4469 541 217 193 om

2624 654 711 173 hvarifrån
3171 654 383 173 han
3390 654 438 173 fått
3664 654 328 173 så
3828 654 547 173 mycket
4156 654 492 173 pennin¬-

2625 748 443 186 gar,
2901 748 387 186 hon
3123 748 553 186 skulle
3510 748 719 186 uppgifva,
4063 748 387 186 det
4229 748 387 186 Sten¬-

2622 880 451 176 berg
2904 880 677 176 omtalat,
3411 880 395 176 det
3637 880 395 176 han
3862 880 282 176 i
3975 880 564 176 Sköfde
4314 880 338 176 upp¬-

2599 988 520 148 burit
2946 988 346 148 en
3119 988 693 148 fordran;
3639 988 404 148 att
3869 988 520 148 sedan
4216 988 404 148 den
4389 988 231 148 28

2637 1119 503 158 sistl.
2989 1119 402 158 Juni
3240 1119 302 158 på
3391 1119 553 158 aftonen
3793 1119 302 158 af
3893 1119 754 158 stadsfiskalen

2636 1197 487 175 gjorts
2977 1197 681 175 visitation
3512 1197 243 175 i
3609 1197 632 175 Stenbergs
4047 1197 584 175 boningslä¬-

2666 1314 568 157 genhet,
3080 1314 517 157 dervid
3441 1314 620 157 Stenberg
3907 1314 413 157 dock
4165 1314 413 157 icke
4372 1314 258 157 ta¬-

2662 1415 388 178 gits
2904 1415 242 178 i
3001 1415 630 178 fängsligt
3485 1415 533 178 förvar,
3873 1415 388 178 utan
4067 1415 581 178 fortfaran¬-

2627 1522 318 190 de
2786 1522 424 190 fått
3051 1522 583 190 vistats
3475 1522 318 190 på
3634 1522 371 190 fri
3846 1522 424 190 fot,
4058 1522 583 190 Stenberg,

2616 1635 426 175 med
2859 1635 669 175 hvilken
3346 1635 426 175 Ida
3589 1635 669 175 Bergman
4014 1635 669 175 innebott,

2803 1727 293 100 länge

2644 1757 367 163 låge
2873 1757 413 163 länge
3149 1757 413 163 under
3424 1757 459 163 natten
3745 1757 367 163 gått
3974 1757 367 163 fram
4203 1757 321 163 och
4341 1757 321 163 till¬-

2639 1856 430 174 baka
2908 1856 269 174 i
3016 1856 591 174 rummet,
3446 1856 538 174 dervid
3822 1856 376 174 det
3983 1856 645 174 förefallit

2635 1995 596 131 henne
3032 1995 596 131 såsom
3430 1995 397 131 om
3628 1995 464 131 han
3893 1995 596 131 varit
4225 1995 397 131 myc¬-

2648 2083 350 154 ket
2848 2083 549 154 orolig,
3247 2083 400 154 samt
3447 2083 250 154 att

3620 2071 238 75 han

3687 2106 337 131 en
3855 2106 449 131 gång
4080 2106 561 131 derunder

2634 2176 373 209 ur
2820 2176 436 209 ena
3069 2176 871 209 västfickan
3754 2176 809 209 framtagit
4314 2176 373 209 pap¬-

2634 2298 349 169 per
2834 2298 399 169 och,
3083 2298 250 169 i
3183 2298 349 169 det
3383 2298 349 169 han
3583 2298 549 169 yttrat:
3982 2298 399 169 "det
4232 2298 349 169 var
4381 2298 250 169 bra

2648 2396 359 205 att
2853 2396 308 205 de
3007 2396 308 205 ej
3161 2396 462 205 fingo
3468 2396 308 205 se
3622 2396 462 205 det",
3930 2396 256 205 i
3981 2396 616 205 kakelugnen

2618 2506 845 194 uppbränt
3251 2506 634 194 samme
3603 2506 634 194 papper;

2611 2640 351 159 2o
2786 2640 935 159 Glasmästaren
3545 2640 584 159 August
3954 2640 701 159 Wahlgren
4422 2640 175 159 i

2643 2779 663 170 Falköping:
3164 2779 332 170 att
3353 2779 568 170 Stenberg
3779 2779 237 170 i
3874 2779 474 170 slutet
4205 2779 284 170 af
4300 2779 379 170 Febru¬-

2620 2893 376 121 ari
2835 2893 483 121 eller
3157 2893 268 121 i
3265 2893 537 121 början
3640 2893 322 121 af
3801 2893 429 121 Mars
4070 2893 483 121 månad
4338 2893 376 121 inne¬-

2608 3005 630 121 varande
3066 3005 344 121 år
3238 3005 458 121 till
3524 3005 687 121 Wahlgren
4040 3005 573 121 lemnat
4384 3005 286 121 två

2612 3122 593 137 vexlar,
3043 3122 323 137 en
3205 3122 269 137 å
3313 3122 323 137 51
3474 3122 323 137 Kr
3636 3122 323 137 21
3798 3122 377 137 öre
4013 3122 431 137 köpt
4283 3122 269 137 i
4337 3122 377 137 Sock¬-

2633 3208 416 149 holm
2893 3208 364 149 och
3101 3208 312 149 en
3258 3208 260 149 å
3362 3208 312 149 17
3518 3208 312 149 kr
3674 3208 364 149 och
3882 3208 468 149 några
4195 3208 364 149 öre
4351 3208 312 149 köpt

2620 3314 282 166 i
2732 3314 790 166 Uddevalla,
3353 3314 564 166 dervid
3748 3314 395 166 han
3974 3314 508 166 under
4256 3314 339 166 upp¬-

2629 3414 481 205 gift,
2949 3414 374 205 att
3163 3414 374 205 han
3377 3414 428 205 fått
3644 3414 374 205 dem
3858 3414 267 205 i
3965 3414 535 205 liqvid
4286 3414 267 205 för

2607 3526 838 222 fordringar,
3277 3526 447 222 bedt
3557 3526 670 222 Wahlgren
4059 3526 503 222 sälja
4339 3526 279 222 dem
