<?xml version="1.0" encoding="UTF-8"?>
<alto xmlns:xsi="http://www.w3.org/2001/XMLSchema-instance"
      xmlns="http://www.loc.gov/standards/alto/ns-v4#"
      xmlns:page="http://schema.primaresearch.org/PAGE/gts/pagecontent/2013-07-15"
      xsi:schemaLocation="http://www.loc.gov/standards/alto/ns-v4# https://www.loc.gov/standards/alto/v4/alto.xsd">
   <Description>
      <MeasurementUnit>pixel</MeasurementUnit>
      <OCRProcessing ID="IdOcr">
         <ocrProcessingStep>
            <processingDateTime>2022-11-18T16:09:45.459+01:00</processingDateTime>
            <processingSoftware>
               <softwareCreator>READ COOP</softwareCreator>
               <softwareName>Transkribus</softwareName>
            </processingSoftware>
         </ocrProcessingStep>
      </OCRProcessing>
   </Description>
   <Tags/>
   <Layout>
      <Page ID="Page1" PHYSICAL_IMG_NR="1" HEIGHT="4057" WIDTH="5076">
         <TopMargin HEIGHT="0" WIDTH="5076" VPOS="0" HPOS="0"/>
         <LeftMargin HEIGHT="4057" WIDTH="0" VPOS="0" HPOS="0"/>
         <RightMargin HEIGHT="4057" WIDTH="0" VPOS="0" HPOS="5076"/>
         <BottomMargin HEIGHT="0" WIDTH="5076" VPOS="4057" HPOS="0"/>
         <PrintSpace HEIGHT="4057" WIDTH="5076" VPOS="0" HPOS="0">
            <TextBlock ID="r1" HEIGHT="3544" WIDTH="1840" VPOS="245" HPOS="496">
               <Shape>
                  <Polygon POINTS="496,245 496,3789 2336,3789 2336,245"/>
               </Shape>
               <TextLine ID="r1l1"
                         BASELINE="554,292 642,294 731,297 820,298 909,300 998,302 1087,302 1176,304 1265,304 1354,305 1443,306 1531,307 1620,308 1709,310 1798,312 1887,314 1976,318 2065,321 2154,327 2243,332 2332,338"
                         HEIGHT="116"
                         WIDTH="1778"
                         VPOS="245"
                         HPOS="554">
                  <String HEIGHT="116"
                          WIDTH="500"
                          VPOS="245"
                          HPOS="498"
                          CONTENT="efter"/>
                  <SP HEIGHT="116" WIDTH="56" VPOS="245" HPOS="999"/>
                  <String HEIGHT="116"
                          WIDTH="611"
                          VPOS="245"
                          HPOS="832"
                          CONTENT="anmälan"/>
                  <SP HEIGHT="116" WIDTH="56" VPOS="245" HPOS="1443"/>
                  <String HEIGHT="116"
                          WIDTH="333"
                          VPOS="245"
                          HPOS="1276"
                          CONTENT="af"/>
                  <SP HEIGHT="116" WIDTH="56" VPOS="245" HPOS="1610"/>
                  <String HEIGHT="116"
                          WIDTH="778"
                          VPOS="245"
                          HPOS="1443"
                          CONTENT="Handlanden"/>
                  <SP HEIGHT="116" WIDTH="56" VPOS="245" HPOS="2221"/>
                  <String HEIGHT="116"
                          WIDTH="333"
                          VPOS="245"
                          HPOS="1999"
                          CONTENT="Axel"/>
               </TextLine>
               <TextLine ID="r1l2"
                         BASELINE="534,388 624,390 714,392 804,394 894,395 984,396 1074,398 1164,400 1254,402 1344,404 1435,406 1525,408 1615,412 1705,414 1795,416 1885,418 1975,422 2065,424 2155,428 2245,432 2336,434"
                         HEIGHT="118"
                         WIDTH="1802"
                         VPOS="340"
                         HPOS="534">
                  <String HEIGHT="118"
                          WIDTH="584"
                          VPOS="340"
                          HPOS="485"
                          CONTENT="Larsson,"/>
                  <SP HEIGHT="118" WIDTH="49" VPOS="340" HPOS="1070"/>
                  <String HEIGHT="118"
                          WIDTH="487"
                          VPOS="340"
                          HPOS="924"
                          CONTENT="boende"/>
                  <SP HEIGHT="118" WIDTH="49" VPOS="340" HPOS="1411"/>
                  <String HEIGHT="118" WIDTH="244" VPOS="340" HPOS="1265" CONTENT="i"/>
                  <SP HEIGHT="118" WIDTH="49" VPOS="340" HPOS="1508"/>
                  <String HEIGHT="118"
                          WIDTH="438"
                          VPOS="340"
                          HPOS="1362"
                          CONTENT="huset"/>
                  <SP HEIGHT="118" WIDTH="49" VPOS="340" HPOS="1800"/>
                  <String HEIGHT="118"
                          WIDTH="292"
                          VPOS="340"
                          HPOS="1654"
                          CONTENT="No"/>
                  <SP HEIGHT="118" WIDTH="49" VPOS="340" HPOS="1946"/>
                  <String HEIGHT="118"
                          WIDTH="292"
                          VPOS="340"
                          HPOS="1800"
                          CONTENT="33"/>
                  <SP HEIGHT="118" WIDTH="49" VPOS="340" HPOS="2092"/>
                  <String HEIGHT="118"
                          WIDTH="341"
                          VPOS="340"
                          HPOS="1946"
                          CONTENT="vid"/>
                  <SP HEIGHT="118" WIDTH="49" VPOS="340" HPOS="2287"/>
                  <String HEIGHT="118"
                          WIDTH="244"
                          VPOS="340"
                          HPOS="2092"
                          CONTENT="Hu¬"
                          SUBS_TYPE="HypPart1"
                          SUBS_CONTENT="Husargatan,"/>
                  <HYP CONTENT="-"/>
               </TextLine>
               <TextLine ID="r1l3"
                         BASELINE="554,508 641,506 729,506 816,508 904,508 991,510 1079,512 1166,514 1254,516 1341,518 1429,521 1516,524 1604,526 1691,530 1779,532 1866,534 1954,536 2041,538 2129,540 2216,542 2304,542"
                         HEIGHT="111"
                         WIDTH="1750"
                         VPOS="456"
                         HPOS="554">
                  <String HEIGHT="111"
                          WIDTH="615"
                          VPOS="456"
                          HPOS="507"
                          CONTENT="sargatan,"
                          SUBS_TYPE="HypPart2"
                          SUBS_CONTENT="Husargatan,"/>
                  <SP HEIGHT="111" WIDTH="47" VPOS="456" HPOS="1122"/>
                  <String HEIGHT="111"
                          WIDTH="568"
                          VPOS="456"
                          HPOS="980"
                          CONTENT="anhallit"/>
                  <SP HEIGHT="111" WIDTH="47" VPOS="456" HPOS="1547"/>
                  <String HEIGHT="111"
                          WIDTH="757"
                          VPOS="456"
                          HPOS="1405"
                          CONTENT="arbetskarlen"/>
                  <SP HEIGHT="111" WIDTH="47" VPOS="456" HPOS="2162"/>
                  <String HEIGHT="111"
                          WIDTH="331"
                          VPOS="456"
                          HPOS="1973"
                          CONTENT="Claes"/>
               </TextLine>
               <TextLine ID="r1l4"
                         BASELINE="562,618 647,620 733,622 818,623 904,624 989,626 1075,628 1160,630 1246,632 1331,634 1417,636 1502,638 1588,640 1673,642 1759,644 1844,646 1930,648 2015,650 2101,652 2186,654 2272,656"
                         HEIGHT="113"
                         WIDTH="1710"
                         VPOS="568"
                         HPOS="562">
                  <String HEIGHT="113"
                          WIDTH="654"
                          VPOS="568"
                          HPOS="512"
                          CONTENT="Johansson"/>
                  <SP HEIGHT="113" WIDTH="50" VPOS="568" HPOS="1166"/>
                  <String HEIGHT="113"
                          WIDTH="503"
                          VPOS="568"
                          HPOS="1015"
                          CONTENT="boende"/>
                  <SP HEIGHT="113" WIDTH="50" VPOS="568" HPOS="1518"/>
                  <String HEIGHT="113" WIDTH="251" VPOS="568" HPOS="1367" CONTENT="i"/>
                  <SP HEIGHT="113" WIDTH="50" VPOS="568" HPOS="1618"/>
                  <String HEIGHT="113"
                          WIDTH="453"
                          VPOS="568"
                          HPOS="1467"
                          CONTENT="huset"/>
                  <SP HEIGHT="113" WIDTH="50" VPOS="568" HPOS="1920"/>
                  <String HEIGHT="113"
                          WIDTH="302"
                          VPOS="568"
                          HPOS="1769"
                          CONTENT="No"/>
                  <SP HEIGHT="113" WIDTH="50" VPOS="568" HPOS="2071"/>
                  <String HEIGHT="113"
                          WIDTH="302"
                          VPOS="568"
                          HPOS="1920"
                          CONTENT="17"/>
                  <SP HEIGHT="113" WIDTH="50" VPOS="568" HPOS="2222"/>
                  <String HEIGHT="113"
                          WIDTH="251"
                          VPOS="568"
                          HPOS="2021"
                          CONTENT="vid"/>
               </TextLine>
               <TextLine ID="r1l5"
                         BASELINE="544,738 631,738 719,738 807,740 895,740 983,742 1070,742 1158,742 1246,744 1334,744 1422,745 1509,746 1597,748 1685,748 1773,750 1861,752 1948,754 2036,756 2124,760 2212,762 2300,766"
                         HEIGHT="103"
                         WIDTH="1756"
                         VPOS="688"
                         HPOS="544">
                  <String HEIGHT="103"
                          WIDTH="878"
                          VPOS="688"
                          HPOS="492"
                          CONTENT="Snickaregatan"/>
                  <SP HEIGHT="103" WIDTH="52" VPOS="688" HPOS="1370"/>
                  <String HEIGHT="103"
                          WIDTH="362"
                          VPOS="688"
                          HPOS="1215"
                          CONTENT="för"/>
                  <SP HEIGHT="103" WIDTH="52" VPOS="688" HPOS="1577"/>
                  <String HEIGHT="103"
                          WIDTH="362"
                          VPOS="688"
                          HPOS="1422"
                          CONTENT="det"/>
                  <SP HEIGHT="103" WIDTH="52" VPOS="688" HPOS="1784"/>
                  <String HEIGHT="103"
                          WIDTH="362"
                          VPOS="688"
                          HPOS="1629"
                          CONTENT="han"/>
                  <SP HEIGHT="103" WIDTH="52" VPOS="688" HPOS="1990"/>
                  <String HEIGHT="103"
                          WIDTH="362"
                          VPOS="688"
                          HPOS="1835"
                          CONTENT="vid"/>
                  <SP HEIGHT="103" WIDTH="52" VPOS="688" HPOS="2197"/>
                  <String HEIGHT="103"
                          WIDTH="310"
                          VPOS="688"
                          HPOS="1990"
                          CONTENT="sag¬"
                          SUBS_TYPE="HypPart1"
                          SUBS_CONTENT="sagde"/>
                  <HYP CONTENT="-"/>
               </TextLine>
               <TextLine ID="r1l6"
                         BASELINE="540,850 628,848 717,848 806,846 895,846 984,846 1072,848 1161,848 1250,850 1339,852 1428,854 1516,856 1605,858 1694,860 1783,863 1872,865 1960,868 2049,870 2138,872 2227,873 2316,874"
                         HEIGHT="101"
                         WIDTH="1776"
                         VPOS="797"
                         HPOS="540">
                  <String HEIGHT="101"
                          WIDTH="280"
                          VPOS="797"
                          HPOS="493"
                          CONTENT="de"
                          SUBS_TYPE="HypPart2"
                          SUBS_CONTENT="sagde"/>
                  <SP HEIGHT="101" WIDTH="47" VPOS="797" HPOS="774"/>
                  <String HEIGHT="101"
                          WIDTH="374"
                          VPOS="797"
                          HPOS="633"
                          CONTENT="tid,"/>
                  <SP HEIGHT="101" WIDTH="47" VPOS="797" HPOS="1007"/>
                  <String HEIGHT="101" WIDTH="280" VPOS="797" HPOS="867" CONTENT="ur"/>
                  <SP HEIGHT="101" WIDTH="47" VPOS="797" HPOS="1148"/>
                  <String HEIGHT="101"
                          WIDTH="327"
                          VPOS="797"
                          HPOS="1007"
                          CONTENT="ett"/>
                  <SP HEIGHT="101" WIDTH="47" VPOS="797" HPOS="1335"/>
                  <String HEIGHT="101"
                          WIDTH="421"
                          VPOS="797"
                          HPOS="1194"
                          CONTENT="olåst"/>
                  <SP HEIGHT="101" WIDTH="47" VPOS="797" HPOS="1615"/>
                  <String HEIGHT="101"
                          WIDTH="561"
                          VPOS="797"
                          HPOS="1475"
                          CONTENT="vindsrum"/>
                  <SP HEIGHT="101" WIDTH="47" VPOS="797" HPOS="2036"/>
                  <String HEIGHT="101" WIDTH="234" VPOS="797" HPOS="1895" CONTENT="i"/>
                  <SP HEIGHT="101" WIDTH="47" VPOS="797" HPOS="2129"/>
                  <String HEIGHT="101"
                          WIDTH="374"
                          VPOS="797"
                          HPOS="1942"
                          CONTENT="först¬"
                          SUBS_TYPE="HypPart1"
                          SUBS_CONTENT="förstberörde"/>
                  <HYP CONTENT="-"/>
               </TextLine>
               <TextLine ID="r1l7"
                         BASELINE="534,960 623,958 712,956 801,956 890,956 979,956 1068,958 1157,958 1246,960 1335,960 1425,962 1514,964 1603,966 1692,967 1781,969 1870,970 1959,972 2048,972 2137,974 2226,974 2316,974"
                         HEIGHT="91"
                         WIDTH="1782"
                         VPOS="907"
                         HPOS="534">
                  <String HEIGHT="91"
                          WIDTH="530"
                          VPOS="907"
                          HPOS="486"
                          CONTENT="berörde"
                          SUBS_TYPE="HypPart2"
                          SUBS_CONTENT="förstberörde"/>
                  <SP HEIGHT="91" WIDTH="48" VPOS="907" HPOS="1016"/>
                  <String HEIGHT="91" WIDTH="337" VPOS="907" HPOS="871" CONTENT="hus"/>
                  <SP HEIGHT="91" WIDTH="48" VPOS="907" HPOS="1208"/>
                  <String HEIGHT="91"
                          WIDTH="674"
                          VPOS="907"
                          HPOS="1064"
                          CONTENT="tillgripit"/>
                  <SP HEIGHT="91" WIDTH="48" VPOS="907" HPOS="1738"/>
                  <String HEIGHT="91" WIDTH="289" VPOS="907" HPOS="1594" CONTENT="en"/>
                  <SP HEIGHT="91" WIDTH="48" VPOS="907" HPOS="1883"/>
                  <String HEIGHT="91"
                          WIDTH="482"
                          VPOS="907"
                          HPOS="1738"
                          CONTENT="mindre"/>
                  <SP HEIGHT="91" WIDTH="48" VPOS="907" HPOS="2220"/>
                  <String HEIGHT="91"
                          WIDTH="289"
                          VPOS="907"
                          HPOS="2027"
                          CONTENT="kaf¬"
                          SUBS_TYPE="HypPart1"
                          SUBS_CONTENT="kaffekittel,"/>
                  <HYP CONTENT="-"/>
               </TextLine>
               <TextLine ID="r1l8"
                         BASELINE="534,1070 622,1070 711,1070 799,1070 888,1070 976,1070 1065,1070 1153,1072 1242,1072 1330,1074 1419,1076 1507,1077 1596,1078 1684,1080 1773,1082 1861,1084 1950,1087 2038,1089 2127,1092 2215,1094 2304,1096"
                         HEIGHT="101"
                         WIDTH="1770"
                         VPOS="1020"
                         HPOS="534">
                  <String HEIGHT="101"
                          WIDTH="606"
                          VPOS="1020"
                          HPOS="487"
                          CONTENT="fekittel,"
                          SUBS_TYPE="HypPart2"
                          SUBS_CONTENT="kaffekittel,"/>
                  <SP HEIGHT="101" WIDTH="47" VPOS="1020" HPOS="1093"/>
                  <String HEIGHT="101"
                          WIDTH="279"
                          VPOS="1020"
                          HPOS="953"
                          CONTENT="en"/>
                  <SP HEIGHT="101" WIDTH="47" VPOS="1020" HPOS="1233"/>
                  <String HEIGHT="101"
                          WIDTH="699"
                          VPOS="1020"
                          HPOS="1093"
                          CONTENT="kaffegryta,"/>
                  <SP HEIGHT="101" WIDTH="47" VPOS="1020" HPOS="1792"/>
                  <String HEIGHT="101"
                          WIDTH="326"
                          VPOS="1020"
                          HPOS="1652"
                          CONTENT="och"/>
                  <SP HEIGHT="101" WIDTH="47" VPOS="1020" HPOS="1978"/>
                  <String HEIGHT="101"
                          WIDTH="279"
                          VPOS="1020"
                          HPOS="1838"
                          CONTENT="en"/>
                  <SP HEIGHT="101" WIDTH="47" VPOS="1020" HPOS="2118"/>
                  <String HEIGHT="101"
                          WIDTH="373"
                          VPOS="1020"
                          HPOS="1931"
                          CONTENT="kaffe¬"
                          SUBS_TYPE="HypPart1"
                          SUBS_CONTENT="kaffebrännare"/>
                  <HYP CONTENT="-"/>
               </TextLine>
               <TextLine ID="r1l9"
                         BASELINE="532,1192 617,1192 703,1190 788,1188 874,1188 960,1188 1045,1188 1131,1188 1216,1188 1302,1190 1388,1190 1473,1192 1559,1192 1644,1194 1730,1196 1816,1198 1901,1200 1987,1202 2072,1205 2158,1207 2244,1210"
                         HEIGHT="97"
                         WIDTH="1712"
                         VPOS="1138"
                         HPOS="532">
                  <String HEIGHT="97"
                          WIDTH="604"
                          VPOS="1138"
                          HPOS="482"
                          CONTENT="brännare"
                          SUBS_TYPE="HypPart2"
                          SUBS_CONTENT="kaffebrännare"/>
                  <SP HEIGHT="97" WIDTH="50" VPOS="1138" HPOS="1086"/>
                  <String HEIGHT="97"
                          WIDTH="755"
                          VPOS="1138"
                          HPOS="935"
                          CONTENT="tillsammans"/>
                  <SP HEIGHT="97" WIDTH="50" VPOS="1138" HPOS="1690"/>
                  <String HEIGHT="97"
                          WIDTH="453"
                          VPOS="1138"
                          HPOS="1539"
                          CONTENT="värde"/>
                  <SP HEIGHT="97" WIDTH="50" VPOS="1138" HPOS="1992"/>
                  <String HEIGHT="97"
                          WIDTH="302"
                          VPOS="1138"
                          HPOS="1841"
                          CONTENT="10"/>
                  <SP HEIGHT="97" WIDTH="50" VPOS="1138" HPOS="2143"/>
                  <String HEIGHT="97"
                          WIDTH="302"
                          VPOS="1138"
                          HPOS="1942"
                          CONTENT="kro¬"
                          SUBS_TYPE="HypPart1"
                          SUBS_CONTENT="kronor,"/>
                  <HYP CONTENT="-"/>
               </TextLine>
               <TextLine ID="r1l10"
                         BASELINE="548,1298 634,1300 721,1301 808,1302 895,1302 982,1304 1068,1304 1155,1304 1242,1306 1329,1306 1416,1306 1502,1308 1589,1308 1676,1309 1763,1310 1850,1312 1936,1314 2023,1316 2110,1320 2197,1322 2284,1326"
                         HEIGHT="103"
                         WIDTH="1736"
                         VPOS="1248"
                         HPOS="548">
                  <String HEIGHT="103"
                          WIDTH="397"
                          VPOS="1248"
                          HPOS="498"
                          CONTENT="nor,"
                          SUBS_TYPE="HypPart2"
                          SUBS_CONTENT="kronor,"/>
                  <SP HEIGHT="103" WIDTH="50" VPOS="1248" HPOS="895"/>
                  <String HEIGHT="103"
                          WIDTH="347"
                          VPOS="1248"
                          HPOS="746"
                          CONTENT="och"/>
                  <SP HEIGHT="103" WIDTH="50" VPOS="1248" HPOS="1094"/>
                  <String HEIGHT="103"
                          WIDTH="694"
                          VPOS="1248"
                          HPOS="945"
                          CONTENT="tillhörige"/>
                  <SP HEIGHT="103" WIDTH="50" VPOS="1248" HPOS="1639"/>
                  <String HEIGHT="103"
                          WIDTH="248"
                          VPOS="1248"
                          HPOS="1490"
                          CONTENT="i"/>
                  <SP HEIGHT="103" WIDTH="50" VPOS="1248" HPOS="1738"/>
                  <String HEIGHT="103"
                          WIDTH="446"
                          VPOS="1248"
                          HPOS="1590"
                          CONTENT="samma"/>
                  <SP HEIGHT="103" WIDTH="50" VPOS="1248" HPOS="2036"/>
                  <String HEIGHT="103"
                          WIDTH="347"
                          VPOS="1248"
                          HPOS="1887"
                          CONTENT="hus"/>
                  <SP HEIGHT="103" WIDTH="50" VPOS="1248" HPOS="2234"/>
                  <String HEIGHT="103"
                          WIDTH="248"
                          VPOS="1248"
                          HPOS="2036"
                          CONTENT="bo¬"
                          SUBS_TYPE="HypPart1"
                          SUBS_CONTENT="boende"/>
                  <HYP CONTENT="-"/>
               </TextLine>
               <TextLine ID="r1l11"
                         BASELINE="526,1412 604,1412 683,1414 762,1414 841,1416 920,1418 999,1420 1078,1422 1157,1424 1236,1426 1315,1427 1393,1428 1472,1431 1551,1432 1630,1434 1709,1436 1788,1438 1867,1438 1946,1440 2025,1440 2104,1440"
                         HEIGHT="94"
                         WIDTH="1578"
                         VPOS="1368"
                         HPOS="526">
                  <String HEIGHT="94"
                          WIDTH="435"
                          VPOS="1368"
                          HPOS="472"
                          CONTENT="ende"
                          SUBS_TYPE="HypPart2"
                          SUBS_CONTENT="boende"/>
                  <SP HEIGHT="94" WIDTH="54" VPOS="1368" HPOS="907"/>
                  <String HEIGHT="94"
                          WIDTH="544"
                          VPOS="1368"
                          HPOS="744"
                          CONTENT="Ogifta"/>
                  <SP HEIGHT="94" WIDTH="54" VPOS="1368" HPOS="1288"/>
                  <String HEIGHT="94"
                          WIDTH="653"
                          VPOS="1368"
                          HPOS="1125"
                          CONTENT="Mathilda"/>
                  <SP HEIGHT="94" WIDTH="54" VPOS="1368" HPOS="1778"/>
                  <String HEIGHT="94"
                          WIDTH="544"
                          VPOS="1368"
                          HPOS="1560"
                          CONTENT="Larsson."/>
               </TextLine>
               <TextLine ID="r1l12"
                         BASELINE="582,1504 669,1504 757,1504 844,1506 932,1507 1020,1509 1107,1512 1195,1514 1282,1516 1370,1519 1458,1522 1545,1524 1633,1527 1720,1530 1808,1530 1896,1532 1983,1534 2071,1534 2158,1534 2246,1532 2334,1530"
                         HEIGHT="96"
                         WIDTH="1752"
                         VPOS="1460"
                         HPOS="582">
                  <String HEIGHT="96"
                          WIDTH="690"
                          VPOS="1460"
                          HPOS="529"
                          CONTENT="Johansson"/>
                  <SP HEIGHT="96" WIDTH="53" VPOS="1460" HPOS="1219"/>
                  <String HEIGHT="96"
                          WIDTH="584"
                          VPOS="1460"
                          HPOS="1060"
                          CONTENT="hvilken"/>
                  <SP HEIGHT="96" WIDTH="53" VPOS="1460" HPOS="1644"/>
                  <String HEIGHT="96"
                          WIDTH="372"
                          VPOS="1460"
                          HPOS="1485"
                          CONTENT="vid"/>
                  <SP HEIGHT="96" WIDTH="53" VPOS="1460" HPOS="1856"/>
                  <String HEIGHT="96"
                          WIDTH="690"
                          VPOS="1460"
                          HPOS="1644"
                          CONTENT="anhållandet"/>
               </TextLine>
               <TextLine ID="r1l13"
                         BASELINE="538,1608 627,1608 716,1609 805,1610 894,1612 983,1612 1072,1614 1161,1616 1250,1618 1339,1621 1429,1624 1518,1626 1607,1628 1696,1631 1785,1634 1874,1636 1963,1639 2052,1642 2141,1644 2230,1646 2320,1650"
                         HEIGHT="117"
                         WIDTH="1782"
                         VPOS="1558"
                         HPOS="538">
                  <String HEIGHT="117"
                          WIDTH="578"
                          VPOS="1558"
                          HPOS="490"
                          CONTENT="dessutom"/>
                  <SP HEIGHT="117" WIDTH="48" VPOS="1558" HPOS="1068"/>
                  <String HEIGHT="117"
                          WIDTH="626"
                          VPOS="1558"
                          HPOS="923"
                          CONTENT="innehade,"/>
                  <SP HEIGHT="117" WIDTH="48" VPOS="1558" HPOS="1549"/>
                  <String HEIGHT="117"
                          WIDTH="241"
                          VPOS="1558"
                          HPOS="1405"
                          CONTENT="4"/>
                  <SP HEIGHT="117" WIDTH="48" VPOS="1558" HPOS="1646"/>
                  <String HEIGHT="117"
                          WIDTH="289"
                          VPOS="1558"
                          HPOS="1501"
                          CONTENT="st"/>
                  <SP HEIGHT="117" WIDTH="48" VPOS="1558" HPOS="1790"/>
                  <String HEIGHT="117"
                          WIDTH="578"
                          VPOS="1558"
                          HPOS="1646"
                          CONTENT="knifvar,"/>
                  <SP HEIGHT="117" WIDTH="48" VPOS="1558" HPOS="2224"/>
                  <String HEIGHT="117"
                          WIDTH="241"
                          VPOS="1558"
                          HPOS="2079"
                          CONTENT="2"/>
                  <SP HEIGHT="117" WIDTH="48" VPOS="1558" HPOS="2320"/>
                  <String HEIGHT="117"
                          WIDTH="193"
                          VPOS="1558"
                          HPOS="2127"
                          CONTENT="st"/>
               </TextLine>
               <TextLine ID="r1l15"
                         BASELINE="526,1730 613,1730 701,1730 789,1730 876,1730 964,1732 1052,1732 1139,1736 1227,1736 1315,1740 1403,1742 1490,1744 1578,1746 1666,1750 1753,1752 1841,1754 1929,1756 2016,1758 2104,1759 2192,1760 2280,1760"
                         HEIGHT="61"
                         WIDTH="1754"
                         VPOS="1709"
                         HPOS="526">
                  <String HEIGHT="61"
                          WIDTH="459"
                          VPOS="1709"
                          HPOS="484"
                          CONTENT="hamrar,"/>
                  <SP HEIGHT="61" WIDTH="42" VPOS="1709" HPOS="944"/>
                  <String HEIGHT="61" WIDTH="209" VPOS="1709" HPOS="818" CONTENT="4"/>
                  <SP HEIGHT="61" WIDTH="42" VPOS="1709" HPOS="1027"/>
                  <String HEIGHT="61" WIDTH="251" VPOS="1709" HPOS="902" CONTENT="st"/>
                  <SP HEIGHT="61" WIDTH="42" VPOS="1709" HPOS="1152"/>
                  <String HEIGHT="61"
                          WIDTH="418"
                          VPOS="1709"
                          HPOS="1027"
                          CONTENT="sylar,"/>
                  <SP HEIGHT="61" WIDTH="42" VPOS="1709" HPOS="1445"/>
                  <String HEIGHT="61" WIDTH="209" VPOS="1709" HPOS="1319" CONTENT="1"/>
                  <SP HEIGHT="61" WIDTH="42" VPOS="1709" HPOS="1528"/>
                  <String HEIGHT="61"
                          WIDTH="376"
                          VPOS="1709"
                          HPOS="1403"
                          CONTENT="tång,"/>
                  <SP HEIGHT="61" WIDTH="42" VPOS="1709" HPOS="1779"/>
                  <String HEIGHT="61" WIDTH="209" VPOS="1709" HPOS="1654" CONTENT="1"/>
                  <SP HEIGHT="61" WIDTH="42" VPOS="1709" HPOS="1862"/>
                  <String HEIGHT="61"
                          WIDTH="334"
                          VPOS="1709"
                          HPOS="1737"
                          CONTENT="fil,"/>
                  <SP HEIGHT="61" WIDTH="42" VPOS="1709" HPOS="2071"/>
                  <String HEIGHT="61" WIDTH="209" VPOS="1709" HPOS="1946" CONTENT="1"/>
                  <SP HEIGHT="61" WIDTH="42" VPOS="1709" HPOS="2155"/>
                  <String HEIGHT="61"
                          WIDTH="292"
                          VPOS="1709"
                          HPOS="1988"
                          CONTENT="rasp,"/>
               </TextLine>
               <TextLine ID="r1l16"
                         BASELINE="510,1854 597,1852 684,1850 771,1850 858,1850 945,1850 1032,1850 1119,1852 1206,1852 1293,1854 1381,1855 1468,1856 1555,1858 1642,1860 1729,1861 1816,1862 1903,1864 1990,1864 2077,1866 2164,1866 2252,1866"
                         HEIGHT="91"
                         WIDTH="1742"
                         VPOS="1800"
                         HPOS="510">
                  <String HEIGHT="91" WIDTH="264" VPOS="1800" HPOS="457" CONTENT="1"/>
                  <SP HEIGHT="91" WIDTH="53" VPOS="1800" HPOS="721"/>
                  <String HEIGHT="91"
                          WIDTH="581"
                          VPOS="1800"
                          HPOS="563"
                          CONTENT="mejsel,"/>
                  <SP HEIGHT="91" WIDTH="53" VPOS="1800" HPOS="1143"/>
                  <String HEIGHT="91"
                          WIDTH="370"
                          VPOS="1800"
                          HPOS="985"
                          CONTENT="och"/>
                  <SP HEIGHT="91" WIDTH="53" VPOS="1800" HPOS="1355"/>
                  <String HEIGHT="91"
                          WIDTH="317"
                          VPOS="1800"
                          HPOS="1196"
                          CONTENT="en"/>
                  <SP HEIGHT="91" WIDTH="53" VPOS="1800" HPOS="1513"/>
                  <String HEIGHT="91"
                          WIDTH="633"
                          VPOS="1800"
                          HPOS="1355"
                          CONTENT="spanrem,"/>
                  <SP HEIGHT="91" WIDTH="53" VPOS="1800" HPOS="1988"/>
                  <String HEIGHT="91"
                          WIDTH="370"
                          VPOS="1800"
                          HPOS="1830"
                          CONTENT="har"/>
                  <SP HEIGHT="91" WIDTH="53" VPOS="1800" HPOS="2199"/>
                  <String HEIGHT="91"
                          WIDTH="264"
                          VPOS="1800"
                          HPOS="1988"
                          CONTENT="vid"/>
               </TextLine>
               <TextLine ID="r1l17"
                         BASELINE="530,1978 615,1974 701,1972 787,1972 873,1970 959,1968 1045,1968 1131,1968 1217,1968 1303,1970 1389,1970 1474,1970 1560,1972 1646,1972 1732,1974 1818,1974 1904,1976 1990,1976 2076,1978 2162,1978 2248,1978"
                         HEIGHT="85"
                         WIDTH="1718"
                         VPOS="1918"
                         HPOS="530">
                  <String HEIGHT="85"
                          WIDTH="388"
                          VPOS="1918"
                          HPOS="475"
                          CONTENT="det"/>
                  <SP HEIGHT="85" WIDTH="55" VPOS="1918" HPOS="863"/>
                  <String HEIGHT="85"
                          WIDTH="388"
                          VPOS="1918"
                          HPOS="696"
                          CONTENT="med"/>
                  <SP HEIGHT="85" WIDTH="55" VPOS="1918" HPOS="1084"/>
                  <String HEIGHT="85"
                          WIDTH="499"
                          VPOS="1918"
                          HPOS="918"
                          CONTENT="honom"/>
                  <SP HEIGHT="85" WIDTH="55" VPOS="1918" HPOS="1417"/>
                  <String HEIGHT="85" WIDTH="277" VPOS="1918" HPOS="1250" CONTENT="i"/>
                  <SP HEIGHT="85" WIDTH="55" VPOS="1918" HPOS="1528"/>
                  <String HEIGHT="85"
                          WIDTH="720"
                          VPOS="1918"
                          HPOS="1361"
                          CONTENT="anledning"/>
                  <SP HEIGHT="85" WIDTH="55" VPOS="1918" HPOS="2082"/>
                  <String HEIGHT="85"
                          WIDTH="388"
                          VPOS="1918"
                          HPOS="1860"
                          CONTENT="häraf"/>
               </TextLine>
               <TextLine ID="r1l18"
                         BASELINE="530,2092 613,2090 696,2090 779,2090 862,2090 946,2090 1029,2090 1112,2090 1195,2090 1278,2090 1362,2092 1445,2092 1528,2092 1611,2092 1694,2094 1778,2094 1861,2094 1944,2094 2027,2096 2110,2096 2194,2096"
                         HEIGHT="81"
                         WIDTH="1664"
                         VPOS="2040"
                         HPOS="530">
                  <String HEIGHT="81"
                          WIDTH="644"
                          VPOS="2040"
                          HPOS="476"
                          CONTENT="anstälda"/>
                  <SP HEIGHT="81" WIDTH="54" VPOS="2040" HPOS="1120"/>
                  <String HEIGHT="81"
                          WIDTH="537"
                          VPOS="2040"
                          HPOS="959"
                          CONTENT="förhör"/>
                  <SP HEIGHT="81" WIDTH="54" VPOS="2040" HPOS="1496"/>
                  <String HEIGHT="81"
                          WIDTH="590"
                          VPOS="2040"
                          HPOS="1335"
                          CONTENT="vidgått"/>
                  <SP HEIGHT="81" WIDTH="54" VPOS="2040" HPOS="1926"/>
                  <String HEIGHT="81"
                          WIDTH="376"
                          VPOS="2040"
                          HPOS="1765"
                          CONTENT="att"/>
                  <SP HEIGHT="81" WIDTH="54" VPOS="2040" HPOS="2140"/>
                  <String HEIGHT="81"
                          WIDTH="268"
                          VPOS="2040"
                          HPOS="1926"
                          CONTENT="han"/>
               </TextLine>
               <TextLine ID="r1l19"
                         BASELINE="532,2208 620,2208 709,2208 798,2208 887,2208 976,2208 1064,2208 1153,2210 1242,2210 1331,2212 1420,2212 1508,2212 1597,2214 1686,2214 1775,2214 1864,2216 1952,2216 2041,2216 2130,2215 2219,2214 2308,2214"
                         HEIGHT="83"
                         WIDTH="1776"
                         VPOS="2158"
                         HPOS="532">
                  <String HEIGHT="83"
                          WIDTH="377"
                          VPOS="2158"
                          HPOS="478"
                          CONTENT="som"/>
                  <SP HEIGHT="83" WIDTH="54" VPOS="2158" HPOS="855"/>
                  <String HEIGHT="83"
                          WIDTH="377"
                          VPOS="2158"
                          HPOS="693"
                          CONTENT="vid"/>
                  <SP HEIGHT="83" WIDTH="54" VPOS="2158" HPOS="1070"/>
                  <String HEIGHT="83"
                          WIDTH="807"
                          VPOS="2158"
                          HPOS="909"
                          CONTENT="ifrågakomne"/>
                  <SP HEIGHT="83" WIDTH="54" VPOS="2158" HPOS="1716"/>
                  <String HEIGHT="83"
                          WIDTH="700"
                          VPOS="2158"
                          HPOS="1555"
                          CONTENT="tillfälle"/>
                  <SP HEIGHT="83" WIDTH="54" VPOS="2158" HPOS="2254"/>
                  <String HEIGHT="83"
                          WIDTH="269"
                          VPOS="2158"
                          HPOS="2039"
                          CONTENT="va¬"
                          SUBS_TYPE="HypPart1"
                          SUBS_CONTENT="varit"/>
                  <HYP CONTENT="-"/>
               </TextLine>
               <TextLine ID="r1l20"
                         BASELINE="524,2330 608,2328 693,2326 777,2324 862,2324 947,2324 1031,2322 1116,2322 1200,2322 1285,2322 1370,2324 1454,2324 1539,2324 1623,2326 1708,2326 1793,2328 1877,2328 1962,2330 2046,2332 2131,2334 2216,2336"
                         HEIGHT="89"
                         WIDTH="1692"
                         VPOS="2272"
                         HPOS="524">
                  <String HEIGHT="89"
                          WIDTH="370"
                          VPOS="2272"
                          HPOS="471"
                          CONTENT="rit"
                          SUBS_TYPE="HypPart2"
                          SUBS_CONTENT="varit"/>
                  <SP HEIGHT="89" WIDTH="53" VPOS="2272" HPOS="841"/>
                  <String HEIGHT="89"
                          WIDTH="476"
                          VPOS="2272"
                          HPOS="683"
                          CONTENT="något"/>
                  <SP HEIGHT="89" WIDTH="53" VPOS="2272" HPOS="1159"/>
                  <String HEIGHT="89"
                          WIDTH="635"
                          VPOS="2272"
                          HPOS="1000"
                          CONTENT="berusad,"/>
                  <SP HEIGHT="89" WIDTH="53" VPOS="2272" HPOS="1634"/>
                  <String HEIGHT="89"
                          WIDTH="370"
                          VPOS="2272"
                          HPOS="1476"
                          CONTENT="och"/>
                  <SP HEIGHT="89" WIDTH="53" VPOS="2272" HPOS="1846"/>
                  <String HEIGHT="89"
                          WIDTH="582"
                          VPOS="2272"
                          HPOS="1687"
                          CONTENT="uppgått"/>
                  <SP HEIGHT="89" WIDTH="53" VPOS="2272" HPOS="2269"/>
                  <String HEIGHT="89" WIDTH="159" VPOS="2272" HPOS="2057" CONTENT="i"/>
               </TextLine>
               <TextLine ID="r1l21"
                         BASELINE="522,2448 610,2446 699,2446 788,2444 876,2444 965,2443 1054,2442 1142,2442 1231,2442 1320,2442 1409,2444 1497,2444 1586,2446 1675,2448 1763,2450 1852,2452 1941,2455 2029,2458 2118,2462 2207,2468 2296,2472"
                         HEIGHT="105"
                         WIDTH="1774"
                         VPOS="2392"
                         HPOS="522">
                  <String HEIGHT="105"
                          WIDTH="710"
                          VPOS="2392"
                          HPOS="471"
                          CONTENT="försnämnde"/>
                  <SP HEIGHT="105" WIDTH="51" VPOS="2392" HPOS="1181"/>
                  <String HEIGHT="105"
                          WIDTH="405"
                          VPOS="2392"
                          HPOS="1029"
                          CONTENT="hus,"/>
                  <SP HEIGHT="105" WIDTH="51" VPOS="2392" HPOS="1434"/>
                  <String HEIGHT="105"
                          WIDTH="355"
                          VPOS="2392"
                          HPOS="1282"
                          CONTENT="för"/>
                  <SP HEIGHT="105" WIDTH="51" VPOS="2392" HPOS="1637"/>
                  <String HEIGHT="105"
                          WIDTH="355"
                          VPOS="2392"
                          HPOS="1485"
                          CONTENT="att"/>
                  <SP HEIGHT="105" WIDTH="51" VPOS="2392" HPOS="1840"/>
                  <String HEIGHT="105"
                          WIDTH="405"
                          VPOS="2392"
                          HPOS="1688"
                          CONTENT="söka"/>
                  <SP HEIGHT="105" WIDTH="51" VPOS="2392" HPOS="2093"/>
                  <String HEIGHT="105"
                          WIDTH="304"
                          VPOS="2392"
                          HPOS="1941"
                          CONTENT="en"/>
                  <SP HEIGHT="105" WIDTH="51" VPOS="2392" HPOS="2245"/>
                  <String HEIGHT="105"
                          WIDTH="253"
                          VPOS="2392"
                          HPOS="2043"
                          CONTENT="be¬"
                          SUBS_TYPE="HypPart1"
                          SUBS_CONTENT="bekant"/>
                  <HYP CONTENT="-"/>
               </TextLine>
               <TextLine ID="r1l22"
                         BASELINE="520,2562 610,2561 700,2560 790,2558 880,2558 971,2558 1061,2558 1151,2558 1241,2560 1331,2562 1422,2564 1512,2566 1602,2569 1692,2572 1782,2576 1873,2580 1963,2584 2053,2589 2143,2592 2233,2598 2324,2604"
                         HEIGHT="112"
                         WIDTH="1804"
                         VPOS="2514"
                         HPOS="520">
                  <String HEIGHT="112"
                          WIDTH="352"
                          VPOS="2514"
                          HPOS="476"
                          CONTENT="kant"
                          SUBS_TYPE="HypPart2"
                          SUBS_CONTENT="bekant"/>
                  <SP HEIGHT="112" WIDTH="44" VPOS="2514" HPOS="828"/>
                  <String HEIGHT="112"
                          WIDTH="484"
                          VPOS="2514"
                          HPOS="696"
                          CONTENT="person,"/>
                  <SP HEIGHT="112" WIDTH="44" VPOS="2514" HPOS="1180"/>
                  <String HEIGHT="112"
                          WIDTH="308"
                          VPOS="2514"
                          HPOS="1048"
                          CONTENT="det"/>
                  <SP HEIGHT="112" WIDTH="44" VPOS="2514" HPOS="1356"/>
                  <String HEIGHT="112"
                          WIDTH="616"
                          VPOS="2514"
                          HPOS="1224"
                          CONTENT="tillgripit"/>
                  <SP HEIGHT="112" WIDTH="44" VPOS="2514" HPOS="1840"/>
                  <String HEIGHT="112"
                          WIDTH="660"
                          VPOS="2514"
                          HPOS="1664"
                          CONTENT="kaffekitteln,"/>
               </TextLine>
               <TextLine ID="r1l23"
                         BASELINE="536,2674 625,2672 715,2672 804,2674 894,2674 984,2676 1073,2676 1163,2678 1252,2680 1342,2682 1432,2684 1521,2686 1611,2688 1700,2690 1790,2692 1880,2693 1969,2694 2059,2694 2148,2694 2238,2694 2328,2694"
                         HEIGHT="88"
                         WIDTH="1792"
                         VPOS="2628"
                         HPOS="536">
                  <String HEIGHT="88"
                          WIDTH="726"
                          VPOS="2628"
                          HPOS="488"
                          CONTENT="kaffegrytan"/>
                  <SP HEIGHT="88" WIDTH="48" VPOS="2628" HPOS="1214"/>
                  <String HEIGHT="88"
                          WIDTH="339"
                          VPOS="2628"
                          HPOS="1069"
                          CONTENT="och"/>
                  <SP HEIGHT="88" WIDTH="48" VPOS="2628" HPOS="1408"/>
                  <String HEIGHT="88"
                          WIDTH="920"
                          VPOS="2628"
                          HPOS="1262"
                          CONTENT="kaffebrännaren,"/>
                  <SP HEIGHT="88" WIDTH="48" VPOS="2628" HPOS="2183"/>
                  <String HEIGHT="88"
                          WIDTH="339"
                          VPOS="2628"
                          HPOS="1989"
                          CONTENT="hvar¬"
                          SUBS_TYPE="HypPart1"
                          SUBS_CONTENT="hvaremot"/>
                  <HYP CONTENT="-"/>
               </TextLine>
               <TextLine ID="r1l24"
                         BASELINE="512,2790 602,2788 692,2786 782,2786 873,2786 963,2786 1053,2786 1144,2787 1234,2788 1324,2790 1415,2792 1505,2794 1595,2797 1685,2800 1776,2802 1866,2805 1956,2806 2047,2810 2137,2812 2227,2814 2318,2816"
                         HEIGHT="105"
                         WIDTH="1806"
                         VPOS="2736"
                         HPOS="512">
                  <String HEIGHT="105"
                          WIDTH="425"
                          VPOS="2736"
                          HPOS="459"
                          CONTENT="emot"
                          SUBS_TYPE="HypPart2"
                          SUBS_CONTENT="hvaremot"/>
                  <SP HEIGHT="105" WIDTH="53" VPOS="2736" HPOS="884"/>
                  <String HEIGHT="105"
                          WIDTH="372"
                          VPOS="2736"
                          HPOS="724"
                          CONTENT="han"/>
                  <SP HEIGHT="105" WIDTH="53" VPOS="2736" HPOS="1096"/>
                  <String HEIGHT="105"
                          WIDTH="637"
                          VPOS="2736"
                          HPOS="937"
                          CONTENT="förnekat"/>
                  <SP HEIGHT="105" WIDTH="53" VPOS="2736" HPOS="1574"/>
                  <String HEIGHT="105"
                          WIDTH="372"
                          VPOS="2736"
                          HPOS="1415"
                          CONTENT="att"/>
                  <SP HEIGHT="105" WIDTH="53" VPOS="2736" HPOS="1787"/>
                  <String HEIGHT="105"
                          WIDTH="372"
                          VPOS="2736"
                          HPOS="1627"
                          CONTENT="han"/>
                  <SP HEIGHT="105" WIDTH="53" VPOS="2736" HPOS="1999"/>
                  <String HEIGHT="105"
                          WIDTH="531"
                          VPOS="2736"
                          HPOS="1787"
                          CONTENT="innehaft"/>
               </TextLine>
               <TextLine ID="r1l25"
                         BASELINE="512,2902 600,2902 689,2902 777,2904 866,2904 955,2904 1043,2906 1132,2908 1220,2908 1309,2910 1398,2912 1486,2914 1575,2916 1663,2919 1752,2922 1841,2924 1929,2926 2018,2928 2106,2930 2195,2932 2284,2934"
                         HEIGHT="107"
                         WIDTH="1772"
                         VPOS="2852"
                         HPOS="512">
                  <String HEIGHT="107"
                          WIDTH="420"
                          VPOS="2852"
                          HPOS="465"
                          CONTENT="eller"/>
                  <SP HEIGHT="107" WIDTH="47" VPOS="2852" HPOS="885"/>
                  <String HEIGHT="107"
                          WIDTH="653"
                          VPOS="2852"
                          HPOS="745"
                          CONTENT="tillgripit"/>
                  <SP HEIGHT="107" WIDTH="47" VPOS="2852" HPOS="1398"/>
                  <String HEIGHT="107"
                          WIDTH="420"
                          VPOS="2852"
                          HPOS="1258"
                          CONTENT="ofvan"/>
                  <SP HEIGHT="107" WIDTH="47" VPOS="2852" HPOS="1678"/>
                  <String HEIGHT="107"
                          WIDTH="653"
                          VPOS="2852"
                          HPOS="1538"
                          CONTENT="antecknade"/>
                  <SP HEIGHT="107" WIDTH="47" VPOS="2852" HPOS="2191"/>
                  <String HEIGHT="107"
                          WIDTH="280"
                          VPOS="2852"
                          HPOS="2004"
                          CONTENT="sko¬"
                          SUBS_TYPE="HypPart1"
                          SUBS_CONTENT="skomakareverktyg."/>
                  <HYP CONTENT="-"/>
               </TextLine>
               <TextLine ID="r1l26"
                         BASELINE="514,3016 554,3014 595,3014 635,3014 676,3012 716,3012 757,3012 797,3012 838,3012 878,3012 919,3012 959,3012 1000,3012 1040,3014 1081,3014 1121,3016 1162,3016 1202,3018 1243,3019 1283,3020 1324,3022"
                         HEIGHT="71"
                         WIDTH="810"
                         VPOS="2971"
                         HPOS="514">
                  <String HEIGHT="71"
                          WIDTH="926"
                          VPOS="2971"
                          HPOS="398"
                          CONTENT="makareverktyg."
                          SUBS_TYPE="HypPart2"
                          SUBS_CONTENT="skomakareverktyg."/>
               </TextLine>
               <TextLine ID="r1l27"
                         BASELINE="616,3118 700,3114 784,3110 868,3107 952,3106 1036,3104 1120,3104 1204,3104 1288,3104 1372,3106 1457,3108 1541,3110 1625,3112 1709,3114 1793,3118 1877,3120 1961,3123 2045,3126 2129,3128 2213,3131 2298,3134"
                         HEIGHT="91"
                         WIDTH="1682"
                         VPOS="3063"
                         HPOS="616">
                  <String HEIGHT="91"
                          WIDTH="812"
                          VPOS="3063"
                          HPOS="558"
                          CONTENT="Handlanden"/>
                  <SP HEIGHT="91" WIDTH="58" VPOS="3063" HPOS="1370"/>
                  <String HEIGHT="91"
                          WIDTH="464"
                          VPOS="3063"
                          HPOS="1196"
                          CONTENT="Axel"/>
                  <SP HEIGHT="91" WIDTH="58" VPOS="3063" HPOS="1660"/>
                  <String HEIGHT="91"
                          WIDTH="696"
                          VPOS="3063"
                          HPOS="1486"
                          CONTENT="Larsson,"/>
                  <SP HEIGHT="91" WIDTH="58" VPOS="3063" HPOS="2182"/>
                  <String HEIGHT="91"
                          WIDTH="406"
                          VPOS="3063"
                          HPOS="2008"
                          CONTENT="och"/>
                  <SP HEIGHT="91" WIDTH="58" VPOS="3063" HPOS="2414"/>
                  <String HEIGHT="91" WIDTH="116" VPOS="3063" HPOS="2182" CONTENT=""/>
               </TextLine>
               <TextLine ID="r1l28"
                         BASELINE="522,3216 611,3211 701,3207 790,3204 880,3202 969,3201 1059,3200 1148,3202 1238,3202 1327,3204 1417,3206 1506,3209 1596,3212 1685,3215 1775,3218 1864,3222 1954,3225 2043,3228 2133,3230 2222,3232 2312,3234"
                         HEIGHT="100"
                         WIDTH="1790"
                         VPOS="3156"
                         HPOS="522">
                  <String HEIGHT="100"
                          WIDTH="924"
                          VPOS="3156"
                          HPOS="464"
                          CONTENT="Månadskarlen"/>
                  <SP HEIGHT="100" WIDTH="58" VPOS="3156" HPOS="1388"/>
                  <String HEIGHT="100"
                          WIDTH="520"
                          VPOS="3156"
                          HPOS="1215"
                          CONTENT="Johan"/>
                  <SP HEIGHT="100" WIDTH="58" VPOS="3156" HPOS="1735"/>
                  <String HEIGHT="100"
                          WIDTH="635"
                          VPOS="3156"
                          HPOS="1561"
                          CONTENT="Wilhelm"/>
                  <SP HEIGHT="100" WIDTH="58" VPOS="3156" HPOS="2197"/>
                  <String HEIGHT="100"
                          WIDTH="346"
                          VPOS="3156"
                          HPOS="1966"
                          CONTENT="Fal¬"
                          SUBS_TYPE="HypPart1"
                          SUBS_CONTENT="Falkenstjerna"/>
                  <HYP CONTENT="-"/>
               </TextLine>
               <TextLine ID="r1l29"
                         BASELINE="522,3318 611,3316 701,3312 790,3311 880,3310 970,3308 1059,3308 1149,3310 1238,3310 1328,3310 1418,3312 1507,3314 1597,3314 1686,3316 1776,3318 1866,3320 1955,3320 2045,3322 2134,3322 2224,3324 2314,3324"
                         HEIGHT="82"
                         WIDTH="1792"
                         VPOS="3264"
                         HPOS="522">
                  <String HEIGHT="82"
                          WIDTH="717"
                          VPOS="3264"
                          HPOS="471"
                          CONTENT="kenstjerna"
                          SUBS_TYPE="HypPart2"
                          SUBS_CONTENT="Falkenstjerna"/>
                  <SP HEIGHT="82" WIDTH="51" VPOS="3264" HPOS="1188"/>
                  <String HEIGHT="82"
                          WIDTH="410"
                          VPOS="3264"
                          HPOS="1034"
                          CONTENT="båda"/>
                  <SP HEIGHT="82" WIDTH="51" VPOS="3264" HPOS="1444"/>
                  <String HEIGHT="82"
                          WIDTH="614"
                          VPOS="3264"
                          HPOS="1290"
                          CONTENT="anstälde"/>
                  <SP HEIGHT="82" WIDTH="51" VPOS="3264" HPOS="1904"/>
                  <String HEIGHT="82"
                          WIDTH="358"
                          VPOS="3264"
                          HPOS="1751"
                          CONTENT="och"/>
                  <SP HEIGHT="82" WIDTH="51" VPOS="3264" HPOS="2109"/>
                  <String HEIGHT="82"
                          WIDTH="410"
                          VPOS="3264"
                          HPOS="1904"
                          CONTENT="boende"/>
               </TextLine>
               <TextLine ID="r1l30"
                         BASELINE="518,3424 608,3424 699,3424 790,3422 880,3422 971,3422 1062,3422 1152,3424 1243,3424 1334,3424 1425,3424 1515,3426 1606,3426 1697,3426 1787,3426 1878,3428 1969,3428 2059,3428 2150,3428 2241,3426 2332,3426"
                         HEIGHT="81"
                         WIDTH="1814"
                         VPOS="3372"
                         HPOS="518">
                  <String HEIGHT="81"
                          WIDTH="373"
                          VPOS="3372"
                          HPOS="465"
                          CONTENT="hos"/>
                  <SP HEIGHT="81" WIDTH="53" VPOS="3372" HPOS="838"/>
                  <String HEIGHT="81"
                          WIDTH="747"
                          VPOS="3372"
                          HPOS="678"
                          CONTENT="ofvannämde"/>
                  <SP HEIGHT="81" WIDTH="53" VPOS="3372" HPOS="1425"/>
                  <String HEIGHT="81"
                          WIDTH="640"
                          VPOS="3372"
                          HPOS="1265"
                          CONTENT="Larsson,"/>
                  <SP HEIGHT="81" WIDTH="53" VPOS="3372" HPOS="1905"/>
                  <String HEIGHT="81"
                          WIDTH="480"
                          VPOS="3372"
                          HPOS="1745"
                          CONTENT="hafva"/>
                  <SP HEIGHT="81" WIDTH="53" VPOS="3372" HPOS="2225"/>
                  <String HEIGHT="81"
                          WIDTH="320"
                          VPOS="3372"
                          HPOS="2012"
                          CONTENT="upp¬"
                          SUBS_TYPE="HypPart1"
                          SUBS_CONTENT="upplyst"/>
                  <HYP CONTENT="-"/>
               </TextLine>
               <TextLine ID="r1l31"
                         BASELINE="502,3534 592,3532 683,3530 774,3528 864,3526 955,3524 1046,3524 1136,3524 1227,3525 1318,3526 1409,3526 1499,3528 1590,3530 1681,3532 1771,3534 1862,3536 1953,3537 2043,3540 2134,3542 2225,3544 2316,3546"
                         HEIGHT="97"
                         WIDTH="1814"
                         VPOS="3474"
                         HPOS="502">
                  <String HEIGHT="97"
                          WIDTH="415"
                          VPOS="3474"
                          HPOS="450"
                          CONTENT="lyst"
                          SUBS_TYPE="HypPart2"
                          SUBS_CONTENT="upplyst"/>
                  <SP HEIGHT="97" WIDTH="52" VPOS="3474" HPOS="865"/>
                  <String HEIGHT="97"
                          WIDTH="363"
                          VPOS="3474"
                          HPOS="709"
                          CONTENT="att"/>
                  <SP HEIGHT="97" WIDTH="52" VPOS="3474" HPOS="1072"/>
                  <String HEIGHT="97" WIDTH="311" VPOS="3474" HPOS="917" CONTENT="de"/>
                  <SP HEIGHT="97" WIDTH="52" VPOS="3474" HPOS="1228"/>
                  <String HEIGHT="97"
                          WIDTH="415"
                          VPOS="3474"
                          HPOS="1072"
                          CONTENT="sett"/>
                  <SP HEIGHT="97" WIDTH="52" VPOS="3474" HPOS="1487"/>
                  <String HEIGHT="97"
                          WIDTH="674"
                          VPOS="3474"
                          HPOS="1331"
                          CONTENT="Johansson"/>
                  <SP HEIGHT="97" WIDTH="52" VPOS="3474" HPOS="2005"/>
                  <String HEIGHT="97"
                          WIDTH="518"
                          VPOS="3474"
                          HPOS="1798"
                          CONTENT="innehaf¬"
                          SUBS_TYPE="HypPart1"
                          SUBS_CONTENT="innehafva"/>
                  <HYP CONTENT="-"/>
               </TextLine>
               <TextLine ID="r1l32"
                         BASELINE="498,3636 588,3634 679,3632 769,3630 860,3630 950,3630 1041,3630 1131,3630 1222,3632 1312,3632 1403,3634 1493,3636 1584,3638 1674,3640 1765,3642 1855,3644 1946,3646 2036,3648 2127,3650 2217,3652 2308,3652"
                         HEIGHT="97"
                         WIDTH="1810"
                         VPOS="3580"
                         HPOS="498">
                  <String HEIGHT="97"
                          WIDTH="329"
                          VPOS="3580"
                          HPOS="443"
                          CONTENT="va"
                          SUBS_TYPE="HypPart2"
                          SUBS_CONTENT="innehafva"/>
                  <SP HEIGHT="97" WIDTH="55" VPOS="3580" HPOS="772"/>
                  <String HEIGHT="97"
                          WIDTH="768"
                          VPOS="3580"
                          HPOS="608"
                          CONTENT="verktygen,"/>
                  <SP HEIGHT="97" WIDTH="55" VPOS="3580" HPOS="1376"/>
                  <String HEIGHT="97"
                          WIDTH="384"
                          VPOS="3580"
                          HPOS="1211"
                          CONTENT="som"/>
                  <SP HEIGHT="97" WIDTH="55" VPOS="3580" HPOS="1595"/>
                  <String HEIGHT="97"
                          WIDTH="603"
                          VPOS="3580"
                          HPOS="1430"
                          CONTENT="Larsson"/>
                  <SP HEIGHT="97" WIDTH="55" VPOS="3580" HPOS="2034"/>
                  <String HEIGHT="97"
                          WIDTH="494"
                          VPOS="3580"
                          HPOS="1814"
                          CONTENT="dessut¬"
                          SUBS_TYPE="HypPart1"
                          SUBS_CONTENT="dessutom"/>
                  <HYP CONTENT="-"/>
               </TextLine>
               <TextLine ID="r1l33"
                         BASELINE="496,3744 586,3744 676,3742 766,3742 857,3742 947,3742 1037,3742 1128,3744 1218,3744 1308,3746 1399,3746 1489,3748 1579,3750 1669,3750 1760,3752 1850,3754 1940,3756 2031,3758 2121,3760 2211,3762 2302,3764"
                         HEIGHT="97"
                         WIDTH="1806"
                         VPOS="3692"
                         HPOS="496">
                  <String HEIGHT="97"
                          WIDTH="328"
                          VPOS="3692"
                          HPOS="441"
                          CONTENT="om"
                          SUBS_TYPE="HypPart2"
                          SUBS_CONTENT="dessutom"/>
                  <SP HEIGHT="97" WIDTH="55" VPOS="3692" HPOS="770"/>
                  <String HEIGHT="97"
                          WIDTH="438"
                          VPOS="3692"
                          HPOS="605"
                          CONTENT="sett"/>
                  <SP HEIGHT="97" WIDTH="55" VPOS="3692" HPOS="1043"/>
                  <String HEIGHT="97"
                          WIDTH="711"
                          VPOS="3692"
                          HPOS="879"
                          CONTENT="Johansson"/>
                  <SP HEIGHT="97" WIDTH="55" VPOS="3692" HPOS="1591"/>
                  <String HEIGHT="97"
                          WIDTH="493"
                          VPOS="3692"
                          HPOS="1426"
                          CONTENT="kasta"/>
                  <SP HEIGHT="97" WIDTH="55" VPOS="3692" HPOS="1919"/>
                  <String HEIGHT="97"
                          WIDTH="493"
                          VPOS="3692"
                          HPOS="1755"
                          CONTENT="ifrån"/>
                  <SP HEIGHT="97" WIDTH="55" VPOS="3692" HPOS="2247"/>
                  <String HEIGHT="97"
                          WIDTH="274"
                          VPOS="3692"
                          HPOS="2028"
                          CONTENT="sig"/>
               </TextLine>
            </TextBlock>
            <TextBlock ID="TextRegion_1584527251809_1179"
                       HEIGHT="91"
                       WIDTH="1866"
                       VPOS="244"
                       HPOS="2732">
               <Shape>
                  <Polygon POINTS="2732,244 4598,244 4598,335 2732,335"/>
               </Shape>
               <TextLine ID="r3l1"
                         BASELINE="2738,302 2820,300 2902,298 2985,296 3067,296 3150,294 3232,294 3314,294 3397,294 3479,294 3562,294 3644,294 3726,294 3809,294 3891,294 3974,294 4056,294 4138,292 4221,292 4303,290 4386,290"
                         HEIGHT="81"
                         WIDTH="1648"
                         VPOS="244"
                         HPOS="2738">
                  <String HEIGHT="81" WIDTH="250" VPOS="244" HPOS="2688" CONTENT="i"/>
                  <SP HEIGHT="81" WIDTH="50" VPOS="244" HPOS="2938"/>
                  <String HEIGHT="81"
                          WIDTH="699"
                          VPOS="244"
                          HPOS="2788"
                          CONTENT="portgången"/>
                  <SP HEIGHT="81" WIDTH="50" VPOS="244" HPOS="3487"/>
                  <String HEIGHT="81"
                          WIDTH="400"
                          VPOS="244"
                          HPOS="3337"
                          CONTENT="till"/>
                  <SP HEIGHT="81" WIDTH="50" VPOS="244" HPOS="3737"/>
                  <String HEIGHT="81"
                          WIDTH="699"
                          VPOS="244"
                          HPOS="3587"
                          CONTENT="sistnämnde"/>
                  <SP HEIGHT="81" WIDTH="50" VPOS="244" HPOS="4286"/>
                  <String HEIGHT="81"
                          WIDTH="300"
                          VPOS="244"
                          HPOS="4086"
                          CONTENT="hus."/>
               </TextLine>
            </TextBlock>
            <TextBlock ID="TextRegion_1584527311160_1208"
                       HEIGHT="422"
                       WIDTH="1869"
                       VPOS="1073"
                       HPOS="2729">
               <Shape>
                  <Polygon POINTS="2729,1111 4598,1073 4598,1495 2729,1495"/>
               </Shape>
               <TextLine ID="r3l9"
                         BASELINE="2826,1174 2912,1172 2998,1169 3084,1166 3170,1164 3256,1160 3342,1158 3428,1156 3514,1152 3600,1150 3686,1148 3772,1146 3858,1144 3944,1142 4030,1140 4116,1138 4202,1136 4288,1135 4374,1134 4460,1132 4546,1130"
                         HEIGHT="113"
                         WIDTH="1720"
                         VPOS="1084"
                         HPOS="2826">
                  <String HEIGHT="113"
                          WIDTH="313"
                          VPOS="1084"
                          HPOS="2774"
                          CONTENT="På"/>
                  <SP HEIGHT="113" WIDTH="52" VPOS="1084" HPOS="3087"/>
                  <String HEIGHT="113"
                          WIDTH="469"
                          VPOS="1084"
                          HPOS="2930"
                          CONTENT="grund"/>
                  <SP HEIGHT="113" WIDTH="52" VPOS="1084" HPOS="3399"/>
                  <String HEIGHT="113"
                          WIDTH="313"
                          VPOS="1084"
                          HPOS="3243"
                          CONTENT="af"/>
                  <SP HEIGHT="113" WIDTH="52" VPOS="1084" HPOS="3556"/>
                  <String HEIGHT="113"
                          WIDTH="417"
                          VPOS="1084"
                          HPOS="3399"
                          CONTENT="hvad"/>
                  <SP HEIGHT="113" WIDTH="52" VPOS="1084" HPOS="3816"/>
                  <String HEIGHT="113"
                          WIDTH="573"
                          VPOS="1084"
                          HPOS="3660"
                          CONTENT="sålunda"/>
                  <SP HEIGHT="113" WIDTH="52" VPOS="1084" HPOS="4233"/>
                  <String HEIGHT="113"
                          WIDTH="521"
                          VPOS="1084"
                          HPOS="4025"
                          CONTENT="förekom¬"
                          SUBS_TYPE="HypPart1"
                          SUBS_CONTENT="förekommit"/>
                  <HYP CONTENT="-"/>
               </TextLine>
               <TextLine ID="r3l10"
                         BASELINE="2764,1274 2849,1270 2935,1267 3021,1262 3107,1260 3193,1256 3279,1254 3365,1252 3451,1248 3537,1246 3623,1244 3708,1242 3794,1240 3880,1237 3966,1236 4052,1233 4138,1230 4224,1228 4310,1226 4396,1224 4482,1222"
                         HEIGHT="121"
                         WIDTH="1718"
                         VPOS="1176"
                         HPOS="2764">
                  <String HEIGHT="121"
                          WIDTH="401"
                          VPOS="1176"
                          HPOS="2707"
                          CONTENT="mit"
                          SUBS_TYPE="HypPart2"
                          SUBS_CONTENT="förekommit"/>
                  <SP HEIGHT="121" WIDTH="57" VPOS="1176" HPOS="3108"/>
                  <String HEIGHT="121"
                          WIDTH="573"
                          VPOS="1176"
                          HPOS="2936"
                          CONTENT="kommer"/>
                  <SP HEIGHT="121" WIDTH="57" VPOS="1176" HPOS="3508"/>
                  <String HEIGHT="121"
                          WIDTH="515"
                          VPOS="1176"
                          HPOS="3337"
                          CONTENT="Claes"/>
                  <SP HEIGHT="121" WIDTH="57" VPOS="1176" HPOS="3852"/>
                  <String HEIGHT="121"
                          WIDTH="744"
                          VPOS="1176"
                          HPOS="3680"
                          CONTENT="Johansson"/>
                  <SP HEIGHT="121" WIDTH="57" VPOS="1176" HPOS="4425"/>
                  <String HEIGHT="121"
                          WIDTH="286"
                          VPOS="1176"
                          HPOS="4196"
                          CONTENT="att"/>
               </TextLine>
               <TextLine ID="r3l11"
                         BASELINE="2754,1376 2840,1373 2927,1372 3013,1368 3100,1366 3187,1362 3273,1360 3360,1357 3446,1354 3533,1350 3620,1347 3706,1344 3793,1341 3879,1338 3966,1334 4053,1331 4139,1328 4226,1325 4312,1322 4399,1320 4486,1318"
                         HEIGHT="127"
                         WIDTH="1732"
                         VPOS="1272"
                         HPOS="2754">
                  <String HEIGHT="127"
                          WIDTH="503"
                          VPOS="1272"
                          HPOS="2698"
                          CONTENT="denna"/>
                  <SP HEIGHT="127" WIDTH="56" VPOS="1272" HPOS="3201"/>
                  <String HEIGHT="127"
                          WIDTH="391"
                          VPOS="1272"
                          HPOS="3033"
                          CONTENT="dag"/>
                  <SP HEIGHT="127" WIDTH="56" VPOS="1272" HPOS="3424"/>
                  <String HEIGHT="127"
                          WIDTH="391"
                          VPOS="1272"
                          HPOS="3257"
                          CONTENT="för"/>
                  <SP HEIGHT="127" WIDTH="56" VPOS="1272" HPOS="3648"/>
                  <String HEIGHT="127"
                          WIDTH="950"
                          VPOS="1272"
                          HPOS="3480"
                          CONTENT="Poliskammaren"/>
                  <SP HEIGHT="127" WIDTH="56" VPOS="1272" HPOS="4430"/>
                  <String HEIGHT="127"
                          WIDTH="279"
                          VPOS="1272"
                          HPOS="4207"
                          CONTENT="in¬"
                          SUBS_TYPE="HypPart1"
                          SUBS_CONTENT="inställas."/>
                  <HYP CONTENT="-"/>
               </TextLine>
               <TextLine ID="r3l12"
                         BASELINE="2770,1460 2858,1464 2947,1466 3035,1468 3124,1468 3213,1468 3301,1468 3390,1468 3478,1466 3567,1464 3656,1462 3744,1459 3833,1457 3921,1454 4010,1450 4099,1448 4187,1444 4276,1441 4364,1438 4453,1434 4542,1432"
                         HEIGHT="99"
                         WIDTH="1772"
                         VPOS="1390"
                         HPOS="2770">
                  <String HEIGHT="99"
                          WIDTH="560"
                          VPOS="1390"
                          HPOS="2723"
                          CONTENT="ställas."
                          SUBS_TYPE="HypPart2"
                          SUBS_CONTENT="inställas."/>
                  <SP HEIGHT="99" WIDTH="47" VPOS="1390" HPOS="3283"/>
                  <String HEIGHT="99"
                          WIDTH="560"
                          VPOS="1390"
                          HPOS="3143"
                          CONTENT="Göteborg"/>
                  <SP HEIGHT="99" WIDTH="47" VPOS="1390" HPOS="3703"/>
                  <String HEIGHT="99"
                          WIDTH="326"
                          VPOS="1390"
                          HPOS="3563"
                          CONTENT="den"/>
                  <SP HEIGHT="99" WIDTH="47" VPOS="1390" HPOS="3889"/>
                  <String HEIGHT="99"
                          WIDTH="280"
                          VPOS="1390"
                          HPOS="3749"
                          CONTENT="2e"/>
                  <SP HEIGHT="99" WIDTH="47" VPOS="1390" HPOS="4029"/>
                  <String HEIGHT="99"
                          WIDTH="513"
                          VPOS="1390"
                          HPOS="3889"
                          CONTENT="Januari"/>
                  <SP HEIGHT="99" WIDTH="47" VPOS="1390" HPOS="4402"/>
                  <String HEIGHT="99"
                          WIDTH="326"
                          VPOS="1390"
                          HPOS="4216"
                          CONTENT="1880."/>
               </TextLine>
            </TextBlock>
            <TextBlock ID="TextRegion_1584527236616_1163"
                       HEIGHT="350"
                       WIDTH="370"
                       VPOS="1413"
                       HPOS="4578">
               <Shape>
                  <Polygon POINTS="4578,1413 4948,1413 4948,1763 4578,1763"/>
               </Shape>
               <TextLine ID="r4l3"
                         BASELINE="4584,1524 4609,1519 4634,1514 4660,1509 4685,1507 4710,1504 4736,1501 4761,1500 4786,1497 4812,1494 4837,1492 4862,1489 4888,1484"
                         HEIGHT="119"
                         WIDTH="304"
                         VPOS="1431"
                         HPOS="4584">
                  <String HEIGHT="119"
                          WIDTH="365"
                          VPOS="1431"
                          HPOS="4523"
                          CONTENT="No"/>
                  <SP HEIGHT="119" WIDTH="61" VPOS="1431" HPOS="4888"/>
                  <String HEIGHT="119"
                          WIDTH="243"
                          VPOS="1431"
                          HPOS="4645"
                          CONTENT="4."/>
               </TextLine>
               <TextLine ID="r4l4"
                         BASELINE="4578,1642 4604,1642 4630,1642 4657,1639 4683,1638 4710,1635 4736,1633 4763,1631 4789,1628 4815,1628 4842,1625 4868,1624 4895,1622 4921,1622 4948,1622"
                         HEIGHT="89"
                         WIDTH="370"
                         VPOS="1576"
                         HPOS="4578">
                  <String HEIGHT="89"
                          WIDTH="308"
                          VPOS="1576"
                          HPOS="4547"
                          CONTENT="Victor"/>
                  <SP HEIGHT="89" WIDTH="31" VPOS="1576" HPOS="4856"/>
                  <String HEIGHT="89"
                          WIDTH="216"
                          VPOS="1576"
                          HPOS="4732"
                          CONTENT="Adolf"/>
               </TextLine>
               <TextLine ID="r4l5"
                         BASELINE="4604,1736 4630,1736 4657,1734 4683,1733 4710,1730 4736,1728 4763,1725 4789,1723 4816,1722 4842,1720 4869,1720 4896,1720"
                         HEIGHT="85"
                         WIDTH="292"
                         VPOS="1674"
                         HPOS="4604">
                  <String HEIGHT="85"
                          WIDTH="350"
                          VPOS="1674"
                          HPOS="4546"
                          CONTENT="Strömbäck."/>
               </TextLine>
            </TextBlock>
            <TextBlock ID="TextRegion_1584527311160_1207"
                       HEIGHT="2359"
                       WIDTH="1869"
                       VPOS="1495"
                       HPOS="2729">
               <Shape>
                  <Polygon POINTS="2729,1495 4598,1495 4598,3854 2732,3854"/>
               </Shape>
               <TextLine ID="line_1584527328907_1213"
                         BASELINE="2876,1573 3041,1562 3246,1556 3530,1548 3815,1544"
                         HEIGHT="79"
                         WIDTH="942"
                         VPOS="1499"
                         HPOS="2873">
                  <String HEIGHT="79"
                          WIDTH="365"
                          VPOS="1499"
                          HPOS="2843"
                          CONTENT="Följande"/>
                  <SP HEIGHT="79" WIDTH="30" VPOS="1499" HPOS="3207"/>
                  <String HEIGHT="79"
                          WIDTH="365"
                          VPOS="1499"
                          HPOS="3116"
                          CONTENT="personer"/>
                  <SP HEIGHT="79" WIDTH="30" VPOS="1499" HPOS="3481"/>
                  <String HEIGHT="79"
                          WIDTH="273"
                          VPOS="1499"
                          HPOS="3390"
                          CONTENT="hafva"/>
                  <SP HEIGHT="79" WIDTH="30" VPOS="1499" HPOS="3663"/>
                  <String HEIGHT="79"
                          WIDTH="273"
                          VPOS="1499"
                          HPOS="3542"
                          CONTENT="anmält:"/>
               </TextLine>
               <TextLine ID="r3l14"
                         BASELINE="2748,1658 2837,1652 2926,1646 3015,1642 3105,1638 3194,1634 3283,1630 3373,1628 3462,1625 3551,1622 3641,1620 3730,1618 3819,1615 3908,1612 3998,1609 4087,1606 4176,1602 4266,1597 4355,1592 4444,1586 4534,1580"
                         HEIGHT="132"
                         WIDTH="1786"
                         VPOS="1544"
                         HPOS="2748">
                  <String HEIGHT="132"
                          WIDTH="165"
                          VPOS="1544"
                          HPOS="2721"
                          CONTENT="1o"/>
                  <SP HEIGHT="132" WIDTH="27" VPOS="1544" HPOS="2885"/>
                  <String HEIGHT="132"
                          WIDTH="797"
                          VPOS="1544"
                          HPOS="2803"
                          CONTENT="Nykterhetsvärdshusidkaren"/>
                  <SP HEIGHT="132" WIDTH="27" VPOS="1544" HPOS="3600"/>
                  <String HEIGHT="132"
                          WIDTH="165"
                          VPOS="1544"
                          HPOS="3517"
                          CONTENT="C."/>
                  <SP HEIGHT="132" WIDTH="27" VPOS="1544" HPOS="3682"/>
                  <String HEIGHT="132"
                          WIDTH="165"
                          VPOS="1544"
                          HPOS="3600"
                          CONTENT="A."/>
                  <SP HEIGHT="132" WIDTH="27" VPOS="1544" HPOS="3765"/>
                  <String HEIGHT="132"
                          WIDTH="330"
                          VPOS="1544"
                          HPOS="3682"
                          CONTENT="Jonsson,"/>
                  <SP HEIGHT="132" WIDTH="27" VPOS="1544" HPOS="4012"/>
                  <String HEIGHT="132"
                          WIDTH="192"
                          VPOS="1544"
                          HPOS="3930"
                          CONTENT="som"/>
                  <SP HEIGHT="132" WIDTH="27" VPOS="1544" HPOS="4122"/>
                  <String HEIGHT="132"
                          WIDTH="192"
                          VPOS="1544"
                          HPOS="4039"
                          CONTENT="har"/>
                  <SP HEIGHT="132" WIDTH="27" VPOS="1544" HPOS="4232"/>
                  <String HEIGHT="132"
                          WIDTH="412"
                          VPOS="1544"
                          HPOS="4122"
                          CONTENT="ölförsäljning"/>
               </TextLine>
               <TextLine ID="r3l15"
                         BASELINE="2758,1742 2846,1736 2934,1731 3023,1727 3111,1722 3200,1718 3288,1714 3376,1710 3465,1708 3553,1704 3642,1700 3730,1698 3818,1695 3907,1692 3995,1688 4084,1684 4172,1680 4260,1676 4349,1670 4437,1665 4526,1658"
                         HEIGHT="141"
                         WIDTH="1768"
                         VPOS="1620"
                         HPOS="2758">
                  <String HEIGHT="141"
                          WIDTH="147"
                          VPOS="1620"
                          HPOS="2729"
                          CONTENT="i"/>
                  <SP HEIGHT="141" WIDTH="29" VPOS="1620" HPOS="2876"/>
                  <String HEIGHT="141"
                          WIDTH="265"
                          VPOS="1620"
                          HPOS="2787"
                          CONTENT="huset"/>
                  <SP HEIGHT="141" WIDTH="29" VPOS="1620" HPOS="3053"/>
                  <String HEIGHT="141"
                          WIDTH="177"
                          VPOS="1620"
                          HPOS="2964"
                          CONTENT="No"/>
                  <SP HEIGHT="141" WIDTH="29" VPOS="1620" HPOS="3141"/>
                  <String HEIGHT="141"
                          WIDTH="177"
                          VPOS="1620"
                          HPOS="3053"
                          CONTENT="50"/>
                  <SP HEIGHT="141" WIDTH="29" VPOS="1620" HPOS="3229"/>
                  <String HEIGHT="141"
                          WIDTH="206"
                          VPOS="1620"
                          HPOS="3141"
                          CONTENT="vid"/>
                  <SP HEIGHT="141" WIDTH="29" VPOS="1620" HPOS="3347"/>
                  <String HEIGHT="141"
                          WIDTH="471"
                          VPOS="1620"
                          HPOS="3259"
                          CONTENT="Köpmangatan,"/>
                  <SP HEIGHT="141" WIDTH="29" VPOS="1620" HPOS="3730"/>
                  <String HEIGHT="141"
                          WIDTH="206"
                          VPOS="1620"
                          HPOS="3642"
                          CONTENT="att"/>
                  <SP HEIGHT="141" WIDTH="29" VPOS="1620" HPOS="3848"/>
                  <String HEIGHT="141"
                          WIDTH="295"
                          VPOS="1620"
                          HPOS="3760"
                          CONTENT="natten"/>
                  <SP HEIGHT="141" WIDTH="29" VPOS="1620" HPOS="4055"/>
                  <String HEIGHT="141"
                          WIDTH="324"
                          VPOS="1620"
                          HPOS="3966"
                          CONTENT="emellan"/>
                  <SP HEIGHT="141" WIDTH="29" VPOS="1620" HPOS="4290"/>
                  <String HEIGHT="141"
                          WIDTH="206"
                          VPOS="1620"
                          HPOS="4202"
                          CONTENT="den"/>
                  <SP HEIGHT="141" WIDTH="29" VPOS="1620" HPOS="4408"/>
                  <String HEIGHT="141"
                          WIDTH="177"
                          VPOS="1620"
                          HPOS="4320"
                          CONTENT="13"/>
                  <SP HEIGHT="141" WIDTH="29" VPOS="1620" HPOS="4497"/>
                  <String HEIGHT="141"
                          WIDTH="147"
                          VPOS="1620"
                          HPOS="4379"
                          CONTENT="och"/>
               </TextLine>
               <TextLine ID="r3l16"
                         BASELINE="2754,1832 2842,1826 2931,1820 3020,1814 3109,1810 3198,1806 3286,1802 3375,1798 3464,1794 3553,1791 3642,1788 3730,1786 3819,1782 3908,1780 3997,1776 4086,1773 4174,1769 4263,1766 4352,1760 4441,1756 4530,1752"
                         HEIGHT="143"
                         WIDTH="1776"
                         VPOS="1710"
                         HPOS="2754">
                  <String HEIGHT="143"
                          WIDTH="181"
                          VPOS="1710"
                          HPOS="2724"
                          CONTENT="14"/>
                  <SP HEIGHT="143" WIDTH="30" VPOS="1710" HPOS="2905"/>
                  <String HEIGHT="143"
                          WIDTH="271"
                          VPOS="1710"
                          HPOS="2814"
                          CONTENT="sist."/>
                  <SP HEIGHT="143" WIDTH="30" VPOS="1710" HPOS="3085"/>
                  <String HEIGHT="143"
                          WIDTH="361"
                          VPOS="1710"
                          HPOS="2995"
                          CONTENT="December"/>
                  <SP HEIGHT="143" WIDTH="30" VPOS="1710" HPOS="3356"/>
                  <String HEIGHT="143"
                          WIDTH="331"
                          VPOS="1710"
                          HPOS="3266"
                          CONTENT="inbrott"/>
                  <SP HEIGHT="143" WIDTH="30" VPOS="1710" HPOS="3597"/>
                  <String HEIGHT="143"
                          WIDTH="391"
                          VPOS="1710"
                          HPOS="3507"
                          CONTENT="föröfvats"/>
                  <SP HEIGHT="143" WIDTH="30" VPOS="1710" HPOS="3898"/>
                  <String HEIGHT="143"
                          WIDTH="151"
                          VPOS="1710"
                          HPOS="3808"
                          CONTENT="i"/>
                  <SP HEIGHT="143" WIDTH="30" VPOS="1710" HPOS="3958"/>
                  <String HEIGHT="143"
                          WIDTH="241"
                          VPOS="1710"
                          HPOS="3868"
                          CONTENT="hans"/>
                  <SP HEIGHT="143" WIDTH="30" VPOS="1710" HPOS="4109"/>
                  <String HEIGHT="143"
                          WIDTH="512"
                          VPOS="1710"
                          HPOS="4018"
                          CONTENT="värdshuslokal"/>
                  <SP HEIGHT="143" WIDTH="30" VPOS="1710" HPOS="4530"/>
                  <String HEIGHT="143"
                          WIDTH="120"
                          VPOS="1710"
                          HPOS="4410"
                          CONTENT="på"/>
               </TextLine>
               <TextLine ID="r3l17"
                         BASELINE="2764,1936 2852,1929 2941,1922 3029,1916 3118,1910 3207,1906 3295,1900 3384,1896 3472,1892 3561,1888 3650,1884 3738,1880 3827,1878 3915,1874 4004,1871 4093,1868 4181,1864 4270,1862 4358,1859 4447,1856 4536,1852"
                         HEIGHT="153"
                         WIDTH="1772"
                         VPOS="1806"
                         HPOS="2764">
                  <String HEIGHT="153"
                          WIDTH="203"
                          VPOS="1806"
                          HPOS="2735"
                          CONTENT="det"/>
                  <SP HEIGHT="153" WIDTH="29" VPOS="1806" HPOS="2938"/>
                  <String HEIGHT="153"
                          WIDTH="261"
                          VPOS="1806"
                          HPOS="2851"
                          CONTENT="sätt,"/>
                  <SP HEIGHT="153" WIDTH="29" VPOS="1806" HPOS="3113"/>
                  <String HEIGHT="153"
                          WIDTH="203"
                          VPOS="1806"
                          HPOS="3025"
                          CONTENT="att"/>
                  <SP HEIGHT="153" WIDTH="29" VPOS="1806" HPOS="3229"/>
                  <String HEIGHT="153"
                          WIDTH="174"
                          VPOS="1806"
                          HPOS="3142"
                          CONTENT="en"/>
                  <SP HEIGHT="153" WIDTH="29" VPOS="1806" HPOS="3316"/>
                  <String HEIGHT="153"
                          WIDTH="436"
                          VPOS="1806"
                          HPOS="3229"
                          CONTENT="fönsterruta"/>
                  <SP HEIGHT="153" WIDTH="29" VPOS="1806" HPOS="3665"/>
                  <String HEIGHT="153"
                          WIDTH="174"
                          VPOS="1806"
                          HPOS="3577"
                          CONTENT="åt"/>
                  <SP HEIGHT="153" WIDTH="29" VPOS="1806" HPOS="3752"/>
                  <String HEIGHT="153"
                          WIDTH="290"
                          VPOS="1806"
                          HPOS="3665"
                          CONTENT="gården"/>
                  <SP HEIGHT="153" WIDTH="29" VPOS="1806" HPOS="3955"/>
                  <String HEIGHT="153"
                          WIDTH="378"
                          VPOS="1806"
                          HPOS="3868"
                          CONTENT="inslagits"/>
                  <SP HEIGHT="153" WIDTH="29" VPOS="1806" HPOS="4246"/>
                  <String HEIGHT="153"
                          WIDTH="203"
                          VPOS="1806"
                          HPOS="4158"
                          CONTENT="och"/>
                  <SP HEIGHT="153" WIDTH="29" VPOS="1806" HPOS="4362"/>
                  <String HEIGHT="153"
                          WIDTH="290"
                          VPOS="1806"
                          HPOS="4246"
                          CONTENT="fönstret"/>
               </TextLine>
               <TextLine ID="r3l18"
                         BASELINE="2768,2028 2858,2022 2948,2016 3039,2012 3129,2007 3220,2002 3310,1998 3400,1993 3491,1990 3581,1984 3672,1980 3762,1976 3852,1972 3943,1968 4033,1964 4124,1960 4214,1957 4304,1952 4395,1948 4485,1944 4576,1940"
                         HEIGHT="154"
                         WIDTH="1808"
                         VPOS="1896"
                         HPOS="2768">
                  <String HEIGHT="154"
                          WIDTH="415"
                          VPOS="1896"
                          HPOS="2738"
                          CONTENT="aflyftats,"/>
                  <SP HEIGHT="154" WIDTH="30" VPOS="1896" HPOS="3153"/>
                  <String HEIGHT="154"
                          WIDTH="326"
                          VPOS="1896"
                          HPOS="3064"
                          CONTENT="hvarvid"/>
                  <SP HEIGHT="154" WIDTH="30" VPOS="1896" HPOS="3390"/>
                  <String HEIGHT="154"
                          WIDTH="326"
                          VPOS="1896"
                          HPOS="3302"
                          CONTENT="omkring"/>
                  <SP HEIGHT="154" WIDTH="30" VPOS="1896" HPOS="3628"/>
                  <String HEIGHT="154"
                          WIDTH="148"
                          VPOS="1896"
                          HPOS="3539"
                          CONTENT="9"/>
                  <SP HEIGHT="154" WIDTH="30" VPOS="1896" HPOS="3687"/>
                  <String HEIGHT="154"
                          WIDTH="296"
                          VPOS="1896"
                          HPOS="3598"
                          CONTENT="Kronor"/>
                  <SP HEIGHT="154" WIDTH="30" VPOS="1896" HPOS="3894"/>
                  <String HEIGHT="154"
                          WIDTH="148"
                          VPOS="1896"
                          HPOS="3805"
                          CONTENT="i"/>
                  <SP HEIGHT="154" WIDTH="30" VPOS="1896" HPOS="3954"/>
                  <String HEIGHT="154"
                          WIDTH="326"
                          VPOS="1896"
                          HPOS="3865"
                          CONTENT="silfver"/>
                  <SP HEIGHT="154" WIDTH="30" VPOS="1896" HPOS="4191"/>
                  <String HEIGHT="154"
                          WIDTH="207"
                          VPOS="1896"
                          HPOS="4102"
                          CONTENT="och"/>
                  <SP HEIGHT="154" WIDTH="30" VPOS="1896" HPOS="4309"/>
                  <String HEIGHT="154"
                          WIDTH="385"
                          VPOS="1896"
                          HPOS="4191"
                          CONTENT="kopparmynt,"/>
               </TextLine>
               <TextLine ID="r3l19"
                         BASELINE="2756,2126 2823,2120 2891,2114 2959,2108 3026,2104 3094,2100 3162,2096 3229,2091 3297,2088 3365,2085 3433,2082 3500,2079 3568,2076 3636,2073 3703,2070 3771,2068 3839,2064 3906,2061 3974,2058 4042,2054 4110,2050"
                         HEIGHT="142"
                         WIDTH="1354"
                         VPOS="2006"
                         HPOS="2756">
                  <String HEIGHT="142"
                          WIDTH="206"
                          VPOS="2006"
                          HPOS="2727"
                          CONTENT="som"/>
                  <SP HEIGHT="142" WIDTH="29" VPOS="2006" HPOS="2933"/>
                  <String HEIGHT="142"
                          WIDTH="383"
                          VPOS="2006"
                          HPOS="2844"
                          CONTENT="förvarats"/>
                  <SP HEIGHT="142" WIDTH="29" VPOS="2006" HPOS="3227"/>
                  <String HEIGHT="142"
                          WIDTH="147"
                          VPOS="2006"
                          HPOS="3139"
                          CONTENT="i"/>
                  <SP HEIGHT="142" WIDTH="29" VPOS="2006" HPOS="3286"/>
                  <String HEIGHT="142"
                          WIDTH="177"
                          VPOS="2006"
                          HPOS="3198"
                          CONTENT="en"/>
                  <SP HEIGHT="142" WIDTH="29" VPOS="2006" HPOS="3374"/>
                  <String HEIGHT="142"
                          WIDTH="235"
                          VPOS="2006"
                          HPOS="3286"
                          CONTENT="låda"/>
                  <SP HEIGHT="142" WIDTH="29" VPOS="2006" HPOS="3521"/>
                  <String HEIGHT="142"
                          WIDTH="147"
                          VPOS="2006"
                          HPOS="3433"
                          CONTENT="i"/>
                  <SP HEIGHT="142" WIDTH="29" VPOS="2006" HPOS="3580"/>
                  <String HEIGHT="142"
                          WIDTH="324"
                          VPOS="2006"
                          HPOS="3492"
                          CONTENT="disken,"/>
                  <SP HEIGHT="142" WIDTH="29" VPOS="2006" HPOS="3816"/>
                  <String HEIGHT="142"
                          WIDTH="412"
                          VPOS="2006"
                          HPOS="3698"
                          CONTENT="tillgripits;"/>
               </TextLine>
               <TextLine ID="r3l20"
                         BASELINE="2746,2226 2838,2218 2931,2213 3023,2207 3116,2200 3209,2194 3301,2189 3394,2184 3486,2179 3579,2174 3672,2168 3764,2164 3857,2158 3949,2154 4042,2147 4135,2142 4227,2136 4320,2131 4412,2124 4505,2118 4598,2110"
                         HEIGHT="185"
                         WIDTH="1852"
                         VPOS="2064"
                         HPOS="2746">
                  <String HEIGHT="185"
                          WIDTH="179"
                          VPOS="2064"
                          HPOS="2716"
                          CONTENT="2o"/>
                  <SP HEIGHT="185" WIDTH="30" VPOS="2064" HPOS="2895"/>
                  <String HEIGHT="185"
                          WIDTH="418"
                          VPOS="2064"
                          HPOS="2806"
                          CONTENT="Handlanden"/>
                  <SP HEIGHT="185" WIDTH="30" VPOS="2064" HPOS="3224"/>
                  <String HEIGHT="185"
                          WIDTH="179"
                          VPOS="2064"
                          HPOS="3134"
                          CONTENT="A."/>
                  <SP HEIGHT="185" WIDTH="30" VPOS="2064" HPOS="3314"/>
                  <String HEIGHT="185"
                          WIDTH="269"
                          VPOS="2064"
                          HPOS="3224"
                          CONTENT="Lind,"/>
                  <SP HEIGHT="185" WIDTH="30" VPOS="2064" HPOS="3493"/>
                  <String HEIGHT="185"
                          WIDTH="209"
                          VPOS="2064"
                          HPOS="3403"
                          CONTENT="som"/>
                  <SP HEIGHT="185" WIDTH="30" VPOS="2064" HPOS="3612"/>
                  <String HEIGHT="185"
                          WIDTH="179"
                          VPOS="2064"
                          HPOS="3523"
                          CONTENT="är"/>
                  <SP HEIGHT="185" WIDTH="30" VPOS="2064" HPOS="3702"/>
                  <String HEIGHT="185"
                          WIDTH="299"
                          VPOS="2064"
                          HPOS="3612"
                          CONTENT="boende"/>
                  <SP HEIGHT="185" WIDTH="30" VPOS="2064" HPOS="3911"/>
                  <String HEIGHT="185"
                          WIDTH="209"
                          VPOS="2064"
                          HPOS="3821"
                          CONTENT="och"/>
                  <SP HEIGHT="185" WIDTH="30" VPOS="2064" HPOS="4030"/>
                  <String HEIGHT="185"
                          WIDTH="209"
                          VPOS="2064"
                          HPOS="3941"
                          CONTENT="har"/>
                  <SP HEIGHT="185" WIDTH="30" VPOS="2064" HPOS="4150"/>
                  <String HEIGHT="185"
                          WIDTH="299"
                          VPOS="2064"
                          HPOS="4060"
                          CONTENT="handel"/>
                  <SP HEIGHT="185" WIDTH="30" VPOS="2064" HPOS="4359"/>
                  <String HEIGHT="185"
                          WIDTH="149"
                          VPOS="2064"
                          HPOS="4269"
                          CONTENT="i"/>
                  <SP HEIGHT="185" WIDTH="30" VPOS="2064" HPOS="4419"/>
                  <String HEIGHT="185"
                          WIDTH="299"
                          VPOS="2064"
                          HPOS="4299"
                          CONTENT="källaren"/>
               </TextLine>
               <TextLine ID="r3l21"
                         BASELINE="2740,2334 2831,2327 2922,2321 3013,2312 3104,2306 3195,2298 3286,2293 3377,2286 3468,2278 3559,2272 3651,2267 3742,2261 3833,2255 3924,2248 4015,2244 4106,2237 4197,2233 4288,2228 4379,2222 4470,2218 4562,2214"
                         HEIGHT="189"
                         WIDTH="1822"
                         VPOS="2168"
                         HPOS="2740">
                  <String HEIGHT="189"
                          WIDTH="260"
                          VPOS="2168"
                          HPOS="2707"
                          CONTENT="till"/>
                  <SP HEIGHT="189" WIDTH="33" VPOS="2168" HPOS="2968"/>
                  <String HEIGHT="189"
                          WIDTH="293"
                          VPOS="2168"
                          HPOS="2870"
                          CONTENT="huset"/>
                  <SP HEIGHT="189" WIDTH="33" VPOS="2168" HPOS="3163"/>
                  <String HEIGHT="189"
                          WIDTH="195"
                          VPOS="2168"
                          HPOS="3065"
                          CONTENT="No"/>
                  <SP HEIGHT="189" WIDTH="33" VPOS="2168" HPOS="3261"/>
                  <String HEIGHT="189"
                          WIDTH="195"
                          VPOS="2168"
                          HPOS="3163"
                          CONTENT="46"/>
                  <SP HEIGHT="189" WIDTH="33" VPOS="2168" HPOS="3358"/>
                  <String HEIGHT="189"
                          WIDTH="228"
                          VPOS="2168"
                          HPOS="3261"
                          CONTENT="vid"/>
                  <SP HEIGHT="189" WIDTH="33" VPOS="2168" HPOS="3488"/>
                  <String HEIGHT="189"
                          WIDTH="521"
                          VPOS="2168"
                          HPOS="3391"
                          CONTENT="Köpmangatan,"/>
                  <SP HEIGHT="189" WIDTH="33" VPOS="2168" HPOS="3911"/>
                  <String HEIGHT="189"
                          WIDTH="228"
                          VPOS="2168"
                          HPOS="3814"
                          CONTENT="att"/>
                  <SP HEIGHT="189" WIDTH="33" VPOS="2168" HPOS="4041"/>
                  <String HEIGHT="189"
                          WIDTH="325"
                          VPOS="2168"
                          HPOS="3944"
                          CONTENT="natten"/>
                  <SP HEIGHT="189" WIDTH="33" VPOS="2168" HPOS="4269"/>
                  <String HEIGHT="189"
                          WIDTH="358"
                          VPOS="2168"
                          HPOS="4172"
                          CONTENT="emellan"/>
                  <SP HEIGHT="189" WIDTH="33" VPOS="2168" HPOS="4529"/>
                  <String HEIGHT="189"
                          WIDTH="163"
                          VPOS="2168"
                          HPOS="4399"
                          CONTENT="den"/>
               </TextLine>
               <TextLine ID="r3l22"
                         BASELINE="2748,2428 2839,2424 2931,2418 3022,2412 3114,2407 3205,2402 3297,2396 3388,2390 3480,2386 3571,2380 3663,2376 3754,2370 3846,2364 3937,2359 4029,2354 4120,2348 4212,2342 4303,2337 4395,2332 4486,2326 4578,2320"
                         HEIGHT="177"
                         WIDTH="1830"
                         VPOS="2274"
                         HPOS="2748">
                  <String HEIGHT="177"
                          WIDTH="172"
                          VPOS="2274"
                          HPOS="2719"
                          CONTENT="17"/>
                  <SP HEIGHT="177" WIDTH="29" VPOS="2274" HPOS="2891"/>
                  <String HEIGHT="177"
                          WIDTH="200"
                          VPOS="2274"
                          HPOS="2805"
                          CONTENT="och"/>
                  <SP HEIGHT="177" WIDTH="29" VPOS="2274" HPOS="3005"/>
                  <String HEIGHT="177"
                          WIDTH="172"
                          VPOS="2274"
                          HPOS="2920"
                          CONTENT="18"/>
                  <SP HEIGHT="177" WIDTH="29" VPOS="2274" HPOS="3091"/>
                  <String HEIGHT="177"
                          WIDTH="372"
                          VPOS="2274"
                          HPOS="3005"
                          CONTENT="sistlidne"/>
                  <SP HEIGHT="177" WIDTH="29" VPOS="2274" HPOS="3377"/>
                  <String HEIGHT="177"
                          WIDTH="343"
                          VPOS="2274"
                          HPOS="3291"
                          CONTENT="December"/>
                  <SP HEIGHT="177" WIDTH="29" VPOS="2274" HPOS="3634"/>
                  <String HEIGHT="177"
                          WIDTH="315"
                          VPOS="2274"
                          HPOS="3549"
                          CONTENT="inbrott"/>
                  <SP HEIGHT="177" WIDTH="29" VPOS="2274" HPOS="3863"/>
                  <String HEIGHT="177"
                          WIDTH="372"
                          VPOS="2274"
                          HPOS="3777"
                          CONTENT="föröfvats"/>
                  <SP HEIGHT="177" WIDTH="29" VPOS="2274" HPOS="4149"/>
                  <String HEIGHT="177"
                          WIDTH="143"
                          VPOS="2274"
                          HPOS="4063"
                          CONTENT="i"/>
                  <SP HEIGHT="177" WIDTH="29" VPOS="2274" HPOS="4206"/>
                  <String HEIGHT="177"
                          WIDTH="315"
                          VPOS="2274"
                          HPOS="4121"
                          CONTENT="berörde"/>
                  <SP HEIGHT="177" WIDTH="29" VPOS="2274" HPOS="4435"/>
                  <String HEIGHT="177"
                          WIDTH="257"
                          VPOS="2274"
                          HPOS="4321"
                          CONTENT="källare"/>
               </TextLine>
               <TextLine ID="r3l23"
                         BASELINE="2756,2540 2846,2533 2937,2526 3028,2521 3119,2513 3210,2509 3301,2502 3392,2496 3483,2491 3574,2486 3665,2480 3755,2474 3846,2469 3937,2464 4028,2458 4119,2453 4210,2448 4301,2443 4392,2438 4483,2432 4574,2428"
                         HEIGHT="181"
                         WIDTH="1818"
                         VPOS="2382"
                         HPOS="2756">
                  <String HEIGHT="181"
                          WIDTH="376"
                          VPOS="2382"
                          HPOS="2725"
                          CONTENT="sålunda,"/>
                  <SP HEIGHT="181" WIDTH="31" VPOS="2382" HPOS="3101"/>
                  <String HEIGHT="181"
                          WIDTH="219"
                          VPOS="2382"
                          HPOS="3007"
                          CONTENT="att"/>
                  <SP HEIGHT="181" WIDTH="31" VPOS="2382" HPOS="3226"/>
                  <String HEIGHT="181"
                          WIDTH="345"
                          VPOS="2382"
                          HPOS="3132"
                          CONTENT="tjufven"/>
                  <SP HEIGHT="181" WIDTH="31" VPOS="2382" HPOS="3477"/>
                  <String HEIGHT="181"
                          WIDTH="313"
                          VPOS="2382"
                          HPOS="3383"
                          CONTENT="krupit"/>
                  <SP HEIGHT="181" WIDTH="31" VPOS="2382" HPOS="3696"/>
                  <String HEIGHT="181"
                          WIDTH="282"
                          VPOS="2382"
                          HPOS="3602"
                          CONTENT="under"/>
                  <SP HEIGHT="181" WIDTH="31" VPOS="2382" HPOS="3884"/>
                  <String HEIGHT="181"
                          WIDTH="188"
                          VPOS="2382"
                          HPOS="3790"
                          CONTENT="en"/>
                  <SP HEIGHT="181" WIDTH="31" VPOS="2382" HPOS="3978"/>
                  <String HEIGHT="181"
                          WIDTH="219"
                          VPOS="2382"
                          HPOS="3884"
                          CONTENT="vid"/>
                  <SP HEIGHT="181" WIDTH="31" VPOS="2382" HPOS="4104"/>
                  <String HEIGHT="181"
                          WIDTH="219"
                          VPOS="2382"
                          HPOS="4010"
                          CONTENT="den"/>
                  <SP HEIGHT="181" WIDTH="31" VPOS="2382" HPOS="4229"/>
                  <String HEIGHT="181"
                          WIDTH="313"
                          VPOS="2382"
                          HPOS="4135"
                          CONTENT="första"/>
                  <SP HEIGHT="181" WIDTH="31" VPOS="2382" HPOS="4449"/>
                  <String HEIGHT="181"
                          WIDTH="251"
                          VPOS="2382"
                          HPOS="4323"
                          CONTENT="dörren"/>
               </TextLine>
               <TextLine ID="r3l24"
                         BASELINE="2732,2644 2823,2640 2915,2635 3007,2629 3099,2623 3191,2618 3283,2612 3375,2606 3467,2600 3559,2593 3651,2586 3742,2580 3834,2575 3926,2568 4018,2561 4110,2555 4202,2550 4294,2544 4386,2538 4478,2534 4570,2528"
                         HEIGHT="185"
                         WIDTH="1838"
                         VPOS="2482"
                         HPOS="2732">
                  <String HEIGHT="185"
                          WIDTH="405"
                          VPOS="2482"
                          HPOS="2701"
                          CONTENT="befintlig"/>
                  <SP HEIGHT="185" WIDTH="31" VPOS="2482" HPOS="3106"/>
                  <String HEIGHT="185"
                          WIDTH="467"
                          VPOS="2482"
                          HPOS="3012"
                          CONTENT="fördjupning"/>
                  <SP HEIGHT="185" WIDTH="31" VPOS="2482" HPOS="3480"/>
                  <String HEIGHT="185"
                          WIDTH="218"
                          VPOS="2482"
                          HPOS="3386"
                          CONTENT="och"/>
                  <SP HEIGHT="185" WIDTH="31" VPOS="2482" HPOS="3604"/>
                  <String HEIGHT="185"
                          WIDTH="374"
                          VPOS="2482"
                          HPOS="3511"
                          CONTENT="utdragit"/>
                  <SP HEIGHT="185" WIDTH="31" VPOS="2482" HPOS="3885"/>
                  <String HEIGHT="185"
                          WIDTH="343"
                          VPOS="2482"
                          HPOS="3791"
                          CONTENT="krampan"/>
                  <SP HEIGHT="185" WIDTH="31" VPOS="2482" HPOS="4134"/>
                  <String HEIGHT="185"
                          WIDTH="156"
                          VPOS="2482"
                          HPOS="4040"
                          CONTENT="i"/>
                  <SP HEIGHT="185" WIDTH="31" VPOS="2482" HPOS="4196"/>
                  <String HEIGHT="185"
                          WIDTH="218"
                          VPOS="2482"
                          HPOS="4103"
                          CONTENT="den"/>
                  <SP HEIGHT="185" WIDTH="31" VPOS="2482" HPOS="4321"/>
                  <String HEIGHT="185"
                          WIDTH="280"
                          VPOS="2482"
                          HPOS="4227"
                          CONTENT="andra"/>
                  <SP HEIGHT="185" WIDTH="31" VPOS="2482" HPOS="4508"/>
                  <String HEIGHT="185"
                          WIDTH="187"
                          VPOS="2482"
                          HPOS="4383"
                          CONTENT="dör¬"
                          SUBS_TYPE="HypPart1"
                          SUBS_CONTENT="dörren,"/>
                  <HYP CONTENT="-"/>
               </TextLine>
               <TextLine ID="r3l25"
                         BASELINE="2738,2738 2830,2736 2923,2734 3016,2732 3109,2728 3202,2724 3294,2719 3387,2714 3480,2708 3573,2703 3666,2697 3758,2690 3851,2685 3944,2679 4037,2673 4130,2667 4222,2662 4315,2657 4408,2652 4501,2648 4594,2644"
                         HEIGHT="163"
                         WIDTH="1856"
                         VPOS="2598"
                         HPOS="2738">
                  <String HEIGHT="163"
                          WIDTH="225"
                          VPOS="2598"
                          HPOS="2710"
                          CONTENT="ren,"
                          SUBS_TYPE="HypPart2"
                          SUBS_CONTENT="dörren,"/>
                  <SP HEIGHT="163" WIDTH="28" VPOS="2598" HPOS="2935"/>
                  <String HEIGHT="163"
                          WIDTH="309"
                          VPOS="2598"
                          HPOS="2850"
                          CONTENT="hvarvid"/>
                  <SP HEIGHT="163" WIDTH="28" VPOS="2598" HPOS="3160"/>
                  <String HEIGHT="163"
                          WIDTH="225"
                          VPOS="2598"
                          HPOS="3075"
                          CONTENT="inne"/>
                  <SP HEIGHT="163" WIDTH="28" VPOS="2598" HPOS="3300"/>
                  <String HEIGHT="163"
                          WIDTH="141"
                          VPOS="2598"
                          HPOS="3216"
                          CONTENT="i"/>
                  <SP HEIGHT="163" WIDTH="28" VPOS="2598" HPOS="3357"/>
                  <String HEIGHT="163"
                          WIDTH="309"
                          VPOS="2598"
                          HPOS="3272"
                          CONTENT="butiken"/>
                  <SP HEIGHT="163" WIDTH="28" VPOS="2598" HPOS="3582"/>
                  <String HEIGHT="163"
                          WIDTH="422"
                          VPOS="2598"
                          HPOS="3497"
                          CONTENT="tillgripits"/>
                  <SP HEIGHT="163" WIDTH="28" VPOS="2598" HPOS="3919"/>
                  <String HEIGHT="163"
                          WIDTH="141"
                          VPOS="2598"
                          HPOS="3835"
                          CONTENT="5"/>
                  <SP HEIGHT="163" WIDTH="28" VPOS="2598" HPOS="3975"/>
                  <String HEIGHT="163"
                          WIDTH="141"
                          VPOS="2598"
                          HPOS="3891"
                          CONTENT="℔"/>
                  <SP HEIGHT="163" WIDTH="28" VPOS="2598" HPOS="4032"/>
                  <String HEIGHT="163"
                          WIDTH="281"
                          VPOS="2598"
                          HPOS="3947"
                          CONTENT="kaffe,"/>
                  <SP HEIGHT="163" WIDTH="28" VPOS="2598" HPOS="4228"/>
                  <String HEIGHT="163"
                          WIDTH="253"
                          VPOS="2598"
                          HPOS="4144"
                          CONTENT="värdt"/>
                  <SP HEIGHT="163" WIDTH="28" VPOS="2598" HPOS="4397"/>
                  <String HEIGHT="163"
                          WIDTH="141"
                          VPOS="2598"
                          HPOS="4313"
                          CONTENT="4"/>
                  <SP HEIGHT="163" WIDTH="28" VPOS="2598" HPOS="4453"/>
                  <String HEIGHT="163"
                          WIDTH="253"
                          VPOS="2598"
                          HPOS="4341"
                          CONTENT="kronor,"/>
               </TextLine>
               <TextLine ID="r3l26"
                         BASELINE="2740,2844 2830,2841 2921,2838 3012,2834 3102,2830 3193,2826 3284,2822 3374,2817 3465,2813 3556,2808 3647,2803 3737,2798 3828,2792 3919,2786 4009,2782 4100,2776 4191,2770 4281,2765 4372,2759 4463,2754 4554,2748"
                         HEIGHT="165"
                         WIDTH="1814"
                         VPOS="2702"
                         HPOS="2740">
                  <String HEIGHT="165"
                          WIDTH="268"
                          VPOS="2702"
                          HPOS="2710"
                          CONTENT="några"/>
                  <SP HEIGHT="165" WIDTH="30" VPOS="2702" HPOS="2978"/>
                  <String HEIGHT="165"
                          WIDTH="357"
                          VPOS="2702"
                          HPOS="2889"
                          CONTENT="buteljer"/>
                  <SP HEIGHT="165" WIDTH="30" VPOS="2702" HPOS="3246"/>
                  <String HEIGHT="165"
                          WIDTH="178"
                          VPOS="2702"
                          HPOS="3156"
                          CONTENT="öl"/>
                  <SP HEIGHT="165" WIDTH="30" VPOS="2702" HPOS="3335"/>
                  <String HEIGHT="165"
                          WIDTH="208"
                          VPOS="2702"
                          HPOS="3246"
                          CONTENT="och"/>
                  <SP HEIGHT="165" WIDTH="30" VPOS="2702" HPOS="3454"/>
                  <String HEIGHT="165"
                          WIDTH="327"
                          VPOS="2702"
                          HPOS="3364"
                          CONTENT="porter,"/>
                  <SP HEIGHT="165" WIDTH="30" VPOS="2702" HPOS="3692"/>
                  <String HEIGHT="165"
                          WIDTH="327"
                          VPOS="2702"
                          HPOS="3602"
                          CONTENT="skorpor"/>
                  <SP HEIGHT="165" WIDTH="30" VPOS="2702" HPOS="3930"/>
                  <String HEIGHT="165"
                          WIDTH="238"
                          VPOS="2702"
                          HPOS="3840"
                          CONTENT="till"/>
                  <SP HEIGHT="165" WIDTH="30" VPOS="2702" HPOS="4078"/>
                  <String HEIGHT="165"
                          WIDTH="268"
                          VPOS="2702"
                          HPOS="3989"
                          CONTENT="värde"/>
                  <SP HEIGHT="165" WIDTH="30" VPOS="2702" HPOS="4257"/>
                  <String HEIGHT="165"
                          WIDTH="178"
                          VPOS="2702"
                          HPOS="4167"
                          CONTENT="af"/>
                  <SP HEIGHT="165" WIDTH="30" VPOS="2702" HPOS="4346"/>
                  <String HEIGHT="165"
                          WIDTH="178"
                          VPOS="2702"
                          HPOS="4257"
                          CONTENT="En"/>
                  <SP HEIGHT="165" WIDTH="30" VPOS="2702" HPOS="4435"/>
                  <String HEIGHT="165"
                          WIDTH="238"
                          VPOS="2702"
                          HPOS="4316"
                          CONTENT="Krona,"/>
               </TextLine>
               <TextLine ID="r3l27"
                         BASELINE="2746,2946 2836,2942 2927,2938 3017,2934 3108,2929 3198,2925 3289,2921 3379,2916 3470,2911 3560,2907 3651,2902 3741,2897 3832,2892 3922,2888 4013,2882 4103,2877 4194,2873 4284,2868 4375,2864 4465,2860 4556,2856"
                         HEIGHT="159"
                         WIDTH="1810"
                         VPOS="2810"
                         HPOS="2746">
                  <String HEIGHT="159"
                          WIDTH="144"
                          VPOS="2810"
                          HPOS="2717"
                          CONTENT="6"/>
                  <SP HEIGHT="159" WIDTH="29" VPOS="2810" HPOS="2861"/>
                  <String HEIGHT="159"
                          WIDTH="172"
                          VPOS="2810"
                          HPOS="2775"
                          CONTENT="st"/>
                  <SP HEIGHT="159" WIDTH="29" VPOS="2810" HPOS="2947"/>
                  <String HEIGHT="159"
                          WIDTH="259"
                          VPOS="2810"
                          HPOS="2861"
                          CONTENT="mjuka"/>
                  <SP HEIGHT="159" WIDTH="29" VPOS="2810" HPOS="3119"/>
                  <String HEIGHT="159"
                          WIDTH="259"
                          VPOS="2810"
                          HPOS="3033"
                          CONTENT="bröd,"/>
                  <SP HEIGHT="159" WIDTH="29" VPOS="2810" HPOS="3292"/>
                  <String HEIGHT="159"
                          WIDTH="259"
                          VPOS="2810"
                          HPOS="3206"
                          CONTENT="värde"/>
                  <SP HEIGHT="159" WIDTH="29" VPOS="2810" HPOS="3464"/>
                  <String HEIGHT="159"
                          WIDTH="172"
                          VPOS="2810"
                          HPOS="3378"
                          CONTENT="En"/>
                  <SP HEIGHT="159" WIDTH="29" VPOS="2810" HPOS="3550"/>
                  <String HEIGHT="159"
                          WIDTH="259"
                          VPOS="2810"
                          HPOS="3464"
                          CONTENT="Krona"/>
                  <SP HEIGHT="159" WIDTH="29" VPOS="2810" HPOS="3723"/>
                  <String HEIGHT="159"
                          WIDTH="144"
                          VPOS="2810"
                          HPOS="3637"
                          CONTENT="2"/>
                  <SP HEIGHT="159" WIDTH="29" VPOS="2810" HPOS="3780"/>
                  <String HEIGHT="159"
                          WIDTH="201"
                          VPOS="2810"
                          HPOS="3694"
                          CONTENT="öre"/>
                  <SP HEIGHT="159" WIDTH="29" VPOS="2810" HPOS="3895"/>
                  <String HEIGHT="159"
                          WIDTH="201"
                          VPOS="2810"
                          HPOS="3809"
                          CONTENT="och"/>
                  <SP HEIGHT="159" WIDTH="29" VPOS="2810" HPOS="4010"/>
                  <String HEIGHT="159"
                          WIDTH="201"
                          VPOS="2810"
                          HPOS="3924"
                          CONTENT="ett"/>
                  <SP HEIGHT="159" WIDTH="29" VPOS="2810" HPOS="4125"/>
                  <String HEIGHT="159"
                          WIDTH="259"
                          VPOS="2810"
                          HPOS="4039"
                          CONTENT="bref,"/>
                  <SP HEIGHT="159" WIDTH="29" VPOS="2810" HPOS="4297"/>
                  <String HEIGHT="159"
                          WIDTH="373"
                          VPOS="2810"
                          HPOS="4183"
                          CONTENT="adresseradt"/>
               </TextLine>
               <TextLine ID="r3l28"
                         BASELINE="2760,3048 2801,3046 2843,3042 2885,3040 2927,3038 2969,3036 3011,3033 3053,3031 3095,3028 3137,3026 3179,3024 3220,3021 3262,3020 3304,3017 3346,3015 3388,3014 3430,3010 3472,3007 3514,3006 3556,3002 3598,2998"
                         HEIGHT="108"
                         WIDTH="838"
                         VPOS="2959"
                         HPOS="2760">
                  <String HEIGHT="108"
                          WIDTH="268"
                          VPOS="2959"
                          HPOS="2726"
                          CONTENT="till"/>
                  <SP HEIGHT="108" WIDTH="34" VPOS="2959" HPOS="2995"/>
                  <String HEIGHT="108"
                          WIDTH="201"
                          VPOS="2959"
                          HPOS="2894"
                          CONTENT="en"/>
                  <SP HEIGHT="108" WIDTH="34" VPOS="2959" HPOS="3095"/>
                  <String HEIGHT="108"
                          WIDTH="335"
                          VPOS="2959"
                          HPOS="2995"
                          CONTENT="person"/>
                  <SP HEIGHT="108" WIDTH="34" VPOS="2959" HPOS="3330"/>
                  <String HEIGHT="108"
                          WIDTH="168"
                          VPOS="2959"
                          HPOS="3229"
                          CONTENT="i"/>
                  <SP HEIGHT="108" WIDTH="34" VPOS="2959" HPOS="3397"/>
                  <String HEIGHT="108"
                          WIDTH="335"
                          VPOS="2959"
                          HPOS="3263"
                          CONTENT="Majorna;"/>
               </TextLine>
               <TextLine ID="r3l29"
                         BASELINE="2754,3126 2845,3122 2936,3119 3027,3116 3118,3112 3209,3107 3300,3102 3391,3098 3482,3094 3573,3088 3664,3085 3755,3080 3846,3074 3937,3070 4028,3065 4119,3060 4210,3055 4301,3050 4392,3045 4483,3041 4574,3036"
                         HEIGHT="147"
                         WIDTH="1820"
                         VPOS="2998"
                         HPOS="2754">
                  <String HEIGHT="147"
                          WIDTH="188"
                          VPOS="2998"
                          HPOS="2723"
                          CONTENT="3o"/>
                  <SP HEIGHT="147" WIDTH="31" VPOS="2998" HPOS="2911"/>
                  <String HEIGHT="147"
                          WIDTH="439"
                          VPOS="2998"
                          HPOS="2817"
                          CONTENT="Handlanden"/>
                  <SP HEIGHT="147" WIDTH="31" VPOS="2998" HPOS="3256"/>
                  <String HEIGHT="147"
                          WIDTH="282"
                          VPOS="2998"
                          HPOS="3162"
                          CONTENT="Johan"/>
                  <SP HEIGHT="147" WIDTH="31" VPOS="2998" HPOS="3444"/>
                  <String HEIGHT="147"
                          WIDTH="408"
                          VPOS="2998"
                          HPOS="3350"
                          CONTENT="Backlund,"/>
                  <SP HEIGHT="147" WIDTH="31" VPOS="2998" HPOS="3758"/>
                  <String HEIGHT="147"
                          WIDTH="345"
                          VPOS="2998"
                          HPOS="3664"
                          CONTENT="hvilken"/>
                  <SP HEIGHT="147" WIDTH="31" VPOS="2998" HPOS="4009"/>
                  <String HEIGHT="147"
                          WIDTH="220"
                          VPOS="2998"
                          HPOS="3915"
                          CONTENT="har"/>
                  <SP HEIGHT="147" WIDTH="31" VPOS="2998" HPOS="4135"/>
                  <String HEIGHT="147"
                          WIDTH="220"
                          VPOS="2998"
                          HPOS="4041"
                          CONTENT="sin"/>
                  <SP HEIGHT="147" WIDTH="31" VPOS="2998" HPOS="4260"/>
                  <String HEIGHT="147"
                          WIDTH="314"
                          VPOS="2998"
                          HPOS="4166"
                          CONTENT="handel"/>
                  <SP HEIGHT="147" WIDTH="31" VPOS="2998" HPOS="4480"/>
                  <String HEIGHT="147"
                          WIDTH="157"
                          VPOS="2998"
                          HPOS="4386"
                          CONTENT="i"/>
                  <SP HEIGHT="147" WIDTH="31" VPOS="2998" HPOS="4543"/>
                  <String HEIGHT="147"
                          WIDTH="157"
                          VPOS="2998"
                          HPOS="4417"
                          CONTENT="hu¬"
                          SUBS_TYPE="HypPart1"
                          SUBS_CONTENT="huset"/>
                  <HYP CONTENT="-"/>
               </TextLine>
               <TextLine ID="r3l30"
                         BASELINE="2760,3228 2851,3224 2942,3221 3033,3217 3124,3212 3215,3208 3306,3204 3397,3199 3488,3194 3579,3190 3671,3185 3762,3180 3853,3174 3944,3170 4035,3164 4126,3159 4217,3154 4308,3148 4399,3142 4490,3137 4582,3130"
                         HEIGHT="167"
                         WIDTH="1822"
                         VPOS="3084"
                         HPOS="2760">
                  <String HEIGHT="167"
                          WIDTH="209"
                          VPOS="3084"
                          HPOS="2730"
                          CONTENT="set"
                          SUBS_TYPE="HypPart2"
                          SUBS_CONTENT="huset"/>
                  <SP HEIGHT="167" WIDTH="30" VPOS="3084" HPOS="2939"/>
                  <String HEIGHT="167"
                          WIDTH="179"
                          VPOS="3084"
                          HPOS="2850"
                          CONTENT="No"/>
                  <SP HEIGHT="167" WIDTH="30" VPOS="3084" HPOS="3029"/>
                  <String HEIGHT="167"
                          WIDTH="149"
                          VPOS="3084"
                          HPOS="2939"
                          CONTENT="7"/>
                  <SP HEIGHT="167" WIDTH="30" VPOS="3084" HPOS="3089"/>
                  <String HEIGHT="167"
                          WIDTH="209"
                          VPOS="3084"
                          HPOS="2999"
                          CONTENT="vid"/>
                  <SP HEIGHT="167" WIDTH="30" VPOS="3084" HPOS="3208"/>
                  <String HEIGHT="167"
                          WIDTH="329"
                          VPOS="3084"
                          HPOS="3118"
                          CONTENT="Nygatan"/>
                  <SP HEIGHT="167" WIDTH="30" VPOS="3084" HPOS="3447"/>
                  <String HEIGHT="167"
                          WIDTH="149"
                          VPOS="3084"
                          HPOS="3357"
                          CONTENT="i"/>
                  <SP HEIGHT="167" WIDTH="30" VPOS="3084" HPOS="3507"/>
                  <String HEIGHT="167"
                          WIDTH="269"
                          VPOS="3084"
                          HPOS="3417"
                          CONTENT="Haga,"/>
                  <SP HEIGHT="167" WIDTH="30" VPOS="3084" HPOS="3686"/>
                  <String HEIGHT="167"
                          WIDTH="209"
                          VPOS="3084"
                          HPOS="3596"
                          CONTENT="att"/>
                  <SP HEIGHT="167" WIDTH="30" VPOS="3084" HPOS="3805"/>
                  <String HEIGHT="167"
                          WIDTH="299"
                          VPOS="3084"
                          HPOS="3716"
                          CONTENT="natten"/>
                  <SP HEIGHT="167" WIDTH="30" VPOS="3084" HPOS="4014"/>
                  <String HEIGHT="167"
                          WIDTH="239"
                          VPOS="3084"
                          HPOS="3925"
                          CONTENT="till"/>
                  <SP HEIGHT="167" WIDTH="30" VPOS="3084" HPOS="4164"/>
                  <String HEIGHT="167"
                          WIDTH="209"
                          VPOS="3084"
                          HPOS="4074"
                          CONTENT="den"/>
                  <SP HEIGHT="167" WIDTH="30" VPOS="3084" HPOS="4283"/>
                  <String HEIGHT="167"
                          WIDTH="179"
                          VPOS="3084"
                          HPOS="4194"
                          CONTENT="19"/>
                  <SP HEIGHT="167" WIDTH="30" VPOS="3084" HPOS="4373"/>
                  <String HEIGHT="167"
                          WIDTH="269"
                          VPOS="3084"
                          HPOS="4283"
                          CONTENT="sist."/>
                  <SP HEIGHT="167" WIDTH="30" VPOS="3084" HPOS="4552"/>
                  <String HEIGHT="167"
                          WIDTH="149"
                          VPOS="3084"
                          HPOS="4433"
                          CONTENT="De¬"
                          SUBS_TYPE="HypPart1"
                          SUBS_CONTENT="December"/>
                  <HYP CONTENT="-"/>
               </TextLine>
               <TextLine ID="r3l31"
                         BASELINE="2746,3332 2836,3328 2926,3323 3017,3318 3107,3314 3198,3309 3288,3306 3378,3301 3469,3297 3559,3294 3650,3290 3740,3286 3830,3282 3921,3280 4011,3276 4102,3271 4192,3268 4282,3264 4373,3259 4463,3255 4554,3250"
                         HEIGHT="151"
                         WIDTH="1808"
                         VPOS="3204"
                         HPOS="2746">
                  <String HEIGHT="151"
                          WIDTH="301"
                          VPOS="3204"
                          HPOS="2716"
                          CONTENT="cember"
                          SUBS_TYPE="HypPart2"
                          SUBS_CONTENT="December"/>
                  <SP HEIGHT="151" WIDTH="30" VPOS="3204" HPOS="3017"/>
                  <String HEIGHT="151"
                          WIDTH="331"
                          VPOS="3204"
                          HPOS="2927"
                          CONTENT="inbrott"/>
                  <SP HEIGHT="151" WIDTH="30" VPOS="3204" HPOS="3258"/>
                  <String HEIGHT="151"
                          WIDTH="392"
                          VPOS="3204"
                          HPOS="3168"
                          CONTENT="derstädes"/>
                  <SP HEIGHT="151" WIDTH="30" VPOS="3204" HPOS="3560"/>
                  <String HEIGHT="151"
                          WIDTH="422"
                          VPOS="3204"
                          HPOS="3469"
                          CONTENT="föröfvats,"/>
                  <SP HEIGHT="151" WIDTH="30" VPOS="3204" HPOS="3891"/>
                  <String HEIGHT="151"
                          WIDTH="331"
                          VPOS="3204"
                          HPOS="3801"
                          CONTENT="hvarvid"/>
                  <SP HEIGHT="151" WIDTH="30" VPOS="3204" HPOS="4132"/>
                  <String HEIGHT="151"
                          WIDTH="181"
                          VPOS="3204"
                          HPOS="4042"
                          CONTENT="en"/>
                  <SP HEIGHT="151" WIDTH="30" VPOS="3204" HPOS="4223"/>
                  <String HEIGHT="151"
                          WIDTH="452"
                          VPOS="3204"
                          HPOS="4132"
                          CONTENT="fönsterruta"/>
                  <SP HEIGHT="151" WIDTH="30" VPOS="3204" HPOS="4584"/>
                  <String HEIGHT="151" WIDTH="90" VPOS="3204" HPOS="4464" CONTENT="i"/>
               </TextLine>
               <TextLine ID="r3l32"
                         BASELINE="2746,3430 2837,3426 2928,3420 3020,3416 3111,3413 3203,3408 3294,3404 3385,3400 3477,3397 3568,3394 3660,3390 3751,3388 3842,3384 3934,3382 4025,3379 4117,3376 4208,3373 4299,3370 4391,3368 4482,3364 4574,3362"
                         HEIGHT="137"
                         WIDTH="1828"
                         VPOS="3316"
                         HPOS="2746">
                  <String HEIGHT="137"
                          WIDTH="413"
                          VPOS="3316"
                          HPOS="2717"
                          CONTENT="lägenheten"/>
                  <SP HEIGHT="137" WIDTH="29" VPOS="3316" HPOS="3129"/>
                  <String HEIGHT="137"
                          WIDTH="383"
                          VPOS="3316"
                          HPOS="3041"
                          CONTENT="inslagits"/>
                  <SP HEIGHT="137" WIDTH="29" VPOS="3316" HPOS="3424"/>
                  <String HEIGHT="137"
                          WIDTH="206"
                          VPOS="3316"
                          HPOS="3336"
                          CONTENT="och"/>
                  <SP HEIGHT="137" WIDTH="29" VPOS="3316" HPOS="3542"/>
                  <String HEIGHT="137"
                          WIDTH="177"
                          VPOS="3316"
                          HPOS="3454"
                          CONTENT="ur"/>
                  <SP HEIGHT="137" WIDTH="29" VPOS="3316" HPOS="3631"/>
                  <String HEIGHT="137"
                          WIDTH="177"
                          VPOS="3316"
                          HPOS="3542"
                          CONTENT="en"/>
                  <SP HEIGHT="137" WIDTH="29" VPOS="3316" HPOS="3719"/>
                  <String HEIGHT="137"
                          WIDTH="236"
                          VPOS="3316"
                          HPOS="3631"
                          CONTENT="låda"/>
                  <SP HEIGHT="137" WIDTH="29" VPOS="3316" HPOS="3866"/>
                  <String HEIGHT="137"
                          WIDTH="236"
                          VPOS="3316"
                          HPOS="3778"
                          CONTENT="inne"/>
                  <SP HEIGHT="137" WIDTH="29" VPOS="3316" HPOS="4014"/>
                  <String HEIGHT="137"
                          WIDTH="147"
                          VPOS="3316"
                          HPOS="3925"
                          CONTENT="i"/>
                  <SP HEIGHT="137" WIDTH="29" VPOS="3316" HPOS="4073"/>
                  <String HEIGHT="137"
                          WIDTH="324"
                          VPOS="3316"
                          HPOS="3984"
                          CONTENT="butiken"/>
                  <SP HEIGHT="137" WIDTH="29" VPOS="3316" HPOS="4309"/>
                  <String HEIGHT="137"
                          WIDTH="383"
                          VPOS="3316"
                          HPOS="4191"
                          CONTENT="tillgripits"/>
               </TextLine>
               <TextLine ID="r3l33"
                         BASELINE="2746,3532 2836,3526 2926,3520 3017,3516 3107,3510 3198,3505 3288,3500 3378,3496 3469,3491 3559,3488 3650,3484 3740,3480 3830,3478 3921,3474 4011,3472 4102,3468 4192,3466 4282,3464 4373,3462 4463,3460 4554,3458"
                         HEIGHT="143"
                         WIDTH="1808"
                         VPOS="3412"
                         HPOS="2746">
                  <String HEIGHT="143"
                          WIDTH="349"
                          VPOS="3412"
                          HPOS="2714"
                          CONTENT="omkring"/>
                  <SP HEIGHT="143" WIDTH="32" VPOS="3412" HPOS="3063"/>
                  <String HEIGHT="143"
                          WIDTH="222"
                          VPOS="3412"
                          HPOS="2968"
                          CONTENT="Två"/>
                  <SP HEIGHT="143" WIDTH="32" VPOS="3412" HPOS="3190"/>
                  <String HEIGHT="143"
                          WIDTH="317"
                          VPOS="3412"
                          HPOS="3095"
                          CONTENT="Kronor"/>
                  <SP HEIGHT="143" WIDTH="32" VPOS="3412" HPOS="3412"/>
                  <String HEIGHT="143"
                          WIDTH="159"
                          VPOS="3412"
                          HPOS="3317"
                          CONTENT="i"/>
                  <SP HEIGHT="143" WIDTH="32" VPOS="3412" HPOS="3476"/>
                  <String HEIGHT="143"
                          WIDTH="476"
                          VPOS="3412"
                          HPOS="3380"
                          CONTENT="kopparmynt,"/>
                  <SP HEIGHT="143" WIDTH="32" VPOS="3412" HPOS="3856"/>
                  <String HEIGHT="143"
                          WIDTH="190"
                          VPOS="3412"
                          HPOS="3761"
                          CONTENT="10"/>
                  <SP HEIGHT="143" WIDTH="32" VPOS="3412" HPOS="3951"/>
                  <String HEIGHT="143"
                          WIDTH="159"
                          VPOS="3412"
                          HPOS="3856"
                          CONTENT="℔"/>
                  <SP HEIGHT="143" WIDTH="32" VPOS="3412" HPOS="4015"/>
                  <String HEIGHT="143"
                          WIDTH="317"
                          VPOS="3412"
                          HPOS="3920"
                          CONTENT="Kaffe,"/>
                  <SP HEIGHT="143" WIDTH="32" VPOS="3412" HPOS="4237"/>
                  <String HEIGHT="143"
                          WIDTH="285"
                          VPOS="3412"
                          HPOS="4142"
                          CONTENT="värdt"/>
                  <SP HEIGHT="143" WIDTH="32" VPOS="3412" HPOS="4427"/>
                  <String HEIGHT="143"
                          WIDTH="159"
                          VPOS="3412"
                          HPOS="4332"
                          CONTENT="7"/>
                  <SP HEIGHT="143" WIDTH="32" VPOS="3412" HPOS="4491"/>
                  <String HEIGHT="143"
                          WIDTH="190"
                          VPOS="3412"
                          HPOS="4364"
                          CONTENT="kro¬"
                          SUBS_TYPE="HypPart1"
                          SUBS_CONTENT="kronor"/>
                  <HYP CONTENT="-"/>
               </TextLine>
               <TextLine ID="r3l34"
                         BASELINE="2754,3626 2842,3624 2930,3622 3019,3618 3107,3615 3196,3612 3284,3608 3372,3604 3461,3600 3549,3597 3638,3592 3726,3588 3814,3584 3903,3582 3991,3578 4080,3574 4168,3572 4256,3570 4345,3568 4433,3566 4522,3566"
                         HEIGHT="129"
                         WIDTH="1768"
                         VPOS="3520"
                         HPOS="2754">
                  <String HEIGHT="129"
                          WIDTH="203"
                          VPOS="3520"
                          HPOS="2725"
                          CONTENT="nor"
                          SUBS_TYPE="HypPart2"
                          SUBS_CONTENT="kronor"/>
                  <SP HEIGHT="129" WIDTH="29" VPOS="3520" HPOS="2928"/>
                  <String HEIGHT="129"
                          WIDTH="174"
                          VPOS="3520"
                          HPOS="2841"
                          CONTENT="50"/>
                  <SP HEIGHT="129" WIDTH="29" VPOS="3520" HPOS="3015"/>
                  <String HEIGHT="129"
                          WIDTH="232"
                          VPOS="3520"
                          HPOS="2928"
                          CONTENT="öre,"/>
                  <SP HEIGHT="129" WIDTH="29" VPOS="3520" HPOS="3160"/>
                  <String HEIGHT="129"
                          WIDTH="232"
                          VPOS="3520"
                          HPOS="3073"
                          CONTENT="bröd"/>
                  <SP HEIGHT="129" WIDTH="29" VPOS="3520" HPOS="3305"/>
                  <String HEIGHT="129"
                          WIDTH="232"
                          VPOS="3520"
                          HPOS="3218"
                          CONTENT="till"/>
                  <SP HEIGHT="129" WIDTH="29" VPOS="3520" HPOS="3450"/>
                  <String HEIGHT="129"
                          WIDTH="203"
                          VPOS="3520"
                          HPOS="3363"
                          CONTENT="ett"/>
                  <SP HEIGHT="129" WIDTH="29" VPOS="3520" HPOS="3566"/>
                  <String HEIGHT="129"
                          WIDTH="261"
                          VPOS="3520"
                          HPOS="3479"
                          CONTENT="värde"/>
                  <SP HEIGHT="129" WIDTH="29" VPOS="3520" HPOS="3739"/>
                  <String HEIGHT="129"
                          WIDTH="174"
                          VPOS="3520"
                          HPOS="3652"
                          CONTENT="af"/>
                  <SP HEIGHT="129" WIDTH="29" VPOS="3520" HPOS="3826"/>
                  <String HEIGHT="129"
                          WIDTH="145"
                          VPOS="3520"
                          HPOS="3739"
                          CONTENT="5"/>
                  <SP HEIGHT="129" WIDTH="29" VPOS="3520" HPOS="3884"/>
                  <String HEIGHT="129"
                          WIDTH="290"
                          VPOS="3520"
                          HPOS="3797"
                          CONTENT="kronor"/>
                  <SP HEIGHT="129" WIDTH="29" VPOS="3520" HPOS="4087"/>
                  <String HEIGHT="129"
                          WIDTH="203"
                          VPOS="3520"
                          HPOS="4000"
                          CONTENT="och"/>
                  <SP HEIGHT="129" WIDTH="29" VPOS="3520" HPOS="4203"/>
                  <String HEIGHT="129"
                          WIDTH="174"
                          VPOS="3520"
                          HPOS="4116"
                          CONTENT="en"/>
                  <SP HEIGHT="129" WIDTH="29" VPOS="3520" HPOS="4290"/>
                  <String HEIGHT="129"
                          WIDTH="348"
                          VPOS="3520"
                          HPOS="4174"
                          CONTENT="blecklåda,"/>
               </TextLine>
               <TextLine ID="r3l35"
                         BASELINE="2732,3744 2823,3738 2914,3733 3006,3727 3097,3722 3189,3717 3280,3712 3371,3708 3463,3704 3554,3700 3646,3696 3737,3693 3828,3690 3920,3686 4011,3684 4103,3680 4194,3678 4285,3677 4377,3676 4468,3674 4560,3674"
                         HEIGHT="136"
                         WIDTH="1828"
                         VPOS="3630"
                         HPOS="2732">
                  <String HEIGHT="136"
                          WIDTH="432"
                          VPOS="3630"
                          HPOS="2699"
                          CONTENT="hvarjemte"/>
                  <SP HEIGHT="136" WIDTH="33" VPOS="3630" HPOS="3131"/>
                  <String HEIGHT="136"
                          WIDTH="199"
                          VPOS="3630"
                          HPOS="3031"
                          CONTENT="en"/>
                  <SP HEIGHT="136" WIDTH="33" VPOS="3630" HPOS="3231"/>
                  <String HEIGHT="136"
                          WIDTH="598"
                          VPOS="3630"
                          HPOS="3131"
                          CONTENT="skrifbordslåda"/>
                  <SP HEIGHT="136" WIDTH="33" VPOS="3630" HPOS="3729"/>
                  <String HEIGHT="136"
                          WIDTH="366"
                          VPOS="3630"
                          HPOS="3629"
                          CONTENT="blifvit"/>
                  <SP HEIGHT="136" WIDTH="33" VPOS="3630" HPOS="3995"/>
                  <String HEIGHT="136"
                          WIDTH="465"
                          VPOS="3630"
                          HPOS="3895"
                          CONTENT="uppbruten,"/>
                  <SP HEIGHT="136" WIDTH="33" VPOS="3630" HPOS="4361"/>
                  <String HEIGHT="136"
                          WIDTH="299"
                          VPOS="3630"
                          HPOS="4261"
                          CONTENT="ehuru"/>
                  <SP HEIGHT="136" WIDTH="33" VPOS="3630" HPOS="4560"/>
                  <String HEIGHT="136"
                          WIDTH="133"
                          VPOS="3630"
                          HPOS="4427"
                          CONTENT="ej"/>
               </TextLine>
               <TextLine ID="r3l36"
                         BASELINE="2740,3832 2776,3831 2813,3830 2850,3828 2887,3827 2924,3826 2960,3824 2997,3822 3034,3822 3071,3819 3108,3818 3144,3816 3181,3814 3218,3813 3255,3810 3292,3810 3328,3807 3365,3805 3402,3803 3439,3802 3476,3800"
                         HEIGHT="98"
                         WIDTH="736"
                         VPOS="3756"
                         HPOS="2740">
                  <String HEIGHT="98"
                          WIDTH="276"
                          VPOS="3756"
                          HPOS="2709"
                          CONTENT="något"/>
                  <SP HEIGHT="98" WIDTH="31" VPOS="3756" HPOS="2985"/>
                  <String HEIGHT="98"
                          WIDTH="276"
                          VPOS="3756"
                          HPOS="2893"
                          CONTENT="derur"/>
                  <SP HEIGHT="98" WIDTH="31" VPOS="3756" HPOS="3169"/>
                  <String HEIGHT="98"
                          WIDTH="429"
                          VPOS="3756"
                          HPOS="3047"
                          CONTENT="tillgripits;"/>
               </TextLine>
            </TextBlock>
         </PrintSpace>
      </Page>
   </Layout>
</alto>
