4967 4074
480 197 672 196 förfalskade
1018 197 493 196 vexeln;
1377 197 314 196 att
1556 197 403 196 sedan
1825 197 314 196 han
2004 197 269 196 af
2094 197 269 196 den¬-

496 311 278 168 ne
635 311 370 168 fått
866 311 556 168 emottaga
1283 311 834 168 vexelbeloppet,
1978 311 324 168 han
2116 311 232 168 be¬-

482 410 442 188 gifvit
791 410 310 188 sig
968 410 354 188 till
1189 410 929 188 jernvägstationen,
1985 410 310 188 der
2118 410 221 188 han

473 517 452 157 snart
774 517 552 157 träffat
1175 517 703 157 Dahlström,
1728 517 552 157 hvilken
2079 517 301 157 der¬-

460 627 307 182 vid
636 627 526 182 omtalat,
1030 627 307 182 att
1206 627 307 182 han
1381 627 351 182 köpt
1601 627 307 182 två
1776 627 351 182 "små
1951 627 439 182 vexlar",

445 742 349 186 att
645 742 549 186 Hansson
1044 742 349 186 och
1244 742 649 186 Dahlström
1743 742 599 186 derefter
2142 742 250 186 med

452 853 447 197 första
765 853 447 197 bantåg
1078 853 358 197 rest
1301 853 358 197 till
1525 853 447 197 Tibro,
1838 853 313 197 der
2016 853 268 197 de
2106 853 268 197 ånyo

451 962 585 170 tillbragt
901 962 495 170 natten,
1261 962 585 170 hvarefter
1710 962 270 170 de
1845 962 315 170 den
2025 962 270 170 18
2115 962 270 170 Juni

440 1100 287 154 på
584 1100 574 154 morgonen
1015 1100 574 154 fortsatt
1445 1100 431 154 resan
1733 1100 383 154 till
1924 1100 431 154 Upsala,

448 1180 352 179 der
649 1180 654 179 Dahlström
1152 1180 503 179 inköpt
1503 1180 754 179 ytterligare
2056 1180 302 179 fyra

434 1319 421 143 "små
697 1319 631 143 vexlar",
1171 1319 421 143 utan
1434 1319 368 143 att
1644 1319 579 143 Hansson
2013 1319 368 143 kunde

451 1428 487 151 erinra
792 1428 341 151 sig
987 1428 584 151 beloppen
1425 1428 243 151 å
1522 1428 487 151 dessa;
1863 1428 341 151 att
2009 1428 341 151 Hans¬-

445 1516 342 149 son
641 1516 244 149 i
738 1516 489 149 Upsala
1081 1516 489 149 ingått
1423 1516 244 149 i
1521 1516 293 149 en
1667 1516 440 149 butik
1961 1516 342 149 och
2108 1516 244 149 be¬-

448 1634 330 156 dan
636 1634 330 156 han
825 1634 330 156 der
1013 1634 377 156 köpt
1249 1634 330 156 ett
1437 1634 518 156 paraply
1814 1634 330 156 vid
1955 1634 377 156 liqvid

437 1713 440 190 deraf
731 1713 685 190 framlemnat
1269 1713 294 190 en
1416 1713 391 190 till
1660 1713 342 190 565
1856 1713 294 190 kr
2003 1713 294 190 75
2100 1713 245 190 öre

437 1826 718 191 förfalskade
1011 1826 526 191 vexeln,
1394 1826 526 191 hvilken
1729 1826 622 191 emottagits,

417 1929 545 192 dervid
799 1929 600 192 Hansson
1236 1929 273 192 i
1345 1929 655 192 kontanta
1781 1929 600 192 penningar

433 2089 425 140 fått
699 2089 691 140 skilnaden
1230 2089 531 140 mellan
1549 2089 797 140 vexelbeloppet

431 2153 341 161 och
626 2153 487 161 priset
967 2153 244 161 å
1065 2153 682 161 paraplyet;
1601 2153 341 161 att
1796 2153 536 161 Hansson
2137 2153 244 161 och

412 2244 722 172 Dahlström
968 2244 667 172 derefter
1468 2244 500 172 samme
1802 2244 389 172 dag
1968 2244 445 172 afrest

412 2340 405 145 till
665 2340 708 145 Stockholm,
1222 2340 354 145 der
1425 2340 658 145 Dahlström
1931 2340 455 145 tagit
2184 2340 202 145 in

424 2448 312 133 på
580 2448 467 133 samma
891 2448 519 133 kotell
1255 2448 363 133 der
1462 2448 312 133 de
1618 2448 363 133 vid
1774 2448 623 133 genomresan

417 2552 468 137 bott,
729 2552 624 137 hvaremot
1197 2552 572 137 Hansson
1612 2552 416 137 bott
1872 2552 312 137 på
1976 2552 416 137 Hotell

440 2677 386 135 Kung
681 2677 435 135 Carls
971 2677 483 135 Annex;
1309 2677 338 135 att
1502 2677 290 135 de
1647 2677 435 135 redan
1889 2677 483 135 följande

417 2779 367 139 dag
626 2779 367 139 den
836 2779 315 139 19
994 2779 420 139 Juni
1256 2779 577 139 anträdt
1676 2779 630 139 hemresan
2096 2779 262 139 med

421 2869 527 121 bantag;
804 2869 335 121 att
996 2869 287 121 de
1140 2869 287 121 på
1283 2869 431 121 vägen
1571 2869 527 121 emellan
1906 2869 479 121 Katrine¬-

427 2979 417 110 holm
687 2979 365 110 och
896 2979 521 110 Moholm
1260 2979 260 110 i
1364 2979 313 110 en
1521 2979 313 110 af
1677 2979 677 110 Dahlström
2146 2979 156 110 i

435 3041 527 134 Upsala
804 3041 421 134 köpt
1067 3041 632 134 koffert,
1541 3041 474 134 klädd
1857 3041 369 134 med
2015 3041 369 134 hamp¬-

444 3168 325 128 tyg
629 3168 464 128 inlagt
954 3168 371 128 dels
1185 3168 232 128 6
1278 3168 325 128 1/2
1464 3168 417 128 alnar
1742 3168 464 128 kläde,
2020 3168 278 128 dels

426 3239 365 113 ock
635 3239 626 113 innanför
1104 3239 574 113 fodret,
1522 3239 574 113 hvarmed
1887 3239 470 113 mellan¬-

437 3344 540 114 skiftet
830 3344 245 114 i
928 3344 638 114 kofferten
1419 3344 442 114 varit
1713 3344 589 114 beklädt,
2106 3344 147 114 å

467 3429 581 179 skiftets
902 3429 339 179 ena
1096 3429 387 179 sida
1338 3429 290 179 de
1483 3429 242 179 6
1580 3429 242 179 i
1676 3429 436 179 Gefle
1967 3429 339 179 och
2112 3429 242 179 Up¬-

448 3593 408 84 sala
703 3593 562 84 inköpte
1112 3593 613 84 vexlarne
1571 3593 357 84 och
1775 3593 255 84 å
1877 3593 357 84 den
2031 3593 357 84 andre

440 3645 388 138 sedan
698 3645 259 138 en
828 3645 388 138 sedel
1086 3645 215 138 å
1172 3645 302 138 100
1345 3645 302 138 Kr,
1517 3645 560 138 hvarefter
1905 3645 474 138 Dahlström

2579 270 332 165 låst
2786 270 539 165 kofferten
3200 270 290 165 och
3366 270 456 165 försett
3698 270 497 165 densamme
4071 270 290 165 med
4195 270 373 165 följan¬-

2559 346 243 174 de
2680 346 445 174 adress:
3003 346 485 174 Gravören
3367 346 243 174 P.
3489 346 526 174 Stenberg,
3893 346 566 174 Falköping;
4298 346 202 174 att

2544 460 620 184 Dahlström
3021 460 572 184 derefter
3451 460 334 184 med
3642 460 763 184 blyertspenna
4214 460 334 184 skif¬-

2588 552 300 176 vit
2760 552 300 176 ett
2931 552 343 176 bref
3145 552 343 176 till
3359 552 514 176 Stenberg
3745 552 343 176 och,
3959 552 386 176 sedan
4216 552 300 176 han
4344 552 129 176 i

2566 672 565 114 Töreboda
2990 672 377 114 köpt
3225 672 330 114 ett
3414 672 471 114 kuvert
3743 672 377 114 samt
3979 672 377 114 deri
4167 672 377 114 inlagt

2599 757 454 116 brefvet
2929 757 289 116 och
3094 757 454 116 nyckeln
3424 757 330 116 till
3630 757 578 116 kofferten,
4084 757 454 116 afsändt
4373 757 206 116 bå¬-

2586 839 259 182 de
2715 839 388 182 denne
2974 839 302 182 och
3146 839 474 182 brefvit
3491 839 345 182 till
3706 839 560 182 Stenberg;
4137 839 302 182 att
4266 839 302 182 sedan

2595 938 286 136 de
2738 938 238 136 i
2834 938 477 136 Moholm
3167 938 381 136 till
3406 938 381 136 sine
3644 938 524 136 hustrur
4026 938 429 136 sändt
4264 938 286 136 hvar

2575 1037 379 177 sitt
2811 1037 615 177 enfärgade
3285 1037 757 177 klädningstyg
3900 1037 284 177 de
3995 1037 473 177 derifrån

2584 1146 503 148 samma
2920 1146 392 148 dag
3143 1146 392 148 den
3367 1146 336 148 19
3535 1146 448 148 juni
3815 1146 671 148 begifvit
4262 1146 280 148 sig

2585 1225 358 156 till
2809 1225 627 156 Mariestad,
3302 1225 314 156 der
3481 1225 314 156 de,
3660 1225 448 156 enligt
3974 1225 448 156 aftal,
4242 1225 314 156 skul¬-

2567 1334 348 116 le
2741 1334 928 116 sammanträffa
3495 1334 406 116 med
3727 1334 754 116 Stenberg;
4249 1334 290 116 att

2581 1445 450 114 sedan
2881 1445 300 114 de
3031 1445 650 114 derstädes
3531 1445 700 114 uppehållit
4082 1445 350 114 sig
4232 1445 350 114 några

2572 1540 507 171 dagar,
2927 1540 406 171 utan
3181 1540 355 171 att
3384 1540 609 171 Stenberg
3840 1540 456 171 låtit
4144 1540 355 171 sig
4296 1540 254 171 af¬-

2567 1648 522 168 höra,
2915 1648 754 168 Dahlström
3495 1648 290 168 i
3610 1648 464 168 bref
3900 1648 464 168 bedt
4132 1648 406 168 honom

2549 1736 491 184 möta
2855 1736 429 184 dem
3101 1736 307 184 i
3224 1736 675 184 Sköfde,
3714 1736 798 184 hvarefter
4267 1736 245 184 de

2556 1881 392 155 den
2780 1881 336 155 22
2948 1881 448 155 Juni
3228 1881 336 155 på
3396 1881 392 155 em.
3620 1881 560 155 afrest
4012 1881 448 155 till
4236 1881 280 155 Mo¬-

2570 1976 456 163 holm,
2874 1976 355 163 der
3077 1976 304 163 de
3229 1976 506 163 natten
3583 1976 405 163 till
3837 1976 355 163 den
4039 1976 304 163 23
4140 1976 355 163 Juni,

2563 2072 644 174 hvilken
3032 2072 410 174 dag
3266 2072 351 174 på
3442 2072 703 174 morgonen
3969 2072 351 174 de
4086 2072 410 174 farit

2576 2172 414 178 till
2835 2172 569 178 Sköfde,
3249 2172 362 178 dit
3456 2172 621 178 Stenberg
3921 2172 414 178 fram
4180 2172 310 178 på
4283 2172 259 178 fm.

2553 2330 607 125 anländt;
3008 2330 354 125 att
3211 2330 303 125 de
3362 2330 657 125 derstädes
3868 2330 253 125 i
3918 2330 607 125 Badhuspar¬-

2557 2423 406 91 ken
2789 2423 406 91 sig
3021 2423 638 91 emellan
3485 2423 522 91 delat
3832 2423 348 91 de
4006 2423 522 91 genom
4296 2423 232 91 de

2584 2494 536 168 falsta
2960 2494 697 168 vexlarnes
3496 2494 804 168 försäljande
4085 2494 429 168 åtkom¬-

2559 2600 332 139 ne
2725 2600 886 139 penningarne,
3444 2600 554 139 dervid
3832 2600 609 139 Hansson
4219 2600 277 139 be¬-

2576 2699 584 131 kommit
2984 2699 409 131 590
3218 2699 642 131 kronor,
3685 2699 759 131 Dahlström
4211 2699 292 131 500

2556 2791 492 169 Kronor
2900 2791 344 169 och
3097 2791 590 169 Stenberg
3540 2791 344 169 som
3736 2791 443 169 förut
4031 2791 393 169 fått
4228 2791 246 169 sig

2568 2895 265 149 i
2674 2895 689 149 Kofferten
3204 2895 689 149 tillsändt
3733 2895 371 149 100
3945 2895 318 149 kr
4104 2895 371 149 400
4263 2895 212 149 kr

2570 2974 320 183 att
2753 2974 320 183 det
2936 2974 457 183 öfriga
3256 2974 457 183 åtgått
3576 2974 366 183 dels
3804 2974 366 183 till
3987 2974 548 183 vexelköpen

2550 3080 386 181 dels
2791 3080 386 181 till
3032 3080 434 181 inköp
3322 3080 290 181 af
3467 3080 676 181 åtskillige
3950 3080 579 181 klädesper¬-

2561 3180 544 146 sedlar
2942 3180 327 146 åt
3105 3180 599 146 Hansson
3540 3180 381 146 och
3758 3180 707 146 Dahlström
4248 3180 327 146 samt

2528 3304 503 169 desses
2880 3304 604 169 hustrur,
3333 3304 403 169 dels
3584 3304 403 169 till
3836 3304 654 169 utlösande
4289 3304 201 169 af

2527 3399 602 173 kläder,
2965 3399 383 173 som
3184 3399 328 173 de
3348 3399 383 173 vid
3566 3399 492 173 resan
3894 3399 437 173 till
4113 3399 383 173 Gefle

2531 3509 256 182 i
2633 3509 666 182 Stockholm
3145 3509 563 182 nödgats
3555 3509 666 182 pantsätta
4067 3509 358 182 och
4221 3509 307 182 dels

2521 3624 390 167 till
2765 3624 878 167 resekostnader;
3497 3624 341 167 att
3692 3624 585 167 Stenberg
4131 3624 244 167 i
4180 3624 390 167 Sköfde
