5048 4078
411 188 278 193 och
570 188 238 193 No
689 188 358 193 16132
928 188 199 193 å
1007 188 238 193 18
1127 188 238 193 Kr
1246 188 238 193 60
1365 188 278 193 öre
1524 188 358 193 stäld
1763 188 318 193 till
1961 188 238 193 en
2081 188 278 193 som
2200 188 278 193 Dahl¬-

398 329 435 153 ström
688 329 484 153 kallat
1027 329 339 153 med
1220 329 677 153 tillnamnet
1752 329 532 153 Olsson,
2091 329 387 153 hvilka

395 439 407 139 namn
650 439 713 139 äfvenledes
1210 439 458 139 varit
1515 439 306 139 af
1668 439 662 139 Dahlström
2126 439 306 139 dik¬-

373 564 457 129 tade;
678 564 356 129 att
881 564 356 129 han
1085 564 508 129 inköpt
1440 564 610 129 vexlarne
1898 564 457 129 under
2152 564 203 129 No

375 674 449 131 16131
675 674 349 131 och
874 674 449 131 16132
1174 674 449 131 genom
1473 674 300 131 en
1623 674 749 131 vaktmästare
2172 674 150 131 å

384 770 963 133 Jernvägshotellet
1202 770 337 133 och
1395 770 289 133 de
1539 770 433 133 andre
1828 770 337 133 två
2021 770 433 133 genom
2261 770 193 133 en

403 853 668 155 uppassare
916 853 257 155 å
1019 853 719 155 värdshuset
1584 853 565 155 Rullan;
1996 853 360 155 att
2150 853 308 155 jem¬-

392 953 333 168 väl
583 953 285 168 de
725 953 238 168 i
820 953 476 168 Upsala
1153 953 428 168 köpte
1439 953 571 168 vexlarne
1867 953 428 168 varit
2105 953 285 168 per¬-

419 1081 592 161 forerade
863 1081 247 161 i
961 1081 345 161 det
1158 1081 789 161 bokstäfverna
1800 1081 345 161 som
1948 1081 542 161 uttryckte

413 1168 904 156 vexelbeloppen
1157 1168 478 156 varit
1476 1168 904 156 genomstungne;
2167 1168 266 156 att

377 1296 676 143 Dahlström
897 1296 260 143 i
1001 1296 572 143 Upsala,
1417 1296 520 143 jemväl
1781 1296 416 143 köpt
2041 1296 364 143 den
2197 1296 208 143 af

395 1387 561 145 Hansson
803 1387 714 145 omförmälde
1364 1387 714 145 Kofferten,
1924 1387 357 145 som
2077 1387 408 145 sändts

405 1496 379 178 till
642 1496 616 178 Stenberg;
1115 1496 332 178 att
1305 1496 379 178 han,
1542 1496 427 178 under
1826 1496 332 178 det
1968 1496 427 178 Hansson

404 1620 559 121 innevar
811 1620 254 121 i
912 1620 305 121 en
1065 1620 457 121 butik
1369 1620 254 121 i
1471 1620 508 121 Upsala
1826 1620 356 121 för
2030 1620 356 121 att
2182 1620 254 121 ut¬-

401 1717 579 163 prångla
823 1717 369 163 den
1033 1717 527 163 tredje
1402 1717 790 163 förfalskade
1981 1717 474 163 vexeln,

417 1806 331 162 dit
606 1806 520 162 ingått,
984 1806 331 162 för
1173 1806 331 162 att
1362 1806 378 162 höra
1598 1806 567 162 huruvida
1976 1806 425 162 Hansson

408 1938 623 147 lyckades
875 1938 260 147 i
979 1938 415 147 sitt
1239 1938 883 147 förehafvande,
1914 1938 415 147 dervid

418 2019 616 172 Dahlström
891 2019 711 172 tillhandlat
1460 2019 332 172 sig
1650 2019 332 172 ett
1839 2019 569 172 paraply;
2218 2019 237 172 att

413 2141 348 124 vid
612 2141 647 124 Stenbergs
1110 2141 448 124 besök
1409 2141 348 124 den
1608 2141 299 124 23
1757 2141 398 124 juni
2006 2141 249 124 i
2056 2141 398 124 skrif¬-

422 2211 496 164 Sköfde
770 2211 347 164 han
968 2211 347 164 och
1166 2211 694 164 Dahlström,
1712 2211 446 164 efter
2010 2211 347 164 det
2158 2211 298 164 pen¬-

422 2321 634 177 ningarne
898 2321 581 177 delats,
1320 2321 687 177 innevarit
1849 2321 264 177 i
1954 2321 317 177 en
2060 2321 370 177 butik

400 2394 312 200 der
579 2394 535 200 Stenberg
980 2394 357 200 köpt
1203 2394 268 200 en
1337 2394 357 200 hatt
1560 2394 357 200 till
1783 2394 312 200 sin
1962 2394 446 200 hustru
2229 2394 268 200 jem¬-

406 2518 296 152 te
554 2518 445 152 några
850 2518 445 152 andra
1147 2518 1235 152 fruntimmerspersedlar;
2184 2518 247 152 att

383 2608 662 152 Stenberg
880 2608 386 152 som
1100 2608 497 152 samma
1432 2608 442 152 dag,
1707 2608 552 152 tidigt
2094 2608 331 152 på
2204 2608 221 152 e.

390 2700 319 169 m.
549 2700 532 169 afrest
922 2700 426 169 från
1188 2700 585 169 Sköfde;
1613 2700 372 169 att
1773 2700 585 169 Dahlström

408 2818 861 130 midsommardagen
1126 2818 383 130 rest
1365 2818 383 130 till
1605 2818 622 130 Ekedalen,
2083 2818 335 130 der
2227 2818 239 130 han

413 2913 678 155 emellertid
946 2913 388 155 ånyo
1188 2913 533 155 träffat
1576 2913 630 155 Stenberg;
2060 2913 339 155 att
2206 2913 242 155 se¬-

413 3020 393 160 dan
637 3020 729 160 Dahlström
1198 3020 561 160 dervid
1591 3020 561 160 kommit
1983 3020 393 160 att
2152 3020 280 160 för

413 3116 472 126 honom
727 3116 577 126 omtala,
1147 3116 367 126 att
1356 3116 367 126 det
1566 3116 472 126 varit
1828 3116 577 126 Dahlström

397 3215 343 151 som
593 3215 441 151 låtit
887 3215 392 151 köpa
1131 3215 294 151 de
1278 3215 245 151 6
1376 3215 392 151 till
1621 3215 587 151 Stenberg
2012 3215 392 151 öfver¬-

405 3316 597 192 lemnade
839 3316 705 192 vexlarne,
1381 3316 651 192 Stenberg
1815 3316 597 192 förklarat

415 3440 356 163 att
619 3440 356 163 han
822 3440 407 163 icke
1076 3440 356 163 för
1279 3440 458 163 något
1585 3440 407 163 pris
1839 3440 458 163 ville
2093 3440 305 163 taga

409 3579 708 152 befattning
966 3579 354 152 med
1168 3579 455 152 deras
1472 3579 860 152 förfalskande;
2129 3579 253 152 att

2596 207 567 167 Dahlström
3033 207 218 167 i
3120 207 567 167 anledning
3556 207 393 167 deraf
3818 207 436 167 ansett
4123 207 305 167 det
4254 207 393 167 utsatta

2619 331 424 171 mötet
2902 331 236 171 i
2996 331 424 171 Skarn
3279 331 377 171 vara
3514 331 377 171 utan
3750 331 518 171 ändamål
4127 331 330 171 och
4268 331 424 171 derföre

2626 469 300 102 den
2797 469 257 102 26
2926 469 343 102 Juni
3140 469 428 102 direkt
3440 469 428 102 afrest
3740 469 343 102 till
3954 469 600 102 Uddevalla;
4382 469 214 102 att

2609 534 348 128 han
2808 534 447 128 ämnat
3106 534 348 128 att
3305 534 447 128 under
3603 534 447 128 vägen
3901 534 447 128 derom
4149 534 547 128 underrät¬-

2594 630 295 129 ta
2741 630 589 129 Hansson,
3183 630 344 129 men
3379 630 491 129 kommit
3723 630 344 129 att
3919 630 589 129 försumma
4312 630 393 129 detta,

2605 730 329 129 att
2793 730 564 129 Stenberg
3216 730 329 129 vid
3404 730 940 129 sammanträffandet
4204 730 329 129 med
4345 730 329 129 Dahl¬-

2622 820 427 119 ström
2906 820 237 119 i
3001 820 570 119 Ekedalen
3429 820 380 119 till
3666 820 427 119 honom
3951 820 665 119 återlemnat
4426 820 237 119 det

2625 931 219 142 i
2713 931 569 142 kofferten
3151 931 394 142 honom
3414 931 569 142 tillsända
3852 931 482 142 klädet,
4202 931 307 142 med
4333 931 307 142 till¬-

2623 1013 881 164 kännagifvande,
3357 1013 343 164 att
3553 1013 343 164 han
3749 1013 392 164 icke
3994 1013 441 164 kunde
4238 1013 441 164 använda

2614 1104 665 118 detsamma,
3126 1104 256 118 i
3228 1104 665 118 anledning
3740 1104 512 118 hvaraf
4047 1104 563 118 Dahlström

2630 1194 582 186 medtagit
3067 1194 340 186 det
3261 1194 388 186 till
3504 1194 680 186 Uddevalla;
4038 1194 340 186 att
4184 1194 485 186 Söndagen

2614 1291 354 185 den
2817 1291 304 185 27
2969 1291 405 185 Juni
3222 1291 304 185 på
3374 1291 607 185 morgonen
3829 1291 607 185 Hanssons
4234 1291 405 185 hustru

2624 1386 575 147 infunnit
3055 1386 335 147 sig
3247 1386 240 147 i
3343 1386 671 147 Dahlströms
3870 1386 479 147 bostad
4205 1386 335 147 och
4349 1386 335 147 efter

2602 1488 379 151 att
2818 1488 487 151 hafva
3143 1488 433 151 till
3414 1488 487 151 honom
3738 1488 758 151 framlemnat
4279 1488 271 151 ett

2610 1566 494 166 bref,
2939 1566 384 166 som
3159 1566 384 166 hon
3379 1566 439 166 sagt
3653 1566 384 166 sig
3872 1566 494 166 hafva
4147 1566 439 166 straxt

2606 1735 558 135 förut
2978 1735 496 135 från
3288 1735 682 135 Hansson
3785 1735 744 135 mottagit
4281 1735 310 135 men

2633 1786 437 159 icke
2906 1786 546 159 kunnat
3288 1786 491 159 läsa,
3616 1786 437 159 bedt
3889 1786 710 159 Dahlström
4380 1786 273 159 ta¬-

2644 1905 312 140 ga
2800 1905 364 140 del
3008 1905 312 140 af
3164 1905 416 140 dess
3424 1905 676 140 innehåll;
3944 1905 364 140 att
4152 1905 312 140 då
4256 1905 364 140 Dahl¬-

2620 2000 545 170 ström,
3002 2000 382 170 som
3220 2000 545 170 genast
3602 2000 436 170 läst
3875 2000 654 170 brefvet,
4311 2000 382 170 hvil¬-

2638 2115 375 126 kit
2853 2115 482 126 varit
3174 2115 804 126 synnerligen
3817 2115 322 126 sg
3978 2115 589 126 suddigt
4353 2115 268 126 och

2618 2222 871 130 svårläst,
3288 2222 670 130 funnit
3756 2222 804 130 detsamma
4292 2222 335 130 som

2634 2320 503 154 varit
2969 2320 671 154 skrifvet
3472 2320 279 154 i
3584 2320 782 154 Lidköping,
4143 2320 559 154 innehål¬-

2615 2481 358 102 ta
2794 2481 1014 102 underrättelse
3629 2481 596 102 derom;
4047 2481 417 102 att
4226 2481 417 102 Hans¬-

2625 2535 378 177 son
2841 2535 594 177 blifvit
3273 2535 324 177 af
3435 2535 486 177 polis
3759 2535 648 177 anhållen
4245 2535 270 177 i
4299 2535 378 177 följd

2621 2644 321 181 af
2781 2644 374 181 ett
2995 2644 428 181 från
3262 2644 642 181 Göteborg
3743 2644 588 181 anländt
4118 2644 588 181 telegram,

2635 2762 730 167 Dahlström
3196 2762 449 167 utan
3477 2762 393 167 att
3702 2762 674 167 delgifva
4151 2762 449 167 hustru

2618 2911 598 144 Hansson
3052 2911 652 144 brefvets
3541 2911 706 144 innehåll,
4085 2911 543 144 genast
4411 2911 326 144 upp¬-

2618 2992 521 133 bränt
2965 2992 752 133 detsamma;
3544 2992 405 133 att
3776 2992 347 133 en
3949 2992 579 133 handl.
4297 2992 347 133 Carl

2610 3127 663 143 Andersson
3120 3127 255 143 i
3222 3127 714 143 Uddevalla,
3783 3127 357 143 med
3987 3127 561 143 hvilken
4344 3127 357 143 Dahl¬-

2611 3206 492 122 ström
2939 3206 437 122 vore
3213 3206 437 122 nära
3486 3206 601 122 bekant,
3923 3206 656 122 Måndagen
4361 3206 273 122 den

2611 3318 305 155 27
2764 3318 407 155 Juni
3018 3318 610 155 inkommit
3476 3318 407 155 till
3730 3318 661 155 Dahlström
4238 3318 407 155 och,
4442 3318 254 155 med

2628 3421 643 149 förmälan
3111 3421 375 149 att
3325 3421 1019 149 Kronolänsmannen
4130 3421 536 149 Thorsell

2639 3519 466 146 visst
2950 3519 674 146 Andersson
3468 3519 311 146 en
3624 3519 570 146 tidning
4038 3519 414 146 deri
4245 3519 363 146 Dahl¬-

2646 3631 411 174 ström
2921 3631 686 174 efterlystes
3469 3631 320 174 för
3652 3631 869 174 förfalskningar,
4338 3631 274 174 bedt
