5071 4037
120 252 278 86 No
212 252 186 86 59

98 382 356 74 Josefina
336 382 148 74 Jo¬-

42 476 396 72 hansson

584 202 482 126 Hustrun
935 202 526 126 Mathilda
1329 202 526 126 Eriksson
1723 202 438 126 boende
2030 202 219 126 i
2073 202 307 126 huset

533 334 236 122 No
651 334 197 122 6
729 334 275 122 vid
886 334 511 122 Änggatan,
1279 334 275 122 har
1437 334 472 122 Fredagen
1790 334 275 122 den
1948 334 236 122 12
2066 334 393 122 dennes

520 454 382 128 anmält
787 454 191 128 å
864 454 306 128 3dje
1055 454 765 128 polisdistriktets
1705 454 535 128 vaktkontor
2088 454 344 128 anmält,

507 599 271 105 att
662 599 271 105 hos
817 599 348 105 henne
1049 599 542 105 inneboende
1475 599 426 105 Hustrun
1784 599 464 105 Josefina
2094 599 348 105 Johans¬-

517 707 302 113 son
690 707 389 113 sagde
949 707 302 113 dag
1122 707 259 113 på
1251 707 346 113 f.m.
1467 707 562 113 hemkommit
1899 707 302 113 och
2072 707 259 113 då
2159 707 259 113 med¬-

508 832 319 102 fört
708 832 239 102 en
827 832 639 102 fläskskinka,
1346 832 279 102 som
1506 832 479 102 Eriksson
1825 832 479 102 misstänkte

498 950 378 94 henne
750 950 378 94 hafva
1003 950 252 94 på
1129 950 463 94 oärligt
1465 950 336 94 sätt
1633 950 463 94 åtkommit.

541 1064 260 100 På
671 1064 391 100 grund
931 1064 391 100 häraf
1192 1064 304 100 har
1365 1064 825 100 Poliskonstapeln
2060 1064 260 100 No
2147 1064 217 100 139

525 1182 425 102 Winberg
835 1182 348 102 samma
1067 1182 271 102 dag
1221 1182 271 102 kl.
1376 1182 271 102 1/4
1531 1182 193 102 6
1608 1182 309 102 e.m.
1801 1182 464 102 anhållit
2111 1182 309 102 ofvan¬-

522 1308 362 98 namde
763 1308 563 98 Johansson,
1205 1308 442 98 hvilken
1527 1308 282 98 vid
1688 1308 282 98 det
1849 1308 282 98 med
2010 1308 362 98 henne
2211 1308 201 98 an¬-

535 1416 333 112 stälda
768 1416 333 112 förhör
1000 1416 366 112 erkänt,
1266 1416 233 112 att
1399 1416 233 112 hon
1532 1416 166 112 i
1599 1416 333 112 afsigt
1832 1416 233 112 att
1965 1416 333 112 bettla
2164 1416 266 112 ingått

540 1546 181 112 i
612 1546 325 112 huset
829 1546 217 112 No
937 1546 217 112 18
1046 1546 253 112 vid
1190 1546 578 112 Kronhusgatan
1660 1546 253 112 och
1804 1546 217 112 ur
1912 1546 253 112 ett
2057 1546 253 112 kök
2165 1546 217 112 der¬-

521 1671 412 99 städes
809 1671 577 99 tillgripit
1263 1671 619 99 ifrågakomne
1758 1671 454 99 skinka,
2088 1671 289 99 som
2212 1671 206 99 hon

518 1797 393 81 medfört
804 1797 286 81 till
947 1797 393 81 bostaden.

529 1908 569 93 Handlanden
976 1908 244 93 C.
1098 1908 244 93 A.
1220 1908 528 93 Palmgren,
1627 1908 406 93 boende
1911 1908 203 93 i
1992 1908 366 93 huset
2195 1908 163 93 No

515 2018 237 113 18
633 2018 276 113 vid
791 2018 671 113 Kronhusgatan,
1343 2018 276 113 har
1501 2018 394 113 anmält
1777 2018 276 113 sig
1935 2018 355 113 ensam
2132 2018 276 113 egare

515 2141 341 102 till
729 2141 469 102 skinkan
1070 2141 384 102 under
1326 2141 469 102 uppgift
1667 2141 299 102 att
1838 2141 512 102 densamma
2179 2141 213 102 som

536 2260 301 88 vägt
725 2260 226 88 13
838 2260 188 88 ℔
913 2260 565 88 tillgripits
1365 2260 226 88 ur
1478 2260 301 88 hans
1667 2260 339 88 köket
1893 2260 301 88 till
2081 2260 301 88 hans
2232 2260 188 88 bo¬-

470 2393 288 66 stad

549 2475 409 68 Skinkan
846 2475 260 68 har
995 2475 409 68 blefvit
1293 2475 298 68 till
1479 2475 372 68 egaren
1702 2475 484 68 återlemnad.

566 2582 253 92 På
692 2582 380 92 grund
946 2582 253 92 af
1072 2582 338 92 hvad
1283 2582 464 92 sålunda
1621 2582 591 92 förekommit
2042 2582 338 92 kommer

530 2676 404 122 Josefina
833 2676 438 122 Johansson
1170 2676 236 122 att
1305 2676 303 122 denna
1507 2676 236 122 dag
1642 2676 236 122 för
1776 2676 370 122 PolisKn
2012 2676 404 122 inställas.

1529 2772 423 93 Göteborg
1846 2772 247 93 den
1987 2772 212 93 13
2093 2772 282 93 Mars
2234 2772 212 93 1880

110 2908 322 74 No
218 2908 214 74 60

111 3004 294 78 Robert
287 3004 235 78 Emanu¬-

103 3088 176 62 el
161 3088 323 62 Andersson

114 3158 170 58 och
211 3158 218 58 Frans
332 3158 170 58 Oscar

48 3236 444 77 Samuelsson

646 2890 761 90 Poliskonstapeln
1287 2890 240 90 No
1407 2890 240 90 16
1527 2890 481 90 Lehnberg
1887 2890 280 90 har
2008 2890 400 90 Fredagen

553 3013 242 96 den
692 3013 208 96 12
796 3013 346 96 dennes
1038 3013 242 96 kl.
1177 3013 242 96 1/2
1315 3013 173 96 2
1385 3013 277 96 e.m.
1558 3013 173 96 å
1627 3013 208 96 St
1731 3013 312 96 Eriks
1939 3013 277 96 torg
2078 3013 346 96 anhållit

536 3129 663 92 ynglingarne
1066 3129 442 92 Robert
1376 3129 486 92 Emanuel
1729 3129 575 92 Andersson
2127 3129 221 92 och

533 3250 393 100 boende
808 3250 197 100 i
886 3250 354 100 huset
1122 3250 236 100 No
1240 3250 236 100 10
1358 3250 275 100 vid
1515 3250 590 100 Mellangatan
1987 3250 197 100 i
2026 3250 354 100 Landala

520 3384 487 94 bergen,
874 3384 310 94 och
1051 3384 399 94 Frans
1317 3384 399 94 Oscar
1583 3384 620 94 Samuelsson
2026 3384 354 94 boende

535 3512 373 106 huset
783 3512 248 106 No
907 3512 248 106 11
1031 3512 290 106 vid
1197 3512 373 106 samma
1445 3512 331 106 gata
1652 3512 290 106 för
1818 3512 290 106 det
1983 3512 248 106 de
2066 3512 290 106 hvar¬-

538 3640 338 112 dera
749 3640 507 112 innehaft
1130 3640 254 112 en
1257 3640 338 112 säck
1468 3640 465 112 stenkol
1806 3640 296 112 för
1933 3640 423 112 åtkomst,

512 3772 484 108 hvartill
874 3772 242 108 de
995 3772 322 108 icke
1197 3772 403 108 kunnat
1439 3772 443 108 redogöra.

2697 179 299 91 Vid
2868 179 299 91 det
3039 179 299 91 med
3209 179 555 91 Andersson
3636 179 299 91 och
3807 179 597 91 Samuelsson
4276 179 213 91 i
4319 179 213 91 an¬-

2660 307 442 103 ledning
2981 307 362 103 häraf
3222 307 482 103 anstälde
3584 307 402 103 förhör
3865 307 362 103 hafva
4106 307 241 103 de
4186 307 362 103 vidgått

2655 461 269 101 1o
2790 461 583 101 Andersson
3238 461 314 101 att
3418 461 314 101 han
3597 461 314 101 och
3777 461 628 101 Samuelsson
4270 461 359 101 från
4449 461 135 101 å

2681 591 738 123 Hultmansholme
3289 591 478 123 stående
3636 591 782 123 jernvägsvagnar
4244 591 304 123 till¬-

2677 715 426 137 gripit
2975 715 255 137 de
3103 715 255 137 af
3231 715 298 137 dem
3401 715 553 137 innehafde
3827 715 553 137 stenkolen
4252 715 298 137 som
4380 715 170 137 de

2681 838 384 154 ämnat
2937 838 555 154 försälja;
3364 838 341 154 samt
3578 838 299 154 att
3748 838 299 154 han
3919 838 299 154 som
4090 838 299 154 för
4218 838 384 154 omkring

2687 952 223 182 8
2777 952 401 182 dagar
3044 952 401 182 sedan
3312 952 268 182 på
3446 952 401 182 samma
3713 952 446 182 ställe
3981 952 535 182 tillgripit

2675 1065 427 183 omkring
2986 1065 194 183 1
3064 1065 272 183 1/2
3219 1065 272 183 fot
3374 1065 427 183 stenkol
3685 1065 272 183 för
3840 1065 233 183 25
3957 1065 272 183 öre
4112 1065 427 183 försolt
4384 1065 194 183 dem

2679 1201 326 171 till
2883 1201 856 171 Skräddaremästaren
3617 1201 245 171 J.
3739 1201 245 171 B.
3861 1201 489 171 Nordberg
4228 1201 408 171 boende

2680 1353 199 153 i
2760 1353 358 153 huset
2998 1353 238 153 No
3117 1353 238 153 18
3236 1353 278 153 vid
3395 1353 715 153 Spannmålsgatan
3951 1353 199 153 och

2686 1476 278 156 2o
2825 1476 648 156 Samuelsson
3334 1476 232 156 i
3427 1476 926 156 öfverenstämmelse
4214 1476 324 156 med
4353 1476 232 156 An¬-

2700 1587 440 187 dersson
3020 1587 200 187 i
3100 1587 320 187 hvad
3299 1587 360 187 honom
3539 1587 479 187 anginge,
3899 1587 280 187 med
4059 1587 479 187 tillägg,
4378 1587 200 187 att

2702 1717 324 171 han
2887 1717 556 171 dessutom
3304 1717 556 171 Lördagen
3720 1717 324 171 den
3906 1717 232 171 6
3998 1717 463 171 dennes
4276 1717 278 171 från

2714 1837 692 179 Jernvägsvagnar
3290 1837 538 179 tillgripit
3713 1837 423 179 omkring
4021 1837 192 179 1
4098 1837 269 179 fot
4213 1837 385 179 stenkol,

2701 1985 274 163 som
2858 1985 274 163 han
3014 1985 274 163 för
3171 1985 235 163 25
3289 1985 274 163 öre
3446 1985 431 163 försålt
3759 1985 314 163 till
3955 1985 431 163 Hustrun
4230 1985 274 163 Maria

2713 2117 513 152 Christina
3107 2117 474 152 Carlsson
3463 2117 197 152 i
3542 2117 355 152 huset
3778 2117 237 152 No
3897 2117 237 152 18
4015 2117 276 152 vid
4134 2117 434 152 sistnämde

2696 2291 232 81 gata.

2720 2335 805 135 Skräddaremästare
3404 2335 523 135 Nordberg,
3807 2335 282 135 och
3968 2335 443 135 hustrun
4250 2335 322 135 Carls¬-

2722 2451 280 149 son
2882 2451 360 149 hafva
3122 2451 520 149 vitsordat
3522 2451 560 149 Anderssons
3962 2451 280 149 och
4082 2451 520 149 Samuelssons

2703 2567 600 155 berättelse
3174 2567 514 155 angående
3560 2567 386 155 köpet
3817 2567 257 155 af
3903 2567 471 155 stenkolen

2705 2685 373 159 Någon
2953 2685 580 159 upplysning
3409 2685 249 159 om
3534 2685 373 159 egare
3782 2685 332 159 till
3990 2685 539 159 stenkolen
4363 2685 207 159 har

2721 2835 330 117 icke
2927 2835 412 117 kunnat
3174 2835 454 117 erhållas.

2739 2923 269 134 På
2874 2923 404 134 grund
3143 2923 269 134 af
3277 2923 359 134 hvad
3502 2923 493 134 sålunda
3860 2923 628 134 förekommit
4309 2923 269 134 kom¬-

2731 3035 286 133 mer
2895 3035 409 133 Robert
3181 3035 450 133 Emanuel
3508 3035 532 133 Andersson
3917 3035 286 133 och
4081 3035 368 133 Frans
4286 3035 286 133 Oscar

2717 3143 603 143 Samuelsson
3190 3143 301 143 att
3363 3143 387 143 denna
3621 3143 301 143 dag
3793 3143 301 143 för
3922 3143 646 143 Poliskammaren

2713 3268 504 140 inställas
3101 3268 427 140 deremot
3411 3268 233 140 är
3528 3268 466 140 Nordberg
3877 3268 272 140 och
4032 3268 427 140 hustrun
4304 3268 310 140 Carls¬-

2706 3399 294 134 son
2874 3399 294 134 äro
3042 3399 461 134 kallade
3377 3399 336 134 till
3545 3399 671 134 Poliskammaren.

3490 3490 507 121 Göteborg
3870 3490 296 121 den
4039 3490 253 121 13
4166 3490 338 121 Mars
4335 3490 253 121 1880
