5079 4116
552 156 315 175 och
732 156 405 175 efter
1002 156 315 175 att
1183 156 405 175 hafva
1453 156 270 175 på
1588 156 450 175 stegen
1903 156 360 175 gått
2129 156 315 175 upp
2264 156 180 175 på

531 270 699 193 detsamma
1055 270 408 193 med
1288 270 350 193 en
1463 270 350 193 af
1638 270 524 193 honom
1929 270 524 193 medförd

538 383 403 182 krökt
807 383 538 182 Jerntråd
1210 383 448 182 öppnat
1524 383 403 182 låset
1793 383 314 182 for
1927 383 538 182 dufslagets

537 534 318 164 dörr
736 534 318 164 samt
934 534 476 164 derefter
1291 534 198 164 i
1371 534 397 164 slaget
1649 534 556 164 tillgripit
2046 534 476 164 tillgripit

499 639 429 174 några
785 639 524 174 dufvor,
1166 639 334 174 som
1357 639 334 174 han
1548 639 572 174 medtagit
1977 639 238 174 i
2072 639 286 174 en
2167 639 286 174 med¬-

502 742 372 209 ford
735 742 372 209 korg
968 742 465 209 hilken
1293 742 326 209 han
1479 742 558 209 derefter
1898 742 465 209 lemnat
2177 742 279 209 till

512 894 449 190 Seholm
826 894 314 190 som
1006 894 494 190 stadnat
1365 894 269 190 på
1500 894 404 190 något
1769 894 494 190 kortare
2084 894 404 190 afstånd

519 1026 321 224 från
720 1026 562 224 dufslaget;
1161 1026 281 224 att
1322 1026 442 224 Dittmer
1643 1026 482 224 derefter
2004 1026 321 224 åter
2165 1026 321 224 begif¬-

503 1171 287 198 vit
667 1171 287 198 sig
831 1171 328 198 till
1036 1171 533 198 dufslaget
1446 1171 287 198 der
1609 1171 287 198 han
1773 1171 246 198 då
1896 1171 574 198 tillgripit
2306 1171 164 198 de

510 1308 467 201 dufvor
837 1308 327 201 som
1024 1308 373 201 annu
1257 1308 514 201 funnits
1631 1308 373 201 qvar
1864 1308 233 201 i
1957 1308 467 201 slaget
2238 1308 233 201 och

501 1411 476 211 hvilka
835 1411 333 211 han
1025 1411 571 211 medtagit
1453 1411 238 211 i
1549 1411 286 211 en
1691 1411 286 211 af
1834 1411 428 211 honom
2072 1411 381 211 jemväl

522 1546 501 188 medförd
887 1546 592 188 nattsäck,
1343 1546 592 188 hvarefter
1798 1546 319 188 han
1981 1546 228 188 i
2026 1546 456 188 sällskap

522 1695 320 161 med
705 1695 457 161 Seholm
1025 1695 548 161 begifvit
1436 1695 320 161 sig
1619 1695 366 161 till
1848 1695 320 161 sin
2031 1695 457 161 bostad
2305 1695 137 161 å

520 1806 582 200 Carlslund,
978 1806 291 200 der
1144 1806 291 200 han
1311 1806 499 200 insläppt
1685 1806 499 200 dufvorna
2059 1806 208 200 i
2142 1806 250 200 en
2225 1806 250 200 ved¬-

498 1954 353 178 bod
699 1954 757 178 tillsammans
1305 1954 353 178 med
1507 1954 454 178 några
1809 1954 454 178 honom
2062 1954 353 178 till¬-

493 2042 460 231 horiga
815 2042 506 231 dufvor;
1183 2042 368 231 samt
1413 2042 322 231 att
1596 2042 460 231 enligt
1918 2042 368 231 hvad
2148 2042 322 231 han
2286 2042 230 231 an¬-

507 2188 358 217 toge
731 2188 269 217 de
865 2188 627 217 tillgripne
1358 2188 537 217 dufvorna
1760 2188 358 217 icke
1939 2188 448 217 utgjorde

524 2352 371 174 flera
771 2352 247 174 än
895 2352 247 174 21
977 2352 371 174 stycken

533 2497 812 155 Maleriarbetaren
1217 2497 342 155 Otto
1431 2497 513 155 Frithiof
1816 2497 428 155 Seholm
2115 2497 299 155 som
2243 2497 257 155 Jem¬-

506 2616 291 204 väl
673 2616 208 204 i
756 2616 540 204 anledning
1172 2616 374 204 häraf
1421 2616 457 204 blifvit
1754 2616 499 204 anhållen
2128 2616 291 204 och
2253 2616 249 204 hörd

516 2781 316 162 har
696 2781 587 162 vitsordat
1148 2781 542 162 Dittmers
1554 2781 497 162 uppgift
1915 2781 226 162 i
2005 2781 361 162 hvad
2186 2781 316 162 honom

491 2879 555 189 angånge
894 2879 403 189 dock
1146 2879 353 189 med
1348 2879 353 189 den
1550 2879 555 189 ändring
1953 2879 353 189 att
2105 2879 403 189 Seholm

493 3030 285 165 som
656 3030 326 165 till
860 3030 245 165 en
982 3030 408 165 början
1268 3030 408 165 afrådt
1553 3030 448 165 Dittmer
1879 3030 285 165 att
2001 3030 367 165 föröfva

512 3140 590 207 tillgreppet
984 3140 354 207 först
1219 3140 275 207 vid
1377 3140 590 207 framkomsten
1849 3140 315 207 till
2006 3140 511 207 Målsegarens

490 3305 341 186 gård
704 3305 384 186 låtit
959 3305 384 186 förmå
1215 3305 298 186 sig
1343 3305 213 186 att

1423 3245 316 79 på

1541 3296 317 162 sätt
1740 3296 278 162 som
1898 3296 476 162 Dittmers
2216 3296 198 162 be¬-

497 3401 453 186 rättat
814 3401 362 186 deri
995 3401 453 186 deltagat

474 3529 279 239 Då
614 3529 791 239 ifrågavarande
1265 3529 651 239 tillgripne
1777 3529 558 239 dufvorna
2149 3529 326 239 hafva

475 3667 656 228 återfunnit
991 3667 234 228 i
1085 3667 328 228 den
1272 3667 281 228 af
1413 3667 516 228 Dittmer
1788 3667 563 228 uppgifne
2163 3667 281 228 ved¬

2734 145 352 181 boden
2969 145 274 181 och
3125 145 431 181 blifvit
3439 145 313 181 till
3634 145 548 181 målsegaren
4026 145 509 181 återlemnad.

2717 284 272 190 På
2853 284 407 190 grund
3124 284 272 190 af
3260 284 362 190 hvad
3486 284 498 190 sålunda
3848 284 634 190 förekommit
4301 284 272 190 kom¬-

2685 419 304 175 mer
2858 419 435 175 Henrik
3163 419 478 175 Dittmer
3511 419 304 175 och
3685 419 348 175 Otto
3902 419 522 175 Frithiof
4250 419 348 175 Seholm

2681 573 283 190 att
2842 573 363 190 denna
3084 573 283 190 dag
3246 573 283 190 för
3407 573 686 190 Poliskammaren
3932 573 485 190 inställas.

3491 691 453 166 Göteborg
3831 691 264 166 den
3982 691 189 166 9
4057 691 415 166 Oktober
4321 691 264 166 1880.

4587 836 262 170 No
4675 836 218 170 218

4547 976 345 136 Josefina
4777 976 230 136 Frede¬-

4537 1064 241 123 rika
4657 1064 362 123 Bergstrand

2705 844 683 224 Restauratören
3267 844 241 224 C.
3387 844 482 224 Jonssons
3749 844 402 224 hustru
4030 844 281 224 Ada
4150 844 442 224 Charlotta

2666 1008 487 188 Jonsson,
3032 1008 325 188 från
3235 1008 406 188 Borås,
3519 1008 284 188 har
3681 1008 284 188 den
3844 1008 244 188 11
3966 1008 406 188 dennes
4209 1008 325 188 anmält

2658 1176 272 126 att
2813 1176 349 126 sedan
3046 1176 194 126 i
3124 1176 388 126 slutet
3395 1176 233 126 af
3512 1176 504 126 sistlidet
3899 1176 233 126 år
4016 1176 272 126 der
4171 1176 194 126 i
4210 1176 310 126 staden

2658 1266 316 177 från
2856 1266 356 177 henne
3094 1266 593 177 tillgripits
3568 1266 554 177 åtskilliga
4003 1266 514 177 servetter
4359 1266 277 177 märk¬-

2674 1412 258 191 ta
2803 1412 258 191 C.
2932 1412 258 191 A.
3061 1412 301 191 J.,
3233 1412 473 191 omkring
3577 1412 301 191 fem
3750 1412 301 191 par
3922 1412 602 191 linnelakan
4352 1412 215 191 med

2663 1542 403 173 samma
2932 1542 403 173 märke
3200 1542 581 173 atskilige
3647 1542 358 173 glas
3871 1542 313 173 och
4005 1542 492 173 porslins¬-

2655 1676 410 180 varor,
2942 1676 328 180 samt
3147 1676 369 180 några
3393 1676 533 180 theskedar
3803 1676 287 180 och
3967 1676 410 180 gaflar
4254 1676 246 180 af
4336 1676 205 180 ny¬-

2665 1818 455 180 silfver,
3006 1818 303 180 samt
3196 1818 266 180 att
3348 1818 266 180 hon
3500 1818 266 180 för
3651 1818 341 180 detta
3879 1818 493 180 tillgrepp
4220 1818 266 180 miss¬-

2654 1981 482 148 tänkte
2991 1981 482 148 hustru
3328 1981 530 148 Johanna
3714 1981 626 148 Sandberg,
4148 1981 385 148 boende

2670 2086 221 126 i
2758 2086 397 126 Enkan
3023 2086 574 126 Sarnbergs
3464 2086 309 126 hus
3641 2086 309 126 vid
3818 2086 618 126 Svanegatan
4303 2086 221 126 i
4347 2086 221 126 Bo¬-

2679 2191 307 200 rås
2855 2191 307 200 och
3030 2191 439 200 dennes
3338 2191 439 200 dotter
3645 2191 439 200 hustru
3952 2191 527 200 Josefina
4304 2191 263 200 Fre¬-

2675 2373 443 129 derika
2985 2373 665 129 Bergstrand,
3517 2373 443 129 boende
3827 2373 222 129 i
3916 2373 399 129 huset
4182 2373 266 129 No
4270 2373 222 129 101

2641 2540 395 115 Litt
2887 2540 247 115 A
2986 2540 444 115 denna
3282 2540 444 115 stads
3578 2540 395 115 12te
3825 2540 444 115 rote,
4072 2540 444 115 hvilken

2656 2659 629 188 sistnämda
3140 2659 436 188 under
3430 2659 484 188 nästl.
3769 2659 484 188 vinter
4108 2659 387 188 ofta
4302 2659 290 188 för¬-

2641 2791 474 214 rättat
2972 2791 474 214 syslor
3304 2791 332 214 hos
3446 2791 616 214 målsegaren.

2668 2936 329 216 Vid
2856 2936 282 216 af
2997 2936 1127 216 detektivkonstaplarne
3983 2936 282 216 E.
4077 2936 516 216 Hellström

2648 3092 357 183 och
2852 3092 306 183 G.
3005 3092 560 183 Jönsson
3412 3092 560 183 anstäld
3769 3092 713 183 undersökning

2651 3212 238 222 i
2747 3212 476 222 hustru
3080 3212 572 222 Josefina
3509 3212 667 222 Bergstrand
4033 3212 476 222 bostad
4319 3212 238 222 har

2644 3367 656 168 derstädes
3148 3367 706 168 påträffat,
3703 3367 303 168 en
3854 3367 555 168 servett
4207 3367 353 168 märkt

2664 3483 260 238 A.
2794 3483 260 238 C.
2924 3483 260 238 J.
3054 3483 347 238 fyra
3270 3483 823 238 linnehanddukar,
3964 3483 347 238 tolf
4180 3483 303 238 blå
4310 3483 217 238 och

2649 3653 408 176 hvita
2920 3653 589 176 tallrikar
3373 3653 362 176 fyra
3600 3653 498 176 stycken
3962 3653 453 176 mindre
4234 3653 317 176 såda¬-

2655 3771 280 176 na
2795 3771 327 176 ett
2982 3771 421 176 ovalt
3263 3771 327 176 fat
3450 3771 327 176 två
3636 3771 327 176 st.
3777 3771 607 176 drickesglas
