5053 4077
537 214 281 100 följt
724 214 219 100 med
849 214 343 100 Jonsson
1099 214 219 100 två
1224 214 343 100 gånger,
1473 214 187 100 då
1567 214 281 100 denne
1754 214 437 100 tillgripit
2067 214 343 100 messings¬-

520 322 349 122 stänger
774 322 222 122 hos
901 322 475 122 Sjökaptenen
1281 322 380 122 Carlsson
1566 322 222 122 och
1693 322 254 122 sålt
1851 322 222 122 dem
1978 322 254 122 till
2105 322 317 122 Gelbgju¬-

534 446 302 118 taren
736 446 437 118 Carlsson,
1072 446 370 118 hvarvid
1341 446 235 118 han
1475 446 403 118 bekommit
1777 446 202 118 50
1844 446 202 118 öre.

670 542 272 124 Förre
851 542 513 124 Artilleristen
1273 542 272 124 Johan
1454 542 302 124 Alfred
1666 542 392 124 Jonasson,
1967 542 302 124 boende
2179 542 151 124 i
2209 542 211 124 huset

554 662 179 120 No
644 662 179 120 33
733 662 209 120 vid
852 662 268 120 Södra
1031 662 298 120 Liden,
1240 662 209 120 som
1359 662 268 120 också
1538 662 298 120 blivit
1746 662 268 120 hörd,
1925 662 209 120 har
2044 662 209 120 har
2134 662 268 120 upplyst

549 768 243 134 att
688 768 243 134 han
827 768 243 134 och
966 768 659 134 Måleriarbetaren
1521 768 278 134 Emil
1694 768 416 134 Apelgren
2006 768 278 134 från
2145 768 243 134 Udde¬-

541 898 313 128 valla
750 898 209 128 en
854 898 244 128 dag
994 898 174 128 i
1063 898 313 128 denna
1272 898 313 128 månad
1481 898 591 128 sammanträffat
1968 898 244 128 med
2072 898 348 128 Jonsson,

525 1020 363 128 hvilken
789 1020 396 128 innehade
1085 1020 231 128 ett
1217 1020 231 128 par
1349 1020 494 128 sjöstöflar,
1745 1020 231 128 som
1877 1020 363 128 Jonsson
2107 1020 297 128 anmodat

508 1144 436 158 Jonasson
835 1144 254 158 att
980 1144 472 158 pantsätta
1343 1144 254 158 hos
1488 1144 545 158 Pantlånaren
1924 1144 218 158 N.
1997 1144 399 158 Lundgren;

539 1262 228 162 att
670 1262 196 162 då
768 1262 228 162 han
898 1262 326 162 vägrat
1126 1262 391 162 dertill,
1420 1262 359 162 Jonsson
1681 1262 326 162 lemnat
1909 1262 424 162 stöflarne
2202 1262 196 162 till

510 1358 447 176 Apelgren,
853 1358 378 176 hvilken
1128 1358 378 176 belånat
1403 1358 241 176 dem
1541 1358 241 176 hos
1678 1358 413 176 Lundgren
1988 1358 241 176 för
2125 1358 172 176 4
2160 1358 206 176 Kro¬-

528 1472 253 180 nor;
686 1472 221 180 att
813 1472 348 180 Jonsson
1066 1472 285 180 sedan
1256 1472 316 180 bjudit
1477 1472 221 180 dem
1603 1472 190 180 på
1698 1472 443 180 förtäring,
2014 1472 348 180 hvarefter

521 1614 209 150 de
626 1614 383 150 skiljts
904 1614 279 150 från
1078 1614 488 150 hvarandra,
1462 1614 244 150 att
1601 1614 244 150 han
1740 1614 313 150 samma
1949 1614 244 150 dag
2089 1614 209 150 på
2158 1614 244 150 afton

523 1741 250 138 åter
679 1741 343 138 träffat
929 1741 375 138 Jonsson,
1210 1741 343 138 hvilken
1459 1741 343 138 yttrat,
1709 1741 219 138 att
1834 1741 219 138 han
1959 1741 312 138 skulle
2177 1741 187 138 gå
2240 1741 156 138 upp

519 1850 166 149 i
585 1850 232 149 ett
718 1850 232 149 hus
850 1850 232 149 vid
983 1850 298 149 Södra
1182 1850 431 149 Hamngatan
1514 1850 232 149 och
1646 1850 265 149 höra
1812 1850 199 149 om
1912 1850 232 149 han
2044 1850 232 149 der
2144 1850 232 149 finge

529 1950 252 151 laga
686 1950 378 151 porslin;
969 1950 220 151 att
1095 1950 283 151 sedan
1284 1950 378 151 Jonasson
1567 1950 346 151 stannat
1819 1950 346 151 utanför
2071 1950 189 151 på
2134 1950 252 151 gatan,

478 2070 373 158 Jonsson
749 2070 305 158 efter
953 2070 204 158 en
1055 2070 271 158 kort
1224 2070 305 158 stund
1428 2070 475 158 återkommit
1801 2070 237 158 och
1937 2070 373 158 medhaft
2174 2070 170 158 ett

508 2194 221 140 par
635 2194 284 140 skor,
824 2194 316 140 hvilka
1045 2194 347 140 Jonsson
1298 2194 316 140 belånt
1519 2194 221 140 hos
1645 2194 537 140 Pantlånerskan
2056 2194 284 140 Jonsson

495 2302 228 150 för
626 2302 195 150 En
723 2302 326 150 Krona,
951 2302 326 150 derför
1179 2302 228 150 han
1309 2302 326 150 bjudit
1537 2302 391 150 Jonasson
1830 2302 195 150 på
1928 2302 391 150 bränvin;
2189 2302 195 150 samt

505 2411 243 150 att
644 2411 417 150 Jonasson
957 2411 243 150 den
1097 2411 209 150 12
1201 2411 348 150 dennes
1444 2411 383 150 träffat
1723 2411 452 150 Apelgren,
2071 2411 243 150 som
2175 2411 139 150 då

510 2517 350 156 yttrat,
765 2517 223 156 att
892 2517 254 156 han,
1051 2517 254 156 enär
1210 2517 350 156 Jonsson
1464 2517 350 156 blifvit
1718 2517 350 156 häktad,
1972 2517 318 156 skulle
2163 2517 159 156 be¬-

527 2662 293 110 gifva
723 2662 228 110 sig
853 2662 260 110 till
983 2662 423 110 Kungsbacka.

613 2734 298 114 Förre
811 2734 562 114 Artilleristen
1274 2734 364 114 Jonsson
1539 2734 331 114 Bayard
1771 2734 232 114 och
1870 2734 496 114 Måleriarbeta¬-

497 2853 271 138 ren
652 2853 310 138 Emil
846 2853 504 138 Appelgren
1234 2853 349 138 hafva
1466 2853 310 138 icke
1660 2853 388 138 kunnat
1893 2853 465 138 anträffas.

634 2950 205 174 På
736 2950 307 174 grund
941 2950 205 174 af
1044 2950 273 174 Axel
1215 2950 376 174 Ahlberg
1488 2950 239 174 och
1625 2950 342 174 Anders
1864 2950 376 174 Ahlberg
2103 2950 239 174 hafva

463 3060 292 176 från
646 3060 548 176 Pantlånarne
1085 3060 366 176 utlöst
1341 3060 292 176 hvar
1524 3060 292 176 sina
1706 3060 402 176 skodon,
1962 3060 366 176 äfvensom

508 3161 480 164 Handlanden
885 3161 377 164 Jönsson
1159 3161 240 164 har
1296 3161 343 164 utlöst
1536 3161 206 164 de
1638 3161 240 164 hos
1776 3161 514 164 Pantlånarne
2152 3161 206 164 Berg

489 3282 242 153 och
628 3282 311 153 Karth
835 3282 449 153 pantsatte
1180 3282 587 153 ylletröjorna,
1663 3282 414 153 hvaremot
1939 3282 449 153 Pantlånaren

493 3403 313 133 Osberg
712 3403 439 133 uppgifvit,
1056 3403 219 133 att
1182 3403 188 133 de
1276 3403 219 133 hos
1401 3403 282 133 honom
1589 3403 407 133 pantsatte
1902 3403 376 133 tröjorna
2153 3403 219 133 blif¬-

497 3504 247 146 vit
638 3504 389 146 utlösta
921 3504 318 146 innan
1133 3504 742 146 Poliskonstaplarna
1769 3504 247 146 hos
1911 3504 318 146 honom
2087 3504 283 146 efter¬-

485 3664 389 82 frågat
719 3664 233 82 dem.

570 3755 241 89 På
690 3755 362 89 grund
932 3755 241 89 af
1052 3755 322 89 hvad
1253 3755 442 89 sålunda
1575 3755 603 89 förekommit,
2017 3755 281 89 komma

2722 229 356 166 Jonsson
2980 229 226 166 och
3110 229 388 166 Majgren,
3401 229 323 166 hvilka
3627 229 356 166 blifvit
3886 229 259 166 till
4048 229 550 166 cellfängelset
4468 229 162 166 in¬-

2696 345 457 178 förpassade,
3061 345 213 178 att
3183 345 274 178 denna
3365 345 213 178 dag
3487 345 213 178 för
3609 345 213 178 PKn
3731 345 426 178 inställas,
4066 345 183 178 då
4157 345 335 178 Olsson,
4370 345 244 178 Lilje¬-

2712 491 236 150 dal
2847 491 236 150 och
2982 491 405 150 Jonasson
3285 491 337 150 jemväl
3521 491 236 150 äro
3656 491 371 150 kallade
3926 491 236 150 att
4061 491 236 150 sig
4196 491 405 150 infinna.
4465 491 169 150 Gö¬-

2683 639 390 132 teborg
2956 639 273 132 den
3112 639 234 132 16
3229 639 429 132 Januari
3501 639 273 132 1880.

4617 685 260 90 No
4703 685 217 90 14.

4605 825 334 65 Johan
4790 825 186 65 An¬-

4564 911 353 65 dersson.

2823 805 410 104 Enkefru
3121 805 336 104 Hulda
3345 805 410 104 Thorén,
3643 805 373 104 boende
3904 805 186 104 i
3979 805 522 104 Marstrand,
4352 805 186 104 har

2726 915 297 114 den
2895 915 254 114 10
3022 915 424 114 dennes
3319 915 466 114 anmält,
3658 915 297 114 att
3827 915 424 114 hennes
4124 915 424 114 numera
4378 915 212 114 af¬-

2729 1025 371 110 lidne
2976 1025 289 110 man
3141 1025 371 110 någon
3389 1025 289 110 dag
3554 1025 289 110 uti
3719 1025 454 110 Augusti
4049 1025 371 110 månad
4256 1025 330 110 sistl.

2714 1135 261 108 år
2845 1135 348 108 till
3063 1135 609 108 Skräddaren
3542 1135 392 108 Johan
3803 1135 566 108 Andersson
4238 1135 435 108 boende
4499 1135 131 108 i

2722 1239 360 122 huset
2962 1239 240 122 No
3082 1239 240 122 39
3202 1239 280 122 vid
3362 1239 360 122 Breda
3602 1239 360 122 vägen
3842 1239 320 122 till
4002 1239 600 122 förfärdigande

2711 1365 247 108 af
2834 1365 411 108 kläder
3122 1365 411 108 lemnat
3409 1365 205 108 3
3492 1365 288 108 1/2
3656 1365 370 108 alnar
3902 1365 452 108 doffel,
4231 1365 205 108 1
4313 1365 288 108 3/4
4437 1365 205 108 aln

2714 1479 358 110 svart
2953 1479 518 110 yllefoder
3351 1479 279 110 och
3511 1479 279 110 ett
3670 1479 358 110 grått
3909 1479 438 110 byxtyg,
4228 1479 319 110 samt
4387 1479 199 110 att

2712 1599 305 101 hon
2887 1599 392 101 sedan
3148 1599 349 101 dess
3366 1599 305 101 vid
3540 1599 392 101 flera
3802 1599 610 101 tillfällen
4281 1599 261 101 af
4368 1599 218 101 An¬-

2703 1703 490 99 dersson
3060 1703 668 99 återfordrat
3594 1703 445 99 tyget,
3906 1703 312 99 men
4084 1703 445 99 städse
4351 1703 223 99 er¬-

2711 1813 492 94 hållit
3055 1813 689 94 undvikande
3547 1813 345 94 svar.

2812 1913 617 100 Andersson,
3297 1913 309 100 som
3473 1913 221 100 i
3562 1913 573 100 anledning
4003 1913 397 100 häraf
4223 1913 397 100 blifvit

2722 2031 382 106 hörd,
2976 2031 297 106 har
3146 2031 594 106 uppgifvit,
3613 2031 297 106 att
3783 2031 297 106 han
3953 2031 255 106 på
4080 2031 340 106 sätt
4250 2031 382 106 Enkefru

2706 2133 495 108 Thorén
3053 2133 495 108 anmält
3400 2133 297 108 af
3548 2133 495 108 hennes
3895 2133 347 108 man
4043 2133 545 108 emottagit

2703 2265 468 88 namnde
3031 2265 468 88 tyger,
3358 2265 328 88 att
3546 2265 328 88 han
3733 2265 328 88 hos
3873 2265 749 88 klädeshandlan¬-

2703 2385 314 94 den
2882 2385 269 94 E.
3017 2385 672 94 Arfvidsson,
3555 2385 448 94 boende
3868 2385 224 94 i
3958 2385 403 94 huset
4227 2385 269 94 No
4361 2385 224 94 2
4406 2385 224 94 vid

2701 2503 563 88 Korsgatan
3134 2503 520 88 pantsatt
3523 2503 563 88 rocktyget
3956 2503 303 88 och
4130 2503 433 88 fodret
4389 2503 217 88 för

2713 2603 271 102 30
2848 2603 451 102 kronor
3164 2603 271 102 25
3299 2603 361 102 öre,
3525 2603 316 102 men
3705 2603 406 102 sjelf
3976 2603 541 102 behållit
4337 2603 226 102 det

2714 2703 319 110 grå
2897 2703 546 110 byxtyget
3306 2703 364 110 samt
3534 2703 319 110 att
3716 2703 364 110 han,
3943 2703 319 110 som
4125 2703 273 110 af
4216 2703 410 110 makarna

2719 2821 431 94 Thorén
3020 2821 302 94 har
3193 2821 258 94 en
3322 2821 474 94 fordran
3667 2821 258 94 på
3796 2821 388 94 detta
4054 2821 345 94 sätt
4226 2821 302 94 velat

2707 2932 496 83 godtgöra
3078 2932 289 83 sig
3202 2932 372 83 derför.

2781 3035 539 83 Enkefru
3173 3035 490 83 Thorén
3516 3035 343 83 har
3712 3035 637 83 medgifvit
4202 3035 343 83 att
4349 3035 245 83 An¬-

2683 3159 523 96 dersson
3063 3159 333 96 har
3253 3159 285 96 en
3395 3159 523 96 fordran
3775 3159 285 96 af
3918 3159 285 96 11
4060 3159 523 96 kronor,
4393 3159 238 96 men

2692 3285 334 86 att
2883 3285 334 86 hon
3074 3285 334 86 för
3265 3285 429 86 denna
3551 3285 525 86 fordran
3932 3285 572 86 erbjudit
4314 3285 238 86 An¬-

2675 3410 514 71 dersson
3049 3410 607 71 byxtyget,
3516 3410 327 71 som
3703 3410 467 71 kostat
4030 3410 234 71 i
4124 3410 420 71 inköp
4357 3410 187 71 15

2612 3495 532 78 Kronor.

2791 3576 281 94 På
2932 3576 422 94 grund
3213 3576 281 94 af
3354 3576 375 94 hvad
3588 3576 516 94 sålunda
3963 3576 657 94 förekommit
4432 3576 188 94 är

2675 3679 390 88 Johan
2935 3679 564 88 Andersson
3368 3679 433 88 kallad
3672 3679 347 88 till
3888 3679 650 88 inställelse
4365 3679 217 88 in¬-

2669 3770 273 77 för
2825 3770 273 77 PKn
2981 3770 351 77 denna
3216 3770 312 77 dag.
3411 3770 469 77 Göteborg
3762 3770 273 77 den
3918 3770 234 77 19
4035 3770 429 77 Januari
4309 3770 273 77 1880.
