5192 4115
575 208 363 108 Dahlin,
839 208 264 108 båda
1004 208 330 108 boende
1235 208 165 108 å
1301 208 330 108 torget
1532 208 297 108 Burås
1731 208 165 108 i
1797 208 627 108 Galgkrogsbergen
2292 208 198 108 inom

575 317 321 91 Örgryte
808 317 321 91 socken,
1042 317 204 91 för
1159 317 204 91 det
1276 317 175 91 de
1363 317 234 91 till
1509 317 234 91 salu
1655 317 350 91 utbjudit
1918 317 146 91 1
1977 317 204 91 1/2
2094 317 146 91 ℔
2152 317 263 91 smör,
2298 317 146 91 för

573 432 322 85 åtkomst
807 432 352 85 hvartill
1071 432 176 85 de
1159 432 176 85 ej
1247 432 264 85 kunde
1422 432 381 85 redogöra;
1715 432 205 85 och
1833 432 264 85 hafva
2008 432 176 85 de
2096 432 205 85 vid
2214 432 205 85 det
2301 432 147 85 med

559 540 218 104 dem
683 540 404 104 anställda
994 540 311 104 förhör
1181 540 373 104 uppgifvit:

561 622 174 127 1o
648 622 349 127 Persson:
910 622 203 127 att
1026 622 233 127 han,
1171 622 203 127 som
1288 622 349 127 onsdagen
1549 622 203 127 den
1665 622 174 127 18
1753 622 174 127 ds
1840 622 262 127 varit
2014 622 407 127 sysselsatt
2305 622 145 127 med

560 726 304 133 arbete
772 726 213 133 vid
894 726 456 133 Skeppsbron,
1259 726 304 133 dervid
1471 726 243 133 sett
1623 726 456 133 ofvannämnde
1988 726 273 133 Claes
2140 726 334 133 Johansson

552 830 239 142 bära
701 830 269 142 något
881 830 388 142 derifrån;
1179 830 209 142 att
1299 830 209 142 han
1418 830 269 142 följt
1598 830 269 142 efter
1777 830 269 142 honom
1956 830 209 142 och
2076 830 299 142 frågat
2255 830 179 142 hvad

550 928 208 166 det
669 928 238 166 var,
818 928 179 166 då
908 928 387 166 Johansson
1205 928 357 166 upplyst,
1473 928 208 166 att
1592 928 208 166 det
1712 928 208 166 var
1831 928 179 166 en
1920 928 506 166 smörfjerding,
2307 928 149 166 som

555 1041 206 158 han
672 1041 294 158 skulle
878 1041 235 158 söka
1025 1041 294 158 sälja;
1231 1041 206 158 att
1349 1041 206 158 han
1466 1041 265 158 gjort
1643 1041 382 158 Johansson
1937 1041 353 158 sällskap
2201 1041 235 158 till
2319 1041 147 158 Ba¬-

563 1155 372 146 zargatan,
850 1155 201 146 der
964 1155 172 146 de
1050 1155 286 146 ingått
1251 1155 143 146 i
1308 1155 172 146 en
1394 1155 372 146 portgång,
1681 1155 372 146 hvarefter
1967 1155 372 146 Johansson
2225 1155 229 146 öppnat

545 1274 432 140 fjerdingen
884 1274 216 140 och
1008 1274 339 140 Persson
1254 1274 278 140 derur
1439 1274 278 140 tagit
1624 1274 185 140 en
1717 1274 216 140 del
1840 1274 278 140 smör,
2025 1274 216 140 som
2149 1274 216 140 han
2241 1274 185 140 lagt

550 1380 159 148 i
614 1380 222 148 sin
741 1380 349 148 näsduk,
995 1380 349 148 hvilken
1249 1380 222 148 han
1376 1380 318 148 lemnat
1598 1380 445 148 Johansson;
1948 1380 222 148 att
2075 1380 222 148 han
2202 1380 191 148 af
2265 1380 159 148 Jo¬-

552 1487 334 156 hansson
795 1487 364 156 erhållit
1068 1487 152 156 2
1128 1487 304 156 Kronor
1341 1487 182 156 af
1432 1487 182 156 de
1523 1487 425 156 penningar,
1857 1487 213 156 som
1979 1487 273 156 denne
2130 1487 304 156 erhållit

553 1614 203 133 för
669 1614 319 133 smöret;
901 1614 203 133 att
1017 1614 232 133 han,
1162 1614 174 133 då
1249 1614 377 133 Johansson
1539 1614 174 133 ej
1626 1614 435 133 återkommit,
1974 1614 232 133 gått
2119 1614 203 133 hem
2206 1614 174 133 till

542 1714 198 155 sin
655 1714 283 155 bostad
853 1714 198 155 och
966 1714 255 155 låtit
1136 1714 396 155 fjerdingen
1448 1714 311 155 qvarstå
1674 1714 142 155 i
1731 1714 425 155 portgången,
2071 1714 198 155 men
2184 1714 198 155 att
2269 1714 113 155 då

549 1828 229 151 han
680 1828 457 151 påföljande
1039 1828 326 151 morgon
1268 1828 163 151 i
1333 1828 392 151 sällskap
1627 1828 229 151 med
1757 1828 326 151 Dahlin
1986 1828 392 151 infunnit
2247 1828 163 151 sig

559 1934 233 157 der,
705 1934 408 157 fjerdingen
1025 1934 262 157 varit
1200 1934 379 157 borttagen
1491 1934 204 157 och
1608 1934 291 157 endast
1811 1934 204 157 ett
1928 1934 291 157 stycke
2132 1934 233 157 smör
2248 1934 146 157 le¬-

551 2044 206 160 gat
668 2044 265 160 qvar,
845 2044 353 160 inlindat
1110 2044 147 160 i
1169 2044 177 160 en
1257 2044 324 160 söndrig
1493 2044 265 160 säck,
1669 2044 206 160 att
1787 2044 353 160 Persson,
2052 2044 206 160 som
2170 2044 177 160 då
2229 2044 147 160 för

546 2156 276 164 Dahlin
740 2156 332 164 omtalat,
989 2156 193 164 att
1099 2156 359 164 Johansson
1376 2156 387 164 föregående
1680 2156 193 164 dag
1790 2156 249 164 tagit
1956 2156 166 164 en
2011 2156 415 164 smörfjerding,

541 2257 363 174 anmodat
805 2257 330 174 Dahlin
1036 2257 231 174 att
1168 2257 264 174 söka
1333 2257 396 174 försälja
1631 2257 231 174 det
1763 2257 231 174 som
1895 2257 231 174 var
2027 2257 297 174 qvar,
2192 2257 198 174 samt

541 2377 202 158 att
657 2377 289 158 Dahlin
859 2377 173 158 då
945 2377 260 158 tagit
1118 2377 317 158 smöret,
1349 2377 375 158 hvarefter
1638 2377 173 158 de
1724 2377 346 158 begifvit
1984 2377 202 158 sig
2100 2377 231 158 till
2215 2377 231 158 Kungs¬-

534 2517 312 138 torget,
760 2517 198 138 der
874 2517 170 138 de
959 2517 312 138 blifvit
1185 2517 368 138 anhållna;
1440 2517 142 138 och

508 2600 191 170 2o
604 2600 350 170 Dahlin;
858 2600 223 170 att
985 2600 350 170 Persson
1240 2600 445 170 Thorsdagen
1589 2600 223 170 den
1716 2600 191 170 19
1812 2600 318 170 dennes
2034 2600 191 170 på
2098 2600 318 170 morgonen

520 2698 227 180 för
649 2698 291 180 honom
843 2698 389 180 omtalat,
1135 2698 227 180 att
1264 2698 227 180 han
1394 2698 259 180 hade
1556 2698 227 180 ett
1686 2698 324 180 stycke
1912 2698 291 180 smör,
2107 2698 227 180 som
2236 2698 227 180 han

531 2816 344 170 önskade
781 2816 407 170 försälja;
1094 2816 219 170 att
1219 2816 344 170 Persson
1469 2816 188 170 på
1563 2816 281 170 fråga
1750 2816 188 170 af
1844 2816 313 170 Dahlin
2032 2816 344 170 hvarifrån

520 2926 238 168 han
656 2926 272 168 fått
826 2926 442 168 detsamma,
1167 2926 340 168 svarat
1405 2926 238 168 att
1541 2926 238 168 han
1677 2926 340 168 hittat
1916 2926 238 168 det
2052 2926 272 168 samt
2188 2926 170 168 att

511 3036 346 180 Dahlin
754 3036 208 180 då
858 3036 312 180 följt
1065 3036 242 180 med
1204 3036 277 180 till
1377 3036 208 180 en
1481 3036 415 180 portgång
1792 3036 242 180 vid
1896 3036 450 180 Bazargatan,

517 3164 234 160 der
650 3164 334 160 Dahlin
884 3164 301 160 tagit
1085 3164 367 160 smöret,
1352 3164 434 160 hvarefter
1686 3164 200 160 de
1786 3164 434 160 gemensamt
2087 3164 267 160 begif¬-

520 3288 236 154 vit
655 3288 236 154 sig
790 3288 269 154 till
958 3288 505 154 Kungstorget
1362 3288 236 154 för
1496 3288 236 154 att
1631 3288 404 154 försälja
1900 3288 370 154 detsamma.

606 3407 476 140 Handlanden
980 3407 204 140 J.
1082 3407 204 140 F.
1184 3407 306 140 Kruse
1388 3407 170 140 &
1456 3407 238 140 Co,
1592 3407 238 140 som
1728 3407 238 140 har
1864 3407 340 140 kontor
2102 3407 170 140 i
2136 3407 238 140 huset

511 3519 200 132 No
611 3519 200 132 14
711 3519 233 132 vid
844 3519 300 132 Östra
1044 3519 433 132 Hamngatan
1378 3519 233 132 har
1511 3519 467 132 uppgifvit,
1878 3519 233 132 att
2011 3519 233 132 han
2111 3519 267 132 Onsda¬-

510 3630 225 125 gen
638 3630 225 125 den
767 3630 193 125 18
863 3630 321 125 dennes
1088 3630 225 125 med
1217 3630 482 125 Ångfartyget
1603 3630 289 125 Prins
1796 3630 289 125 Oskar
1988 3630 289 125 låtit
2149 3630 193 125 till

506 3750 361 107 London
758 3750 397 107 afsända
1047 3750 253 107 ett
1191 3750 361 107 större
1444 3750 325 107 parti
1660 3750 541 107 fjerdingar,
2057 3750 361 107 innehål¬

2699 260 295 99 lande
2896 260 361 99 omkring
3159 260 230 99 100
3290 260 197 99 ℔,
3388 260 328 99 hvilka
3618 260 460 99 fjerdingar
3979 260 394 99 medförts
4275 260 230 99 och
4373 260 197 99 upp¬-

2686 371 377 119 ställts
2960 371 171 119 å
3029 371 309 119 kajen
3234 371 240 119 vid
3372 371 514 119 Skeppsbron;
3783 371 274 119 samt
3954 371 240 119 att
4092 371 206 119 nu
4160 371 446 119 ifrågakomne

2691 473 500 131 smörfjerding
3097 473 438 131 antagligen
3441 473 469 131 tillgripits
3816 473 250 131 från
3973 473 344 131 berörde
4223 473 313 131 parti;
4410 473 188 131 ehu¬-

2708 579 201 152 ru
2809 579 504 152 fullständig
3212 579 470 152 upplysning
3581 579 302 152 derom
3783 579 269 152 icke
3951 579 235 152 kan
4085 579 403 152 erhållas
4353 579 269 152 förrän

2714 705 310 144 efter
2920 705 550 144 ångfartygets
3367 705 447 144 återkomst
3711 705 275 144 från
3848 705 310 144 London.

2864 801 239 169 På
2984 801 358 169 grund
3222 801 239 169 af
3341 801 318 169 hvad
3540 801 437 169 sålunda
3858 801 557 169 förekommit
4256 801 278 169 komma

2728 909 285 177 Claes
2918 909 444 177 Johansson,
3267 909 285 177 Johan
3457 909 349 177 Persson
3711 909 222 177 och
3837 909 317 177 Petrus
4059 909 317 177 Dahlin
4281 909 222 177 att
4376 909 222 177 denna

2722 1043 237 148 dag
2858 1043 237 148 för
2993 1043 237 148 PKn
3129 1043 475 148 inställas.
3502 1043 407 148 Göteborg
3807 1043 237 148 den
3943 1043 203 148 20
4044 1043 407 148 Februari
4316 1043 237 148 1880.

4571 1117 304 95 No
4673 1117 253 95 36.

4581 1236 246 104 Johan
4717 1236 301 104 Arvidsson

2781 1176 559 129 Smedarbetaren
3242 1176 263 129 Axel
3406 1176 329 129 August
3637 1176 329 129 Nyman,
3867 1176 329 129 boende
4097 1176 165 129 i
4163 1176 296 129 huset
4361 1176 197 129 No
4426 1176 132 129 22

2714 1284 235 143 vid
2849 1284 471 143 Bergsgatan
3219 1284 235 143 har
3353 1284 403 143 Onsdagen
3656 1284 235 143 den
3790 1284 202 143 18
3891 1284 336 143 dennes
4127 1284 370 143 anmält,
4362 1284 168 143 att

2701 1384 556 159 derförgångne
3153 1384 243 159 dag
3292 1384 209 159 på
3396 1384 278 159 e.m.
3570 1384 174 159 i
3640 1384 348 159 gården
3883 1384 278 159 till
4057 1384 313 159 sagde
4265 1384 243 159 hus
4369 1384 209 159 från

2707 1485 278 171 honom
2892 1485 463 171 tillgripits
3262 1485 185 171 en
3355 1485 370 171 mörkbrun
3633 1485 432 171 ylletröja,
3972 1485 247 171 värd
4126 1485 154 171 2
4188 1485 339 171 Kronor,
4404 1485 154 171 ett

2716 1606 213 156 par
2837 1606 274 156 hvita
3020 1606 547 156 yllekalsonger,
3476 1606 274 156 värde
3658 1606 152 156 2
3719 1606 304 156 Kronor
3932 1606 243 156 samt
4084 1606 213 156 ett
4205 1606 274 156 hvitt
4357 1606 213 156 ylle¬-

2711 1714 218 156 lif
2836 1714 218 156 och
2960 1714 218 156 ett
3085 1714 218 156 par
3210 1714 281 156 byxor
3397 1714 187 156 af
3490 1714 281 156 blått
3677 1714 468 156 bomullstyg,
4051 1714 468 156 tillsammans
4394 1714 218 156 värde

2713 1892 177 95 En
2801 1892 266 95 Krona
2978 1892 177 95 50
3037 1892 177 95 öre,

2847 1922 393 153 Lördagen
3142 1922 229 153 den
3273 1922 196 153 21
3371 1922 327 153 dennes
3600 1922 196 153 på
3698 1922 327 153 f.midd
3927 1922 327 153 infann
4156 1922 229 153 sig
4254 1922 360 153 Fiskhand¬-

2703 2026 326 187 landen
2931 2026 358 187 Wilhelm
3192 2026 326 187 Henrik
3420 2026 358 187 Breyel,
3681 2026 326 187 boende
3909 2026 163 187 i
3974 2026 521 187 Tunnbindaren
4365 2026 195 187 Ols¬-

2717 2152 266 171 sons
2883 2152 233 171 hus
3016 2152 166 171 i
3082 2152 366 171 Mölndal
3348 2152 166 171 å
3415 2152 499 171 Pantlånaren
3814 2152 199 171 W.
3913 2152 332 171 Karths
4113 2152 465 171 Pantlånekon¬-

2704 2276 213 167 tor
2825 2276 152 167 i
2886 2276 273 167 huset
3068 2276 182 167 No
3159 2276 152 167 5
3220 2276 213 167 vid
3341 2276 395 167 Vallgatan
3645 2276 213 167 och
3766 2276 334 167 begärde
4009 2276 213 167 med
4131 2276 455 167 förevisande
4465 2276 121 167 af

2720 2384 171 171 en
2805 2384 342 171 Onsdagen
3061 2384 199 171 den
3175 2384 171 171 18
3260 2384 171 171 ds
3346 2384 342 171 utgifven
3602 2384 370 171 pantsedel
3886 2384 142 171 å
3943 2384 171 171 en
4029 2384 398 171 ylletröja;
4342 2384 313 171 belånad

2714 2494 251 172 med
2858 2494 216 172 En
2966 2494 359 172 Krona,
3217 2494 251 172 att
3361 2494 216 172 få
3468 2494 359 172 utlösa
3720 2494 467 172 densamma.
4043 2494 503 172 Detektivkon¬-

2712 2604 352 174 stapeln
2968 2604 192 174 V.
3064 2604 320 174 Bruun,
3287 2604 224 174 som
3415 2604 224 174 vid
3543 2604 479 174 ifrågakomne
3927 2604 416 174 tillfälle
4246 2604 352 174 innevar
4470 2604 96 174 å

2698 2700 678 199 pantlånekontoret,
3279 2700 420 199 igenkände
3602 2700 226 199 den
3731 2700 194 199 af
3828 2700 323 199 Breyel
4054 2700 355 199 utlösta
4280 2700 258 199 tröjan

2725 2822 266 183 vara
2891 2822 433 183 densamma,
3224 2822 233 183 som
3358 2822 333 183 enligt
3591 2822 333 183 Nymans
3824 2822 400 183 anmälan,
4124 2822 233 183 den
4257 2822 266 183 18de
4390 2822 200 183 från

2725 2934 280 180 honom
2912 2934 498 180 tillgripits;
3316 2934 156 180 i
3378 2934 405 180 anledning
3690 2934 311 180 hvaraf
3908 2934 311 180 Breyel
4094 2934 436 180 tillfrågades

2716 3058 193 168 om
2812 3058 419 168 åtkomsten
3135 3058 258 168 till
3296 3058 484 168 pantsedlen,
3683 3058 355 168 hvarvid
3941 3058 226 168 han
4070 3058 355 168 uppgaf,
4328 3058 226 168 att
4425 3058 161 168 han

2711 3188 262 144 kort
2875 3188 295 144 förut
3071 3188 229 144 vid
3202 3188 458 144 Fisktorget
3562 3188 229 144 för
3693 3188 196 144 En
3791 3188 295 144 Krona
3988 3188 262 144 köpt
4151 3188 393 144 densamma
4413 3188 131 144 af

2705 3335 197 105 en
2804 3335 230 105 för
2935 3335 295 105 honom
3132 3335 295 105 okänd
3296 3335 426 105 mansperson.

2810 3423 328 103 Berörde
3049 3423 328 103 person,
3287 3423 209 103 som
3406 3423 238 103 kort
3555 3423 358 103 derefter
3823 3423 447 103 anträffades
4181 3423 179 103 af
4270 3423 268 103 Bruun
4419 3423 149 103 och

2713 3524 344 123 befanns
2963 3524 250 123 vara
3119 3524 500 123 Arbetskarlen
3526 3524 313 123 Anders
3745 3524 438 123 Johansson,
4089 3524 313 123 boende
4308 3524 156 123 i
4339 3524 219 123 huset

2712 3642 189 117 No
2807 3642 221 117 106
2933 3642 189 117 af
3028 3642 379 117 Majornas
3312 3642 316 117 Tredje
3533 3642 284 117 rote,
3722 3642 347 117 uppgaf,
3975 3642 221 117 att
4101 3642 221 117 han
4227 3642 252 117 kort
4353 3642 221 117 innan

2714 3756 212 107 han
2835 3756 242 107 till
2986 3756 303 107 Breyel
3199 3756 333 107 försålt
3441 3756 424 107 pantsedeln
3774 3756 182 107 på
3865 3756 212 107 ett
3986 3756 545 107 bolagsvärdshus
4411 3756 152 107 vid
