5079 4073
526 125 276 191 med
683 125 315 191 gula
880 125 394 191 ränder
1156 125 197 191 i
1235 125 434 191 sidorna
1551 125 355 191 varda
1787 125 197 191 8
1866 125 434 191 kronor,
2142 125 197 191 ett

503 249 279 204 par
663 249 359 204 byxor
902 249 279 204 och
1062 249 319 204 väst
1261 249 239 204 af
1381 249 359 204 svart
1620 249 598 204 kamgarnstyg
2059 249 359 204 tillho¬-

490 393 217 169 pa
598 393 326 169 varda
816 393 217 169 10
924 393 398 169 Kronor,
1214 393 254 169 och
1359 393 254 169 ett
1504 393 254 169 par
1649 393 326 169 byxor
1866 393 217 169 af
1939 393 398 169 blårandig

504 535 437 163 korderoy
831 535 327 163 värda
1049 535 182 163 6
1086 535 327 163 kronor,

503 603 333 203 från
711 603 374 203 Hanna
961 603 458 203 Nilsson
1294 603 291 203 ett
1460 603 374 203 svart
1710 603 458 203 kjortel
2043 603 291 203 med
2167 603 250 203 krus

500 754 538 198 nedanekring
931 754 287 198 värd
1110 754 179 198 3
1182 754 395 198 Kronor,
1469 754 215 198 en
1577 754 431 198 kladning
1900 754 215 198 af
2007 754 323 198 blått
2187 754 179 198 och

498 880 340 186 svart
725 880 264 186 tyg
876 880 302 186 värd
1065 880 227 186 10
1178 880 415 186 kronor,
1480 880 264 186 ett
1631 880 340 186 svart
1820 880 491 186 klädninglif

499 984 299 156 värd
685 984 187 156 2
760 984 411 156 kronor,
1059 984 224 156 en
1171 984 299 156 hvit
1357 984 597 156 underkjortel
1843 984 299 156 värd
2030 984 187 156 3
2067 984 336 156 kronor,

496 1118 224 206 en
608 1118 374 206 paletå
870 1118 224 206 af
982 1118 337 206 svart
1206 1118 299 206 slät
1393 1118 374 206 doffel
1655 1118 262 206 med
1805 1118 374 206 ficker
2066 1118 262 206 och
2179 1118 224 206 gar¬-

497 1246 346 177 nerad
727 1246 269 177 med
881 1246 346 177 siden
1111 1246 192 177 å
1188 1246 422 177 ärmarne
1495 1246 269 177 och
1649 1246 461 177 sickorna
1995 1246 307 177 värd
2187 1246 230 177 20
2263 1246 154 177 kr

502 1393 226 210 en
615 1393 263 210 röd
766 1393 790 210 halfylleklädning,
1443 1393 301 210 värd
1631 1393 188 210 4
1706 1393 414 210 kronor,
2007 1393 263 210 och
2157 1393 226 210 en
2233 1393 150 210 pa

507 1511 395 233 letaåaf
795 1511 323 233 svart
1010 1511 288 233 slät
1190 1511 359 233 doffel
1442 1511 252 233 med
1585 1511 719 233 sammetsgarnering
2160 1511 216 233 värd

504 1690 222 133 5
592 1690 444 133 kronor
859 1690 222 133 och

482 1788 329 217 från
688 1788 535 217 Charlotta
1099 1788 576 217 Samuelsson
1551 1788 247 217 en
1675 1788 370 217 svart
1921 1788 494 217 klädning
2250 1788 165 217 af

508 1931 395 204 ylletyg
795 1931 287 204 värd
975 1931 179 204 3
1046 1931 395 204 kronor,
1333 1931 287 204 samt
1513 1931 215 204 en
1620 1931 251 204 grå
1728 1931 646 204 halfylleklädning

490 2066 326 162 värd
694 2066 204 162 6
735 2066 367 162 Kronor;

590 2172 944 180 Detektivkonstaplarne
1416 2172 197 180 E
1494 2172 511 180 Hellström
1888 2172 275 180 och
2006 2172 393 180 Lindgren

510 2330 342 167 hafva
738 2330 532 167 förstnämde
1156 2330 266 167 dag
1308 2330 266 167 för
1460 2330 342 167 detta
1688 2330 494 167 tillgrepp
2030 2330 380 167 anhållit

488 2437 575 200 Ynglingarne
947 2437 268 200 för
1101 2437 460 200 snatteri
1445 2437 345 200 dömde
1675 2437 306 200 Axel
1867 2437 421 200 Leornad
2135 2437 306 200 Eriks¬-

496 2578 274 197 son
653 2578 274 197 och
809 2578 314 197 hans
1005 2578 588 197 minderårige
1476 2578 392 197 broder
1750 2578 431 197 Charles
2024 2578 392 197 Frithiof

507 2718 493 185 Eriksson
877 2718 329 185 född
1082 2718 288 185 den
1247 2718 247 185 25
1370 2718 493 185 December
1740 2718 329 185 1869
1945 2718 370 185 söner
2151 2718 164 185 af

519 2838 645 189 Gasarbetaren
1043 2838 403 189 Anders
1325 2838 524 189 Eriksson,
1728 2838 403 189 boende
2010 2838 201 189 i
2050 2838 282 189 huset

496 2960 263 197 No
628 2960 219 197 6
715 2960 307 197 vid
891 2960 570 197 Enggatan,
1329 2960 351 197 samt
1549 2960 395 197 Fritz
1812 2960 395 197 Oscar
2031 2960 395 197 Larsson

500 3102 297 199 född
685 3102 260 199 den
834 3102 222 199 13
945 3102 408 199 Augusti
1241 3102 297 199 1868
1427 3102 260 199 och
1575 3102 482 199 fosterson
1946 3102 297 199 till
2094 3102 334 199 timmer¬-

503 3235 388 142 mannen
775 3235 388 142 Anders
1047 3235 466 142 Larsson,
1396 3235 311 142 samt
1590 3235 388 142 Gustaf
1862 3235 388 142 Edvard
2095 3235 311 142 Svens¬-

505 3369 278 173 son,
679 3369 278 173 född
853 3369 243 173 den
992 3369 209 173 29
1096 3369 313 173 April
1305 3369 278 173 1870
1479 3369 243 173 och
1618 3369 452 173 fosterson
1965 3369 278 173 till
2104 3369 313 173 stufve¬-

495 3466 566 196 riarbetaren
948 3466 340 196 Johan
1174 3466 377 196 Edvard
1439 3466 490 196 Andersson
1816 3466 302 196 båda
2004 3466 377 196 boende
2231 3466 113 196 i

500 3616 598 157 förstnämde
928 3616 256 157 hus.

500 3710 255 182 Vid
645 3710 255 182 det
791 3710 255 182 med
936 3710 218 182 de
1045 3710 437 182 anhållne
1373 3710 182 182 i
1446 3710 473 182 anledning
1810 3710 328 182 häraf
1992 3710 400 182 anställde

2669 136 450 199 förhör
2984 136 405 199 hafva
3254 136 270 199 de
3344 136 540 199 uppgifvit:

2690 272 425 197 Fritz
2973 272 425 197 Oscar
3257 272 567 197 Larsson:
3682 272 331 197 att
3871 272 425 197 sedan
4154 272 331 197 han
4296 272 236 197 som

2663 443 329 158 vore
2869 443 411 158 boende
3156 443 206 158 i
3239 443 370 158 samma
3486 443 288 158 hus
3650 443 288 158 som
3815 443 699 158 målseganderne
4349 443 206 158 vid

2669 527 337 231 något
2893 527 486 231 tillfälle
3267 527 187 231 i
3342 527 374 231 slutet
3604 527 224 231 af
3716 527 374 231 sistl.
3978 527 299 231 Juni
4165 527 337 231 månad
4352 527 224 231 var¬-

2675 661 511 195 seblifvit
3067 661 236 195 en
3185 661 393 195 mindre
3460 661 432 195 öppning
3774 661 314 195 uppe
3971 661 275 195 vid
4128 661 353 195 taket
4364 661 196 195 å
4403 661 157 195 en

2674 802 557 221 afskrankad
3112 802 636 221 vindsskrubb;
3629 802 278 221 han
3788 802 438 221 omtalat
4106 802 358 221 detta
4305 802 199 221 för

2713 906 363 231 Gustaf
2967 906 436 231 Svensson
3294 906 254 231 och
3439 906 508 231 föreslagit
3838 906 254 231 att
3983 906 218 231 de
4092 906 363 231 skulle
4310 906 218 231 till

2698 1004 341 253 gripa
2925 1004 379 253 kläder
3190 1004 265 253 som
3342 1004 189 253 i
3417 1004 454 253 skrubben
3758 1004 568 253 förvarades;
4212 1004 265 253 att
4326 1004 189 253 han

2705 1179 288 169 den
2869 1179 247 169 29
2993 1179 206 169 i
3075 1179 370 169 samma
3322 1179 370 169 månad
3568 1179 493 169 inkrupit
3938 1179 206 169 i
3979 1179 576 169 vindskrubben

2708 1287 377 223 genom
2960 1287 545 223 förenämde
3379 1287 461 223 öppning
3714 1287 293 223 vid
3881 1287 377 223 taket
4133 1287 293 223 och
4259 1287 293 223 till¬-

2709 1424 329 234 gripit
2940 1424 428 234 Hallbergs
3269 1424 626 234 vinteröfverrock
3796 1424 230 234 och
3927 1424 198 234 en
4026 1424 296 234 honom
4191 1424 362 234 tillhörig

2688 1523 367 239 väst,
2933 1523 408 239 hvilka
3219 1523 367 239 plagg
3464 1523 286 239 han
3627 1523 408 239 lemnat
3913 1523 327 239 till
4076 1523 408 239 Svensson

2690 1682 263 202 som
2841 1682 338 202 under
3066 1682 338 202 tiden
3292 1682 338 202 stått
3518 1682 188 202 å
3593 1682 376 202 vinden
3856 1682 414 202 utanför
4119 1682 376 202 skrubben

2704 1835 279 191 och
2863 1835 478 191 derefter
3222 1835 358 191 samma
3460 1835 279 191 dag
3620 1835 478 191 pantsatt
3978 1835 398 191 rocken
4256 1835 279 191 för
4376 1835 119 191 3

2701 1911 422 214 kronor,
3007 1911 345 214 under
3237 1911 230 214 No
3352 1911 345 214 18837
3582 1911 268 214 hos
3736 1911 575 214 pantlånaren
4196 1911 192 214 C
4272 1911 192 214 H
4311 1911 268 214 Hall¬-

2712 2088 317 180 berg
2910 2088 198 180 i
2990 2088 356 180 huset
3227 2088 238 180 No
3346 2088 238 180 14
3465 2088 277 180 vid
3623 2088 594 180 Husargatan;
4099 2088 277 180 att
4218 2088 356 180 Larsson

2702 2226 588 210 derpåföljde
3172 2226 274 210 dag
3329 2226 314 210 ånyo
3525 2226 470 210 inkrupit
3878 2226 196 210 i
3956 2226 470 210 skrubben
4309 2226 274 210 och
4426 2226 157 210 då

2696 2349 526 174 tillgripit
3110 2349 225 174 en
3223 2349 338 174 väst,
3448 2349 263 174 som
3598 2349 263 174 han
3749 2349 489 174 likaledes
4124 2349 338 174 ofven
4312 2349 301 174 lemnat

2698 2474 330 183 till
2904 2474 496 183 Svensson
3276 2474 454 183 hvilken
3606 2474 496 183 pantsatt
3978 2474 289 183 den
4143 2474 372 183 samma
4350 2474 206 183 dag

2732 2598 246 205 för
2873 2598 211 205 37
2978 2598 246 205 öre
3119 2598 317 205 under
3330 2598 211 205 No
3436 2598 317 205 11790
3647 2598 246 205 hos
3788 2598 528 205 pantlånaren
4210 2598 211 205 J.
4316 2598 211 205 P.
4386 2598 176 205 Os¬-

2720 2757 298 174 berg
2906 2757 186 174 i
2981 2757 335 174 huset
3204 2757 224 174 No
3316 2757 186 174 3
3391 2757 261 174 vid
3540 2757 559 174 Jerntorget;
3987 2757 261 174 att
4136 2757 410 174 Larsson
4397 2757 186 174 se¬-

2714 2889 400 163 dermera
3004 2889 182 163 i
3077 2889 472 163 skrubbben
3440 2889 509 163 tillgripit
3840 2889 291 163 dels
4022 2889 254 163 den
4167 2889 182 163 1
4240 2889 363 163 dennes
4458 2889 145 163 en

2682 2993 349 213 svart
2915 2993 427 213 kjortel
3225 2993 233 213 en
3342 2993 310 213 rock
3536 2993 272 213 och
3691 2993 233 213 en
3807 2993 310 213 väst
4001 2993 388 213 hvilka
4234 2993 349 213 parsed¬-

2694 3125 278 230 lar
2853 3125 278 230 han
3012 3125 358 230 sjelf
3251 3125 477 230 pantsatt
3608 3125 477 230 kjorteln
3966 3125 278 230 hos
4125 3125 437 230 Osberg,
4403 3125 199 230 un¬-

2694 3294 261 144 der
2843 3294 223 144 No
2954 3294 223 144 11
3066 3294 298 144 850,
3252 3294 261 144 för
3401 3294 186 144 1
3475 3294 335 144 krona
3699 3294 223 144 50
3811 3294 261 144 öre
3959 3294 298 144 samt
4146 3294 372 144 rocken
4369 3294 186 144 och

2705 3366 374 170 västen
2966 3366 262 170 hos
3116 3366 561 170 pantlånaren
3565 3366 224 170 J.
3677 3366 374 170 Olsson
3938 3366 187 170 i
4013 3366 336 170 huset
4238 3366 224 170 No
4350 3366 187 170 4
4387 3366 187 170 vid

2707 3509 333 213 Öfrra
2929 3509 519 213 Husargatan
3337 3509 333 213 under
3559 3509 222 213 No
3670 3509 333 213 15073
3892 3509 259 213 för
4040 3509 185 213 1
4115 3509 370 213 krona,
4337 3509 222 213 dels

2696 3652 250 173 den
2839 3652 178 173 5
2910 3652 357 173 dennes
3160 3652 214 173 en
3267 3652 321 173 väst,
3481 3652 250 173 ett
3624 3652 428 173 klädning
3945 3652 250 173 lif
4088 3652 250 173 och
4231 3652 214 173 en
4302 3652 250 173 svart

2710 3769 611 185 klädning,
3180 3769 470 185 hvilka
3509 3769 705 185 kladesplagg
4074 3769 329 185 han
4215 3769 329 185 samma
