5072 4088
521 269 697 105 betsförtjenst
1095 269 246 105 11
1218 269 451 105 Kronor,
1545 269 287 105 han
1709 269 451 105 omkring
2037 269 287 105 kl.
2201 269 205 105 2
2242 269 164 105 e.

511 392 295 98 m.
658 392 246 98 å
757 392 886 98 Gamleportplats
1496 392 837 98 sammanträffat
2136 392 246 98 med

504 513 414 91 förre
780 513 967 91 Kronoarbetskarlen
1609 513 414 91 Johan
1839 513 507 91 Ferdinand

495 625 521 95 Eriksson
886 625 348 95 samt
1103 625 782 95 arbetskarlarne
1755 625 435 95 Gustaf
2059 625 348 95 Emil
2233 625 217 95 An¬-

508 725 502 105 dersson
873 725 410 105 Krans
1147 725 319 105 och
1329 725 456 105 Niklas
1649 725 639 105 Bengtsson,
2105 725 319 105 hvil¬-

503 829 295 95 ka
650 829 344 95 han
847 829 246 95 å
945 829 344 95 ett
1142 829 884 95 Bolagsvärdshus
1879 829 491 95 bjudit
2173 829 197 95 på

507 945 561 101 bränvin
915 945 357 101 att
1119 945 663 101 Bengtsson
1630 945 306 101 då
1783 945 510 101 lofvat
2089 945 357 101 honom

492 1067 484 95 några
815 1067 484 95 gamla
1137 1067 538 95 kläder
1514 1067 323 95 om
1675 1067 376 95 han
1890 1067 484 95 ginge
2159 1067 269 95 med

501 1193 426 101 honom
784 1193 378 101 till
1021 1193 520 101 Mölndal
1399 1193 331 101 der
1588 1193 615 101 Bengtsson
2014 1193 378 101 bodde,

501 1311 327 107 att
688 1311 420 107 sedan
968 1311 327 107 han
1155 1311 700 107 ytterligare
1715 1311 467 107 bjudit
2041 1311 327 107 dem
2181 1311 187 107 på

503 1427 389 115 mat,
747 1427 292 115 de
893 1427 730 115 allesammans
1476 1427 584 115 begifvit
1914 1427 341 115 sig
2060 1427 292 115 till

508 1553 808 101 Galgkorgarne
1164 1553 556 101 hvarest
1568 1553 354 101 han
1770 1553 404 101 ånyo
1972 1553 404 101 bjudit

523 1677 317 99 dem
704 1677 272 99 på
840 1677 317 99 öl,
1021 1677 317 99 att
1202 1677 272 99 då
1338 1677 272 99 de
1473 1677 362 99 gått
1700 1677 317 99 ett
1881 1677 453 99 stycke
2152 1677 272 99 utom

505 1801 607 99 bommen,
946 1801 552 99 Sjöman
1332 1801 386 99 och
1553 1801 496 99 Krans
1884 1801 496 99 vikit
2159 1801 221 99 af

513 1929 379 91 från
749 1929 805 91 Mölndalsvägen
1413 1929 332 91 och
1602 1929 379 91 gått
1839 1929 379 91 till
2028 1929 332 91 höger

443 2043 317 97 åt
602 2043 739 97 Krokslätt,
1182 2043 580 97 hvarest
1604 2043 475 97 Krans
1868 2043 580 97 uppgifvit

492 2169 352 97 sig
693 2169 352 97 bo;
894 2169 352 97 att
1095 2169 553 97 Sjöman,
1497 2169 352 97 som
1698 2169 302 97 af
1849 2169 452 97 Krans
2100 2169 302 97 fått

517 2281 445 107 löfte
813 2281 297 107 om
962 2281 346 107 ett
1160 2281 346 107 par
1358 2281 445 107 byxor
1654 2281 594 107 medföljt
2050 2281 396 107 honom,

515 2401 358 107 att
719 2401 460 107 sedan
1026 2401 307 107 de
1179 2401 511 107 kommit
1537 2401 409 107 till
1793 2401 460 107 andra
2048 2401 358 107 sidan

494 2515 339 117 af
663 2515 339 117 en
832 2515 508 117 backe
1171 2515 508 117 Krans
1509 2515 508 117 tagit
1848 2515 564 117 Sjöman
2186 2515 226 117 om

511 2635 445 111 lifvet
823 2635 312 111 och
1001 2635 490 111 yttrat,
1358 2635 312 111 att
1536 2635 312 111 han
1714 2635 401 111 ville
1981 2635 356 111 bära
2159 2635 223 111 ho¬-

511 2776 343 87 nom
707 2776 441 87 öfver
1001 2776 686 87 klipporna,
1540 2776 539 87 hvarvid
1932 2776 343 87 han
2079 2776 343 87 till¬-

512 2908 519 58 gripit
876 2908 571 58 Sjömans
1291 2908 831 58 portmonnaie,
1966 2908 364 58 som
2122 2908 260 58 va¬-

507 2999 331 103 rit
696 2999 568 103 förvarad
1122 2999 237 103 i
1217 2999 331 103 ena
1406 2999 710 103 västfickan,
1974 2999 331 103 och
2116 2999 284 103 der¬-

521 3119 293 99 ur
668 3119 439 99 tagit
960 3119 293 99 en
1107 3119 439 99 sedel
1399 3119 244 99 å
1497 3119 244 99 5
1595 3119 537 99 kronor,
1936 3119 488 99 hvarjem¬-

495 3235 377 107 te
684 3235 440 107 han
935 3235 628 107 kastat
1375 3235 1005 107 portmonnaien
2129 3235 251 107 på

503 3357 582 101 marken,
926 3357 370 101 att
1138 3357 529 101 Sjöman
1508 3357 529 101 genast
1826 3357 582 101 fasttagit

526 3477 417 86 Krans
804 3477 324 86 som
989 3477 371 86 dock
1221 3477 464 86 slitit
1545 3477 324 86 sig
1731 3477 324 86 lös
1916 3477 324 86 och
2055 3477 371 86 sprun¬-

516 3583 353 96 git
717 3583 454 96 bort;
1020 3583 353 96 att
1222 3583 656 96 Eriksson,
1727 3583 555 96 hvilken
2080 3583 252 96 med

511 3689 661 104 Bengtsson
1020 3689 610 104 inväntat
1478 3689 356 104 dem
1681 3689 305 104 på
1783 3689 661 104 Mölndalsvä¬

2754 291 348 114 gen
2953 291 597 114 derefter
3401 291 497 114 kommit
3749 291 398 114 fram
3998 291 398 114 till
4196 291 448 114 Sjöman,

2743 429 342 106 som
2939 429 587 106 upptagit
3379 429 783 106 portmonnaien
4015 429 391 106 från
4211 429 391 106 marken

2748 545 323 100 och
2932 545 415 100 visat
3209 545 323 100 den
3393 545 323 100 för
3578 545 553 100 Eriksson
3993 545 369 100 samt
4177 545 461 100 omtalat,

2744 667 307 106 att
2920 667 395 106 Krans
3183 667 395 106 derur
3446 667 614 106 tillgripit
3928 667 307 106 fem
4104 667 482 106 kronor,
4411 667 219 106 att

2739 787 471 102 Eriksson
3092 787 432 102 dertill
3406 787 432 102 yttrat,
3720 787 275 102 att
3877 787 275 102 det
4033 787 275 102 var
4190 787 314 102 illa
4347 787 275 102 gjort

2723 905 326 112 och
2910 905 466 112 lofvat
3236 905 373 112 taga
3469 905 373 112 reda
3702 905 280 112 på
3842 905 746 112 penningarne,
4401 905 233 112 men

2707 1045 639 70 samtidigt
3199 1045 443 70 sjelf
3494 1045 295 70 ur
3641 1045 787 70 portmonnaien
4232 1045 344 70 tagit

2724 1182 222 63 2
2812 1182 399 63 eller
3034 1182 133 63 3

3161 1108 321 55 stycken

3197 1177 664 58 femtiooren
3718 1177 332 58 och
3908 1177 474 58 dermed
4193 1177 427 58 aflägs¬-

2747 1283 370 94 nat
2959 1283 423 94 sig,
3223 1283 423 94 samt
3487 1283 370 94 att
3698 1283 528 94 Sjöman
4016 1283 528 94 derefter

2711 1401 592 94 begifvit
3155 1401 345 94 sig
3352 1401 247 94 i
3451 1401 592 94 sällskap
3895 1401 345 94 med
4043 1401 543 94 Bengtsson

2731 1509 361 114 till
2957 1509 452 114 staden
3273 1509 316 114 för
3454 1509 316 114 att
3634 1509 452 114 anmäla
3905 1509 633 114 tillgreppet.

2835 1655 459 92 Samma
3141 1655 357 92 dag
3345 1655 306 92 på
3498 1655 561 92 aftonen
3906 1655 459 92 hafva
4161 1655 459 92 bemälde

2704 1773 574 90 personer
3135 1773 431 90 förre
3422 1773 1005 90 kronoarbetskarlen
4235 1773 335 90 Johan

2693 1903 658 98 Ferdinand
3199 1903 658 98 Eriksson,
3705 1903 506 98 boende
4059 1903 253 98 i
4161 1903 455 98 huset
4414 1903 202 98 No

2695 2022 261 97 17
2825 2022 348 97 Litt
3042 2022 261 97 K.
3173 2022 217 97 i
3260 2022 652 97 Redbergslid
3782 2022 304 97 och
3956 2022 304 97 för
4130 2022 435 97 första
4391 2022 217 97 re¬-

2695 2142 371 94 san
2907 2142 636 94 snatteri
3384 2142 689 94 straffade
3860 2142 742 94 manspersonen

2677 2257 507 114 Gustaf
3032 2257 405 114 Emil
3285 2257 659 114 Andersson
3792 2257 507 114 Krans,
4096 2257 456 114 blifvit

2668 2387 626 114 anhållne,
3149 2387 530 114 hvarvid
3535 2387 578 114 Eriksson
3968 2387 337 114 var
4161 2387 289 114 af
4257 2387 337 114 star¬-

2677 2505 293 108 ka
2824 2505 537 108 drycker
3214 2505 733 108 öfverlastad
3801 2505 342 108 och
3996 2505 440 108 Krans
4240 2505 342 108 inne¬-

2676 2621 368 106 hade
2906 2621 276 106 en
3044 2621 414 106 krona
3320 2621 276 106 13
3412 2621 276 106 öre.

2810 2761 325 108 Wid
2995 2761 325 108 det
3181 2761 325 108 med
3367 2761 557 108 Eriksson
3785 2761 325 108 och
3971 2761 418 108 Krans
4249 2761 232 108 i
4296 2761 232 108 an¬-

2682 2891 502 100 ledning
3047 2891 410 100 häraf
3321 2891 593 100 anställde
3777 2891 502 100 förhör,
4142 2891 410 100 hafva
4370 2891 182 100 de

2632 3019 610 96 uppgifvit:

2835 3149 669 98 Eriksson,
3349 3149 360 98 att
3555 3149 360 98 han
3761 3149 617 98 Lördagen
4224 3149 360 98 den
4378 3149 206 98 24

2659 3277 507 104 dennes
3014 3277 304 104 på
3166 3277 862 104 eftermiddagen
3876 3277 253 104 i
3977 3277 608 104 sällskap
4383 3277 253 104 med

2677 3405 513 95 Sjöman
3036 3405 462 95 Krans
3344 3405 359 95 och
3549 3405 719 95 Bengtsson,
4114 3405 462 95 sedan
4371 3405 205 95 de

2667 3521 765 95 tillsammans
3279 3521 561 95 intagit
3686 3521 663 95 förtäring
4196 3521 357 95 och
4349 3521 255 95 den

2667 3631 692 99 sistnämnde
3210 3631 494 99 lofvat
3556 3631 494 99 Sjöman
3902 3631 445 99 några
4149 3631 445 99 kläder,

2662 3739 551 99 begifvit
3076 3739 322 99 sig
3259 3739 276 99 på
3397 3739 322 99 väg
3581 3739 368 99 till
3811 3739 551 99 Mölndal,
4224 3739 322 99 att
4362 3739 184 99 då
