5003 4065
502 177 169 184 i
570 177 304 184 huset
772 177 203 184 No
874 177 203 184 13
975 177 236 184 vid
1110 177 270 184 Öfra
1279 177 473 184 Husargatan
1650 177 236 184 för
1785 177 169 184 4
1853 177 338 184 Kronor
2055 177 338 184 pantsatt

441 333 509 122 klädningen.

645 365 495 181 Klädningen
1034 365 248 181 har
1175 365 531 181 återfunnits
1600 365 425 181 pantsatt
1918 365 177 181 å
1989 365 248 181 det
2131 365 212 181 af
2201 365 248 181 Sund¬-

482 508 315 172 ström
692 508 420 172 uppgifna
972 508 594 172 pantlånekontor.

712 589 230 169 På
827 589 344 169 grund
1056 589 230 169 af
1171 589 306 169 hvad
1362 589 421 169 sålunda
1668 589 574 169 förekommit,
2089 589 306 169 kommer

494 697 373 149 Charles
765 697 305 149 Oskar
969 697 441 149 Sundström
1308 697 237 149 att
1444 697 305 149 denna
1647 697 237 149 dag
1783 697 237 149 för
1918 697 237 149 PKn
2020 697 407 149 inställas.

991 791 427 222 Göteborg
1312 791 249 222 den
1454 791 178 222 4
1525 791 249 222 Maj
1632 791 249 222 1880.

134 906 247 130 No
216 906 247 130 104.

106 1016 217 151 Olof
214 1016 326 151 Danielsson

104 1113 300 110 Öhlin,
284 1113 210 110 Segel

107 1180 228 163 eller
233 1180 254 163 Ahlberg.

204 1285 360 269 utskrives
453 1285 111 269 ej

599 890 424 226 Mamsell
908 890 501 226 Eufrosyne
1294 890 540 226 Malmstedt,
1718 890 270 226 som
1872 890 270 226 har
1988 890 424 226 handskbod

539 1026 177 213 i
609 1026 319 213 huset
822 1026 213 213 No
929 1026 177 213 6
999 1026 248 213 vid
1141 1026 461 213 Korsgatan
1496 1026 248 213 har
1638 1026 390 213 anmält,
1921 1026 248 213 att
2027 1026 355 213 Måndagen

500 1115 228 198 den
631 1115 195 198 26
728 1115 228 198 och
858 1115 390 198 Tisdagen
1151 1115 228 198 den
1281 1115 195 198 27
1378 1115 423 198 sistlidne
1703 1115 293 198 April
1898 1115 195 198 en
1996 1115 293 198 okänd
2158 1115 228 198 mans¬-

505 1241 354 184 person
752 1241 424 184 inkommit
1070 1241 177 184 i
1141 1241 318 184 boden
1353 1241 248 184 och
1495 1241 354 184 begärt
1742 1241 212 184 få
1849 1241 283 184 bese
1990 1241 389 184 handskar;

484 1387 236 197 att
619 1387 236 197 hon
754 1387 236 197 för
889 1387 303 197 detta
1091 1387 371 197 ändamål
1360 1387 168 197 å
1428 1387 438 197 boddisken
1765 1387 404 197 framlagt
2068 1387 202 197 en
2135 1387 270 197 större

489 1474 481 207 myckenhet,
866 1474 240 207 men
1004 1474 240 207 att
1141 1474 240 207 den
1278 1474 343 207 okände
1518 1474 343 207 hvarje
1759 1474 275 207 gång
1930 1474 446 207 aflägsnat
2239 1474 172 207 sig

494 1577 282 197 utan
670 1577 247 197 att
811 1577 318 197 något
1023 1577 247 197 köp
1164 1577 353 197 kommit
1411 1577 282 197 till
1587 1577 353 197 stånd;
1834 1577 282 197 samt
2011 1577 282 197 att,
2152 1577 247 197 efter

483 1706 235 211 det
618 1706 403 211 personen
920 1706 504 211 sistberörde
1324 1706 235 211 dag
1458 1706 437 211 aflägsnat
1794 1706 269 211 sig,
1962 1706 235 211 hon
2097 1706 336 211 saknat
2298 1706 101 211 8

455 1878 282 146 par
576 1878 443 146 handskar.

641 1918 295 185 Såsom
838 1918 427 185 misstänkt
1166 1918 230 185 för
1298 1918 295 185 detta
1495 1918 460 185 tillgrepp,
1856 1918 295 185 hafva
2020 1918 361 185 detektiv¬-

479 2038 528 208 konstaplarne
908 2038 198 208 J.
1007 2038 396 208 Rönnbäck
1304 2038 231 208 och
1436 2038 198 208 C.
1536 2038 429 208 Hellström
1866 2038 231 208 den
1998 2038 165 208 4
2064 2038 330 208 dennes
2262 2038 132 208 på

490 2151 386 215 morgonen
779 2151 386 215 anhållit
1068 2151 225 215 för
1197 2151 321 215 fjerde
1422 2151 289 215 resan
1614 2151 289 215 stöld
1807 2151 418 215 straffade
2096 2151 225 215 förre

465 2288 442 207 Sjömannen
805 2288 272 207 Olof
975 2288 476 207 Danielsson
1349 2288 306 207 Segel
1553 2288 306 207 eller
1757 2288 374 207 Ahlberg
2029 2288 272 207 från
2165 2288 204 207 Böda

479 2387 319 207 Socken
702 2387 159 207 i
766 2387 319 207 Kalmar
989 2387 255 207 län,
1149 2387 223 207 för
1276 2387 446 207 tillfället
1627 2387 319 207 boende
1850 2387 159 207 å
1914 2387 287 207 hotel
2073 2387 351 207 "Skandia"

473 2523 160 176 i
537 2523 289 176 huset
730 2523 192 176 No
826 2523 192 176 40
922 2523 225 176 vid
1018 2523 385 176 Sillgatan.

643 2602 424 165 Ahlberg,
960 2602 388 165 hvilken
1243 2602 247 165 vid
1384 2602 529 165 anhållandet
1807 2602 318 165 bland
2019 2602 318 165 annat
2196 2602 176 165 in¬-

478 2704 354 227 nehade
725 2704 212 227 en
831 2704 460 227 nattsäck,
1185 2704 566 227 innehållande
1644 2704 212 227 32
1751 2704 248 227 par
1892 2704 248 227 nya
1998 2704 389 227 handskar,

474 2821 362 198 hvilka
727 2821 217 198 af
836 2821 398 198 Mamsell
1125 2821 470 198 Malmstedt
1487 2821 470 198 igenkänts
1848 2821 289 198 vara
2029 2821 289 198 från
2174 2821 217 198 hen¬-

465 2938 210 228 ne
570 2938 525 228 tillgripna,
990 2938 245 228 har
1130 2938 245 228 vid
1270 2938 245 228 det
1410 2938 245 228 med
1549 2938 315 228 honom
1759 2938 175 228 i
1829 2938 455 228 anledning
2144 2938 245 228 häraf

493 3031 415 220 anställda
812 3031 319 220 förhör
1035 3031 447 220 uppgifvit,
1386 3031 223 220 att
1514 3031 255 220 han,
1673 3031 223 220 som
1801 3031 223 220 den
1928 3031 191 220 17
2024 3031 287 220 sist.
2184 3031 159 220 Ja¬-

467 3148 308 241 nuari
672 3148 479 241 frigifvits
1048 3148 273 241 från
1219 3148 615 241 straffängelset
1732 3148 171 241 å
1800 3148 479 241 Långholmen
2142 3148 239 241 efter

468 3291 486 226 undergången
857 3291 519 226 bestraffning
1278 3291 227 226 för
1408 3291 227 226 4de
1537 3291 292 226 resan
1732 3291 324 226 stöld,
1959 3291 389 226 derefter
2218 3291 162 226 be¬-

449 3429 246 180 sökt
603 3429 431 180 åtskilliga
942 3429 277 180 orter
1126 3429 154 180 i
1188 3429 339 180 Sverige
1434 3429 215 180 och
1557 3429 308 180 Norige
1773 3429 215 180 och
1896 3429 339 180 sednast
2111 3429 308 180 uppehål¬-

443 3530 240 175 lit
580 3530 240 175 sig
717 3530 172 175 i
786 3530 549 175 Christiania,
1232 3530 446 175 hvarifrån
1575 3530 240 175 han
1712 3530 240 175 den
1849 3530 206 175 22
1952 3530 309 175 sist.
2124 3530 240 175 April

445 3647 247 240 med
586 3647 529 240 Ångfartyget
1009 3647 317 240 Oskar
1220 3647 388 240 Dickson
1502 3647 423 240 ankommit
1819 3647 247 240 hit
1960 3647 282 240 till
2101 3647 317 240 staden,

2640 167 249 226 att
2783 167 249 226 han
2925 167 285 226 icke
3104 167 463 226 innevarit
3460 167 178 226 i
3531 167 499 226 Malmstedts
3923 167 463 226 handskbod
4280 167 249 226 för
4387 167 178 226 att

2630 319 281 237 bese
2806 319 457 237 handskar;
3157 319 281 237 samt
3333 319 246 237 att
3474 319 246 237 han
3614 319 211 237 af
3720 319 211 237 en
3825 319 563 237 kringresande
4247 319 352 237 handlan¬-

2631 444 247 231 de,
2772 444 247 231 med
2913 444 387 231 hvilken
3194 444 247 231 han
3335 444 599 231 sammanträffat
3828 444 176 231 å
3899 444 387 231 berörde
4145 444 423 231 ångfartyg,

2622 575 247 198 mot
2763 575 247 198 ett
2904 575 353 198 fickur
3152 575 247 198 och
3293 575 318 198 något
3505 575 459 198 penningar
3859 575 424 198 tillbytt
4177 575 247 198 sig
4318 575 212 198 de
4389 575 141 198 af

2629 709 343 182 honom
2858 709 534 182 innehafvde
3239 709 496 182 handskarne.

2770 789 324 194 Förra
2986 789 683 194 Kontorsbiträdet
3561 789 396 194 Bonsack
3849 789 432 194 Schelrup
4172 789 288 194 från
4316 789 252 194 Chri¬-

2637 913 400 221 stiania,
2937 913 234 221 för
3070 913 467 221 tillfället
3437 913 334 221 boende
3671 913 167 221 å
3737 913 300 221 hotel
3938 913 400 221 Skandia,
4238 913 234 221 har
4338 913 200 221 upp¬-

2643 1032 295 236 lyst,
2840 1032 229 236 att
2971 1032 229 236 han
3102 1032 229 236 den
3233 1032 197 236 22
3331 1032 295 236 sist.
3528 1032 295 236 April
3725 1032 197 236 på
3823 1032 262 236 resa
3987 1032 229 236 hit
4118 1032 262 236 till
4249 1032 262 236 staden

2644 1142 349 223 ombord
2888 1142 174 223 å
2958 1142 523 223 Ångfartyget
3376 1142 314 223 Oskar
3586 1142 384 223 Dickson
3865 1142 384 223 blifvit
4143 1142 349 223 bekant
4353 1142 174 223 med

2624 1256 399 236 Ahlberg;
2923 1256 233 236 att
3056 1256 233 236 de,
3188 1256 299 236 efter
3388 1256 432 236 ankomsten
3720 1256 266 236 hit,
3886 1256 266 236 bott
4052 1256 498 236 tillsammans
4417 1256 100 236 å

2647 1389 440 223 åtskilliga
2992 1389 408 223 hoteller,
3306 1389 345 223 sednast
3557 1389 157 223 å
3620 1389 283 223 hotel
3809 1389 440 223 "Skandia";
4154 1389 220 223 att
4248 1389 283 223 Ahlberg

2636 1446 255 248 den
2781 1446 182 248 1
2854 1446 365 248 dennes
3110 1446 474 248 hemkommit
3475 1446 255 248 och
3621 1446 219 248 på
3730 1446 219 248 en
3840 1446 182 248 i
3913 1446 328 248 deras
4095 1446 438 248 gemensamma

2659 1597 257 256 rum
2806 1597 404 256 stående
3100 1597 367 256 kommod
3357 1597 294 256 lagt
3540 1597 220 256 11
3650 1597 257 256 par
3797 1597 477 256 handskar,
4164 1597 367 256 hvaraf
4384 1597 184 256 han

2649 1720 370 224 erbjudit
2927 1720 370 224 Schelrup
3204 1720 216 224 att
3328 1720 185 224 åt
3420 1720 216 224 sig
3543 1720 308 224 utsöka
3759 1720 216 224 ett
3883 1720 247 224 par,
4037 1720 339 224 hvilket
4253 1720 308 224 Schelrup

2651 1826 231 269 ock
2783 1826 330 269 gjort,
3014 1826 429 269 hvarefter
3344 1826 462 269 handskarne
3707 1826 429 269 qvarlegat
4037 1826 165 269 i
4103 1826 363 269 rummet;
4334 1826 198 269 samt

2646 1937 247 244 att
2787 1937 282 244 han,
2963 1937 247 244 som
3104 1937 317 244 trott
3316 1937 388 244 Ahlberg
3598 1937 317 244 hafva
3810 1937 282 244 köpt
3986 1937 529 244 handskarne,
4374 1937 141 244 ej

2626 2084 357 235 frågat
2876 2084 322 235 denne
3091 2084 214 235 på
3198 2084 286 235 hvad
3377 2084 286 235 sätt
3555 2084 250 235 han
3698 2084 357 235 kommit
3948 2084 179 235 i
4020 2084 500 235 besittning
4377 2084 143 235 af

2572 2276 347 139 dem.

2791 2280 208 201 Af
2895 2280 208 201 de
3000 2280 174 201 i
3069 2280 417 201 Ahlbergs
3381 2280 243 201 och
3520 2280 451 201 Schelrups
3867 2280 486 201 gemensamma
4214 2280 278 201 bostad

2628 2365 473 257 återfunna
2992 2365 546 257 handskarne,
3428 2365 255 257 har
3574 2365 400 257 Mamsell
3865 2365 473 257 Malmstedt
4193 2365 364 257 igenkänt

2639 2580 173 168 6
2709 2580 243 168 par
2847 2580 278 168 vara
3021 2580 278 168 från
3194 2580 312 168 henne
3368 2580 451 168 tillgripna.

2792 2648 408 223 Ahlberg,
3098 2648 509 223 ytterligare
3505 2648 272 223 hörd
3675 2648 238 223 har
3811 2648 441 223 förnekat,
4150 2648 238 223 att
4286 2648 238 223 han
4388 2648 136 223 på

2637 2756 271 255 sätt
2806 2756 406 255 Schelrup
3111 2756 474 255 uppgifvit,
3483 2756 237 255 den
3619 2756 169 255 1
3686 2756 338 255 dennes
3923 2756 271 255 till
4092 2756 406 255 bostaden
4363 2756 203 255 med¬-

2629 2912 293 215 fört
2813 2912 330 215 några
2996 2912 403 215 handskar.

2866 3002 384 226 Mamsell
3145 3002 489 226 Malmstedt,
3529 3002 384 226 hvilken
3809 3002 419 226 återfått
4123 3002 209 226 de
4228 3002 209 226 32
4297 3002 175 226 par

2632 3140 452 180 handskar,
2980 3140 243 180 som
3119 3140 452 180 innehafts
3467 3140 209 180 af
3571 3140 417 180 Ahlberg,
3884 3140 313 180 jemte
4093 3140 209 180 de
4197 3140 174 180 6
4232 3140 243 180 paren

2642 3223 365 237 dylika,
2907 3223 232 237 som
3040 3223 464 237 påträffats
3405 3223 166 237 i
3471 3223 398 237 Ahlbergs
3769 3223 232 237 och
3902 3223 431 237 Schelrups
4201 3223 298 237 bostad,

2643 3371 231 208 har
2775 3371 429 208 förklarat
3105 3371 231 208 sig
3238 3371 198 208 ej
3337 3371 297 208 vilja
3535 3371 264 208 föra
3700 3371 297 208 någon
3898 3371 297 208 talan
4097 3371 264 208 emot
4229 3371 330 208 Ahlberg,

2625 3494 262 197 utan
2789 3494 361 197 afstått
3051 3494 262 197 från
3215 3494 262 197 alla
3379 3494 393 197 ansvars-
3674 3494 229 197 och
3772 3494 787 197 ersättningspåståenden.

2870 3620 378 164 Ahlberg
3145 3620 241 164 har
3282 3620 378 164 blifvit
3557 3620 309 164 tills
3763 3620 344 164 vidare
4004 3620 378 164 försatt
4278 3620 206 164 på
4347 3620 172 164 fri

2603 3727 318 172 fot.
2802 3727 478 172 Göteborg
3160 3727 279 172 den
3319 3727 199 172 5
3399 3727 279 172 Maj
3518 3727 279 172 1880.
