5042 4079
410 206 304 253 åt
562 206 659 253 Stenberg;
1069 206 405 253 samt
1322 206 355 253 att
1525 206 253 253 i
1626 206 659 253 anledning
2082 206 355 253 deraf

405 356 573 223 Wahlgren
835 356 382 223 sålt
1074 356 334 223 den
1265 356 430 223 förre
1551 356 477 223 vexeln
1885 356 382 223 till
2076 356 382 223 Gross¬-

437 456 494 205 handl.
782 456 494 205 Werner
1128 456 296 205 på
1276 456 494 205 Ranten
1622 456 346 205 och
1819 456 346 205 den
1967 456 494 205 sednare,

438 566 360 195 som
643 566 926 195 transporterats
1415 566 257 195 å
1517 566 617 195 Wahlgren
1980 566 257 195 i
2032 566 411 195 Skara¬-

433 679 510 169 borgs
774 679 454 169 läns
1057 679 680 169 Enskilda
1567 679 510 169 Banks
1908 679 567 169 kontor
2248 679 170 169 i

380 772 655 175 Falköping.

427 890 334 194 3o
594 890 780 194 Barberaren
1207 890 446 194 Orla
1486 890 613 194 Kappers
1932 890 279 194 i
1987 890 446 194 Falkö¬-

440 1024 435 159 ping:
730 1024 338 159 att
923 1024 242 159 i
1020 1024 483 159 sistl.
1358 1024 338 159 Maj
1551 1024 435 159 månad
1841 1024 290 159 af
1938 1024 483 159 Stenberg

445 1140 327 160 för
632 1140 701 160 försäljning
1193 1140 608 160 emottagit
1661 1140 281 160 en
1801 1140 421 160 vexel
2082 1140 234 160 å
2175 1140 281 160 17
2269 1140 187 160 kr

408 1221 331 186 och
597 1221 425 186 några
880 1221 378 186 öre,
1116 1221 520 186 hvilken
1494 1221 425 186 vexel
1778 1221 567 186 Stenberg
2156 1221 283 186 sagt

421 1327 334 168 sig
612 1327 429 168 hafva
898 1327 381 168 fått
1137 1327 334 168 sig
1327 1327 572 168 tillsänd
1756 1327 286 168 af
1852 1327 572 168 Dahlström;

419 1447 427 185 samt
686 1447 374 185 att
899 1447 321 185 då
1060 1447 588 185 Kappers
1487 1447 427 185 icke
1754 1447 588 185 lyckats
2128 1447 214 185 få

409 1532 563 155 vexeln
803 1532 507 155 såld,
1141 1532 394 155 han
1366 1532 789 155 återlemnat
1930 1532 563 155 densamme

407 1638 396 192 till
655 1638 644 192 Stenberg,
1151 1638 347 192 som
1349 1638 396 192 sagt
1597 1638 347 192 sig
1795 1638 396 192 ämna
1993 1638 496 192 återsän¬-

385 1753 299 143 da
535 1753 348 143 den
734 1753 398 143 till
933 1753 597 143 Dahlström.

393 1859 289 170 4o
537 1859 723 170 Stadsvakten
1115 1859 434 170 Frans
1404 1859 626 170 Hellström
1886 1859 241 170 i
1934 1859 530 170 Falköping

390 1969 380 175 att
607 1969 652 175 Stenberg
1096 1969 380 175 för
1313 1969 598 175 omkring
1748 1969 380 175 två
1911 1969 489 175 månader

401 2102 525 176 sedan
751 2102 350 176 af
926 2102 350 176 en
1101 2102 467 176 jude
1392 2102 408 176 vid
1625 2102 467 176 namn
1859 2102 583 176 Hyttner,

420 2203 607 120 hvilken
861 2203 441 120 vore
1137 2203 551 120 bosatt
1523 2203 276 120 i
1633 2203 607 120 Sköfde,
2074 2203 386 120 men
2239 2203 221 120 då

407 2301 647 165 befunnit
892 2301 377 165 sig
1108 2301 269 165 i
1215 2301 754 165 Falköping,
1808 2301 431 165 köpt
2078 2301 377 165 ett
2239 2301 216 165 ur

434 2381 392 181 och
658 2381 505 181 såsom
995 2381 729 181 betalning
1555 2381 561 181 derför
1891 2381 561 181 aflemnat

433 2475 350 190 en
608 2475 292 190 i
724 2475 758 190 Storkholm
1308 2475 700 190 utfärdad
1832 2475 525 190 vexel
2182 2475 292 190 å
2241 2475 233 190 14

435 2571 290 143 13
580 2571 435 143 eller
870 2571 290 143 14
966 2571 242 143 Kr.

434 2652 285 162 5o
577 2652 475 162 Hustru
910 2652 523 162 Johanna
1290 2652 618 162 Catharina
1765 2652 618 162 Stenberg,
2192 2652 238 162 bo¬-

420 2800 386 147 ende
661 2800 241 147 i
758 2800 724 147 Ekededalen:
1337 2800 338 147 att
1530 2800 435 147 sedan
1820 2800 580 147 Stenberg
2207 2800 241 147 nå¬-

442 2886 365 163 gon
650 2886 365 163 dag
859 2886 417 163 före
1120 2886 678 163 midsommar
1642 2886 417 163 från
1850 2886 574 163 Falköping

421 2982 551 178 skrifvit
834 2982 367 178 till
1064 2982 413 178 henne
1340 2982 322 178 och
1523 2982 459 178 hennes
1845 2982 459 178 dotter
2121 2982 367 178 Selma,

417 3119 369 132 att
628 3119 316 132 de
786 3119 316 132 på
944 3119 1001 132 midsommarsafton
1788 3119 527 132 skulle
2104 3119 316 132 resa

415 3209 364 170 till
642 3209 637 170 Falköping,
1142 3209 273 170 de
1279 3209 637 170 sistnämnde
1779 3209 318 170 dag
1961 3209 364 170 från
2143 3209 318 170 Sten¬-

407 3324 461 172 berg,
714 3324 359 172 som
919 3324 307 172 då
1073 3324 359 172 var
1278 3324 256 172 i
1380 3324 512 172 Sköfde
1739 3324 615 172 mottagit
2149 3324 256 172 ett

386 3427 690 170 telegram
904 3427 518 170 hvari
1249 3427 690 170 Stenberg
1767 3427 633 170 anmodat
2169 3427 288 170 dem

416 3532 616 170 inställa
878 3532 462 170 resan
1186 3532 514 170 emedan
1545 3532 359 170 han
1700 3532 359 170 sjelf

1961 3533 497 85 komme.

2253 3573 216 117 till

786 3639 647 170 Ekedalen,
1284 3639 348 170 dit
1483 3639 348 170 han
1682 3639 348 170 ock
1881 3639 548 170 sednare
2230 3639 199 170 på

2613 205 422 161 dagen
2894 205 563 161 anländt;
3316 205 328 161 att
3504 205 609 161 Stenbergs
3973 205 516 161 hustru,
4301 205 328 161 Sten¬-

2599 366 410 109 berg,
2873 366 410 109 deras
3147 366 456 109 dotter
3466 366 410 109 Selma
3739 366 319 109 och
3922 366 638 109 Dahlström,
4378 366 319 109 hvil¬-

2618 474 337 137 ken
2810 474 625 137 likaledes
3291 474 577 137 infunnit
3724 474 337 137 sig
3916 474 240 137 i
4013 474 625 137 Ekedalen,
4446 474 240 137 äf¬-

2608 533 498 141 vensom
2957 533 498 141 hustru
3305 533 647 141 Stenbergs
3802 533 647 141 hyresvärd
4250 533 448 141 målaren

2600 645 302 143 A.
2751 645 704 143 Wetterberg
3304 645 352 143 den
3505 645 302 143 25
3656 645 402 143 Juni
3907 645 704 143 förestagit
4410 645 201 143 en

2622 739 595 138 bortresa
3068 739 396 138 till
3316 739 644 138 Tidaholm;
3812 739 347 138 att
4010 739 595 138 Stenberg
4406 739 248 138 der

2628 852 365 176 fört
2856 852 456 176 Hustru
3176 852 547 176 Stenberg
3586 852 502 176 afsides
3951 852 319 176 och
4133 852 365 176 till
4316 852 319 176 henne

2596 969 548 131 lemnat
2980 969 329 131 en
3145 969 494 131 sedel
3474 969 274 131 å
3583 969 384 131 100
3802 969 384 131 Kr,
4022 969 548 131 dervid
4351 969 274 131 han

2605 1075 593 117 tillsagt
3049 1075 444 117 henne
3345 1075 346 117 att
3543 1075 395 117 hon,
3790 1075 444 117 efter
4086 1075 346 117 att
4234 1075 346 117 hafva

2621 1184 505 121 vexlat
2974 1184 505 121 sedeln
3327 1184 353 121 och
3529 1184 454 121 deraf
3832 1184 454 121 tagit
4135 1184 404 121 hvad
4337 1184 252 121 hon

2613 1271 405 175 till
2867 1271 456 175 några
3171 1271 507 175 uppköp
3525 1271 608 175 behöfde,
3981 1271 507 175 skulle
4285 1271 355 175 åter¬-

2613 1397 553 153 lemna
2981 1397 369 153 de
3166 1397 922 153 återstående
3842 1397 799 153 penningarne

2639 1481 396 142 till
2887 1481 644 142 Stenberg,
3382 1481 347 142 att
3580 1481 495 142 hustru
3927 1481 594 142 Stenberg
4323 1481 297 142 der¬-

2637 1587 481 145 efter
2957 1587 374 145 hos
3171 1587 534 145 handl.
3545 1587 695 145 Bengtsson
4079 1587 267 145 i
4133 1587 534 145 Tidaholm

2626 1725 366 120 der
2835 1725 366 120 han
3044 1725 785 120 tillhandlat
3672 1725 471 120 några
3986 1725 523 120 varor,
4300 1725 418 120 vexlat

2622 1803 486 142 sedeln
2962 1803 388 142 och,
3205 1803 437 142 efter
3496 1803 340 142 att
3691 1803 437 142 hafva
3982 1803 534 142 betalt,
4322 1803 291 142 hvad

2608 1922 363 136 hon
2816 1922 467 136 köpt,
3127 1922 519 136 lemnat
3490 1922 363 136 det
3698 1922 519 136 öfriga
4061 1922 415 136 till
4269 1922 363 136 Sten¬-

2603 2033 478 159 berg;
2921 2033 372 159 att
3134 2033 372 159 han
3346 2033 584 159 dagarne
3771 2033 637 159 derefter
4195 2033 372 159 gjort

2621 2129 499 160 flera
2953 2129 943 160 utbetalningar
3730 2129 499 160 såsom
4063 2129 444 160 till
4285 2129 277 160 sin

2643 2236 667 123 hyresvärd
3156 2236 308 123 40
3309 2236 359 123 Kr,
3515 2236 410 123 till
3720 2236 974 123 mjölkleverantören

2652 2363 226 134 5
2742 2363 271 134 Kr
2877 2363 316 134 och
3058 2363 361 134 till
3283 2363 451 134 hustru
3599 2363 541 134 Stenberg
4005 2363 677 134 ytterligare
4502 2363 180 134 20

2635 2438 369 179 Kr;
2846 2438 421 179 samt
3109 2438 369 179 att
3320 2438 369 179 han
3531 2438 685 179 uppgifvit
4057 2438 369 179 sig
4215 2438 369 179 hafva

2626 2538 440 185 fått
2901 2538 715 185 penningar
3451 2538 495 185 genom
3782 2538 825 185 försäljning
4387 2538 220 185 af

2587 2657 475 171 sigill
2920 2657 380 171 till
3158 2657 618 171 badgäster
3634 2657 238 171 i
3681 2657 428 171 Sköfde.

2737 2755 252 158 I
2837 2755 655 158 anledning
3342 2755 303 158 af
3493 2755 403 158 hvad
3745 2755 555 158 bemälde
4098 2755 504 158 personer

2605 2858 532 190 sålunda
2992 2858 339 190 för
3185 2858 484 190 Andrén
3524 2858 581 190 berättat
3960 2858 387 190 togs
4153 2858 484 190 Stenberg

2610 2964 375 169 ånyo
2845 2964 235 169 i
2938 2964 516 169 förhör,
3314 2964 469 169 dervid
3642 2964 328 169 han
3830 2964 281 169 på
3970 2964 469 169 frågor
4252 2964 422 169 uppgif¬-

2616 3063 462 181 vit:
2905 3063 404 181 att
3136 3063 404 181 han
3367 3063 462 181 icke
3655 3063 519 181 under
3944 3063 750 181 innevarande

2615 3172 333 150 år
2781 3172 665 150 innehaft
3280 3172 499 150 annan
3612 3172 554 150 vexel,
4000 3172 333 150 än
4166 3172 333 150 en
4333 3172 277 150 å
4388 3172 277 150 ett

2623 3273 513 168 mindre
2982 3273 564 168 belopp,
3392 3273 359 168 som
3597 3273 410 168 icke
3854 3273 769 168 öfverstigit
4418 3273 205 168 20

2626 3380 329 188 Kr,
2814 3380 329 188 och
3002 3380 516 188 hvilken
3377 3380 329 188 han
3565 3380 376 188 fått
3800 3380 329 188 sig
3988 3380 563 188 tillsänd
4363 3380 282 188 från

2603 3495 739 165 Dahlström,
3184 3495 370 165 att
3395 3495 475 165 denne
3712 3495 475 165 någon
4029 3495 370 165 tid
4187 3495 370 165 förut

2597 3587 314 176 af
2754 3587 628 176 Stenberg
3225 3587 419 176 fått
3486 3587 576 176 mottaga
3905 3587 314 176 en
4009 3587 576 176 öfverrock
