5044 4079
525 208 520 101 hvilka,
903 208 425 101 efter
1186 208 331 101 det
1375 208 331 101 han
1565 208 520 101 blifvit
1895 208 473 101 berusad,

525 328 470 97 åtföljt
867 328 385 97 honom
1123 328 256 97 in
1252 328 214 97 i
1337 328 427 97 gården
1636 328 342 97 till
1850 328 684 97 ofvanberörde

521 440 390 89 hus,
765 440 341 89 och
960 440 341 89 der
1155 440 634 89 aflägsnat
1642 440 341 89 sig
1837 440 390 89 från
2032 440 390 89 honom,

511 554 641 89 hvarefter
1004 554 345 89 han
1201 554 493 89 saknat
1497 554 739 89 portmonnaien.

524 670 428 105 Såsom
810 670 666 105 misstänkte
1334 670 333 105 för
1524 670 428 105 detta
1810 670 619 105 tillgrepp
2238 670 238 105 har

505 776 821 97 Poliskonstapeln
1196 776 259 97 No
1326 776 259 97 61
1455 776 519 97 Lundgren
1801 776 605 97 ofvanberörde

491 874 300 109 dag
663 874 300 109 kl.
834 874 300 109 1/2
1005 874 257 109 10
1134 874 257 109 på
1262 874 386 109 afton
1519 874 514 109 anhållit
1905 874 300 109 fre
2033 874 343 109 Krono¬-

521 998 781 107 arbetskarlen
1156 998 440 107 Johan
1449 998 635 107 Ferdinand
1889 998 537 107 Eriksson,

489 1104 452 99 boende
805 1104 226 99 i
896 1104 407 99 huset
1167 1104 271 99 No
1303 1104 271 99 17
1438 1104 362 99 Litt
1664 1104 226 99 K
1755 1104 226 99 i
1800 1104 588 99 Redbergslid

505 1216 317 93 och
686 1216 725 93 Arbetskarlen
1275 1216 408 93 Oskar
1547 1216 680 93 Zachrisson,
2045 1216 363 93 boende

498 1328 238 93 i
594 1328 476 93 Handl.
926 1328 285 93 J.
1069 1328 666 93 Johanssons
1592 1328 333 93 hus
1782 1328 713 93 Johannebäck
2305 1328 143 93 i

461 1428 508 117 Lundby
817 1428 305 117 sn
969 1428 305 117 på
1122 1428 661 117 Hisingen,
1630 1428 508 117 hvilka
1986 1428 356 117 vid
2138 1428 254 117 an¬-

494 1546 594 107 hållandet
951 1546 594 107 innehade,
1408 1546 548 107 Eriksson
1820 1546 229 107 1
1911 1546 274 107 Kr
2048 1546 274 107 50
2140 1546 274 107 öre.

511 1668 330 94 och
699 1668 660 94 Zachrisson
1218 1668 236 94 1
1312 1668 283 94 Kr
1453 1668 283 94 95
1547 1668 283 94 öre.

519 1784 594 96 Eriksson
964 1784 346 96 och
1162 1784 742 96 Zachrisson,
1755 1784 346 96 som
1953 1784 297 96 af
2052 1784 346 96 måls¬-

515 1886 471 92 egaren
845 1886 612 92 igenkänts
1316 1886 377 92 vara
1551 1886 283 92 de
1692 1886 612 92 personer,
2116 1886 330 92 hvil¬-

501 1991 308 90 ka
655 1991 360 90 med
860 1991 463 90 honom
1169 1991 668 90 innevarit
1683 1991 257 90 i
1785 1991 514 90 gården
2094 1991 308 90 till

502 2081 433 96 huset
791 2081 289 96 No
935 2081 241 96 4
1031 2081 241 96 &
1127 2081 241 96 5
1224 2081 337 96 vid
1416 2081 674 96 Bazargatan
1945 2081 337 96 vid
2089 2081 241 96 det

482 2190 653 96 tillfälle
984 2190 301 96 då
1135 2190 854 96 portemonnaien
1838 2190 402 96 från
2038 2190 352 96 honom

509 2306 711 90 tillgripits
1077 2306 426 90 hafva
1362 2306 332 90 vid
1551 2306 332 90 det
1741 2306 332 90 med
1930 2306 332 90 dem
2120 2306 237 90 i
2167 2306 237 90 an¬-

510 2402 468 100 ledning
850 2402 383 100 häraf
1105 2402 510 100 anstälde
1487 2402 425 100 förhör
1785 2402 595 100 uppgifvit,
2210 2402 213 100 att

499 2537 283 59 de
640 2537 283 59 på
782 2537 378 59 sätt
1018 2537 567 59 Swensson
1443 2537 567 59 berättat
1868 2537 236 59 i
1916 2537 472 59 sällskap

494 2623 347 78 med
693 2623 446 78 honom
990 2623 693 78 uppehållit
1534 2623 347 78 sig
1732 2623 248 78 å
1782 2623 594 78 åtskilliga

491 2721 683 80 värdshus,
1017 2721 368 80 att
1227 2721 315 80 då
1385 2721 368 80 han
1595 2721 526 80 dervid
1911 2721 473 80 blifvit

492 2822 604 87 berusad,
945 2822 302 87 de
1096 2822 302 87 på
1247 2822 655 87 Swenssons
1751 2822 554 87 begäran
2103 2822 353 87 visat

479 2925 463 101 denne
787 2925 463 101 vägen
1095 2925 411 101 till
1352 2925 565 101 berörde
1763 2925 411 101 hus,
2020 2925 360 101 dit
2174 2925 206 101 de

477 3038 489 92 likväl
819 3038 293 92 ej
966 3038 538 92 ingått,
1357 3038 391 92 utan
1601 3038 538 92 stadnat
1992 3038 293 92 på
2090 3038 342 92 gatan

477 3146 522 104 utanför
856 3146 712 104 portgången,
1426 3146 332 104 att
1615 3146 285 104 de
1758 3146 569 104 derunder
2137 3146 285 104 sett

441 3248 559 115 Swensson
861 3248 233 115 i
954 3248 652 115 portgången
1466 3248 745 115 sammanträffa
2072 3248 326 115 med
2212 3248 186 115 en

465 3360 359 107 för
670 3360 359 107 dem
875 3360 461 107 okänd
1182 3360 769 107 mansperson,
1797 3360 359 107 med
1951 3360 461 107 hvilken

482 3469 349 117 han
681 3469 548 117 inlåtit
1080 3469 349 117 sig
1279 3469 249 117 i
1378 3469 548 117 samtal;
1777 3469 398 117 samt
2026 3469 349 117 att
2175 3469 249 117 de,

491 3569 288 123 som
655 3569 494 123 derefter
1026 3569 494 123 begifvit
1396 3569 288 123 sig
1561 3569 329 123 till
1767 3569 288 123 ett
1931 3569 206 123 i
2014 3569 370 123 huset
2219 3569 165 123 No

2693 305 204 84 2
2775 305 286 84 vid
2938 305 777 84 Kungsportsplats
3592 305 450 84 beläget
3878 305 736 84 nykterhetsvärds¬-

2691 425 331 90 hus
2880 425 284 90 ej
3022 425 331 90 ägt
3211 425 426 90 någon
3495 425 568 90 kännedom
3921 425 284 90 om
4015 425 615 90 ifrågakomne

2706 549 616 90 tillgrepp,
3190 549 440 90 förrän
3498 549 264 90 de
3630 549 572 90 derstädes
4070 549 484 90 blifvit
4378 549 176 90 af

2693 655 852 104 poliskonstapeln
3410 655 538 104 Lundgren
3769 655 493 104 anhållen.

2722 765 776 110 Månadskarlen
3352 765 436 110 Johan
3643 765 679 110 Andersson,
4128 765 436 110 anstäld

2750 856 297 121 hos
2920 856 424 121 Handl.
3216 856 339 121 Otto
3428 856 509 121 Lindberg
3810 856 212 121 i
3894 856 381 121 huset
4149 856 254 121 No
4276 856 212 121 4
4360 856 212 121 &
4403 856 127 121 5

2696 962 297 112 vid
2865 962 635 112 Bazargatan,
3373 962 297 112 har
3543 962 508 112 upplyst,
3924 962 297 112 att
4094 962 297 112 han
4221 962 381 112 ifråga¬-

2695 1072 388 102 komne
2953 1072 388 102 afton
3212 1072 301 102 kl.
3384 1072 474 102 omkring
3729 1072 301 102 3/4
3901 1072 215 102 9
3987 1072 258 102 då
4116 1072 301 102 han
4245 1072 345 102 begif¬-

2694 1174 310 103 vit
2871 1174 310 103 sig
3048 1174 266 103 ut
3181 1174 221 103 i
3270 1174 443 103 gården
3580 1174 354 103 till
3801 1174 487 103 berörde
4155 1174 310 103 hus
4288 1174 266 103 sett

2690 1283 782 100 målsegaren
3305 1283 503 100 jemte
3640 1283 671 100 Eriksson
4143 1283 391 100 och
4311 1283 224 100 en

2704 1391 503 110 annan
3039 1391 503 110 okänd
3375 1391 782 110 mansperson
3933 1391 615 110 uppehålla

2689 1505 357 102 sig
2893 1505 255 102 i
2995 1505 306 102 en
3148 1505 408 102 mörk
3403 1505 357 102 vrå
3607 1505 663 102 derstädes
4066 1505 510 102 hvaremot

2707 1632 604 87 Zachrisson
3181 1632 388 87 stått
3440 1632 216 87 i
3526 1632 647 87 portgången,
4043 1632 302 87 att
4216 1632 302 87 vid
4345 1632 259 87 hans

2697 1752 540 76 ankomst
3089 1752 441 76 såväl
3384 1752 638 76 Eriksson,
3874 1752 687 76 Zachrisson
4365 1752 245 76 som

2705 1842 332 84 den
2894 1842 474 84 okände
3226 1842 616 84 skyndsamt
3700 1842 616 84 aflägsnat
4174 1842 379 84 sig,
4363 1842 237 84 att

2695 1947 634 88 Andersson,
3193 1947 317 88 som
3374 1947 634 88 misstänkte
3872 1947 317 88 att
4053 1947 407 88 något
4279 1947 317 88 till¬-

2705 2043 406 90 grepp
2976 2043 587 90 föröfvats
3427 2043 361 90 från
3653 2043 542 90 Swensson
4014 2043 542 90 tillfrågat

2701 2144 474 97 denne
3018 2144 316 97 om
3176 2144 369 97 han
3386 2144 422 97 hade
3650 2144 422 97 sina
3914 2144 685 97 penningar
4388 2144 158 97 i

2716 2250 576 89 behåll,
3134 2250 419 89 samt
3396 2250 366 89 att
3605 2250 628 89 Swensson
4077 2250 314 89 då
4181 2250 419 89 saknat

2698 2353 934 85 portmonnaien
3456 2353 409 85 med
3632 2353 700 85 penningar.

2721 2475 282 82 De
2862 2475 282 82 af
3003 2475 564 82 Eriksson
3426 2475 329 82 och
3614 2475 658 82 Zachrisson
4083 2475 517 82 innehafde

2716 2572 692 79 penningarne
3223 2572 461 79 bifogas.

2706 2677 310 94 På
2861 2677 465 94 grund
3171 2677 310 94 af
3326 2677 413 94 hvad
3584 2677 568 94 sålunda
3945 2677 671 94 förekommit,

2712 2795 489 94 komma
3037 2795 489 94 Johan
3363 2795 706 94 Ferdinand
3906 2795 652 94 Eriksson
4341 2795 271 94 och

2705 2907 444 94 Oskar
3001 2907 740 94 Zachrisson,
3593 2907 345 94 att
3790 2907 444 94 denna
4086 2907 345 94 dag
4235 2907 345 94 inför

2681 3013 860 104 Poliskammaren
3390 3013 708 104 inställas.
3946 3013 607 104 Göteborg
4351 3013 253 104 den

2680 3135 279 80 12
2819 3135 558 80 Februari
3191 3135 325 80 1880.

4623 3216 258 66 No
4709 3216 215 66 29.

4590 3355 253 59 Johan
4731 3355 253 59 Mauritz

4610 3438 265 54 Andersson
4813 3438 122 54 m.
4854 3438 102 54 fl.

2829 3247 390 90 Följande
3122 3247 390 90 personer
3415 3247 293 90 hafva
3577 3247 293 90 anmält:

2668 3339 181 106 1o
2758 3339 603 106 handelsidkerskan
3270 3339 271 106 Alida
3451 3339 392 106 Svensson,
3753 3339 211 106 som
3873 3339 211 106 har
3994 3339 211 106 sin
4114 3339 301 106 handel
4325 3339 151 106 i
4355 3339 211 106 huset

2654 3443 168 119 No
2738 3443 140 119 5
2794 3443 168 119 af
2879 3443 337 119 Majornas
3131 3443 197 119 4de
3243 3443 253 119 rote,
3412 3443 197 119 att
3524 3443 281 119 natten
3721 3443 225 119 till
3861 3443 197 119 den
3973 3443 168 119 24
4058 3443 253 119 eller
4226 3443 168 119 25
4282 3443 309 119 sistlidne

2658 3533 349 154 Januari
2912 3533 286 154 genom
3103 3533 349 154 inbrott
3356 3533 159 154 i
3420 3533 317 154 hennes
3642 3533 476 154 handelsbod,
4023 3533 349 154 hvarvid
4245 3533 349 154 ytterfön¬-

2645 3639 263 162 stret
2820 3639 409 162 lösbrutits
3142 3639 205 162 och
3259 3639 497 162 innanfönstret
3668 3639 526 162 sönderslagits,
4106 3639 205 162 der
4194 3639 380 162 tillgripits
