4993 4040
442 165 399 207 raplyen,
741 165 233 207 som
874 165 299 207 legat
1074 165 299 207 invid
1273 165 233 207 ett
1406 165 299 207 åkdon
1606 165 166 207 å
1672 165 466 207 salutorget
2038 165 233 207 och
2138 165 299 207 hvilken

453 300 419 149 paraply
757 300 266 149 hon
910 300 342 149 ämnat
1138 300 266 149 för
1290 300 304 149 egen
1480 300 266 149 del
1594 300 381 149 behålla.

590 396 462 178 Paraplyen
946 396 249 178 har
1088 396 391 178 blifvit
1372 396 284 178 till
1549 396 355 178 egaren
1762 396 462 178 återlemnad.

588 499 491 171 Påraplyen
966 499 340 171 grund
1193 499 227 171 af
1306 499 302 171 hvad
1495 499 415 171 sålunda
1797 499 567 171 förekommit,
2212 499 227 171 kom¬-

444 593 270 203 mer
599 593 386 203 Hedvig
869 593 502 203 Elisabeth
1256 593 425 203 Gråberg
1565 593 270 203 att
1719 593 348 203 denna
1951 593 270 203 dag
2106 593 270 203 för
2222 593 193 203 PKn

458 707 570 176 inställas.
906 707 488 176 Göteborg
1272 707 285 176 den
1435 707 244 176 18
1557 707 529 176 September
1923 707 285 176 1880.

83 822 231 132 No
161 822 231 132 201.

68 942 329 155 Mathilda
287 942 164 155 Bör¬-

37 1057 280 148 jesson.

551 826 489 185 Handlanden
935 826 209 185 J.
1040 826 419 185 Haglund,
1354 826 419 185 delegare
1668 826 175 185 i
1738 826 628 185 Handelsbolaget
2227 826 209 185 Hag¬-

446 920 279 149 lund
621 920 175 149 &
691 920 454 149 Svensson,
1040 920 244 149 som
1180 920 244 149 har
1319 920 314 149 butik
1529 920 175 149 i
1599 920 314 149 huset
1808 920 210 149 No
1913 920 210 149 37
2018 920 244 149 vid
2123 920 279 149 Drott¬-

451 1039 466 125 ninggatan
810 1039 251 125 har
953 1039 179 125 i
1025 1039 251 125 dag
1169 1039 395 125 anmält,
1456 1039 251 125 att
1599 1039 430 125 Lördagen
1922 1039 251 125 den
2065 1039 215 125 18
2173 1039 215 125 ds
2245 1039 179 125 ett

427 1133 416 153 obekant
730 1133 530 153 fruntimmer
1146 1133 454 153 inkommit
1487 1133 189 153 i
1562 1133 416 153 butiken
1865 1133 265 153 och
2017 1133 265 153 med
2130 1133 265 153 häls¬-

449 1255 285 167 ning
628 1255 285 167 från
806 1255 250 167 Fru
948 1255 428 167 Holmdal,
1269 1255 356 167 boende
1519 1255 178 167 i
1590 1255 321 167 huset
1804 1255 214 167 No
1911 1255 214 167 67
2018 1255 250 167 vid
2125 1255 285 167 Drott¬-

448 1387 496 156 ninggatan,
838 1387 426 156 anhållit
1157 1387 248 156 att
1299 1387 248 156 för
1441 1387 355 156 dennas
1689 1387 390 156 räkning
1972 1387 213 156 få
2079 1387 284 156 till
2221 1387 177 156 på¬-

405 1458 374 198 seende
666 1458 411 198 afhemta
966 1458 224 198 en
1078 1458 524 198 regnkappa,
1489 1458 187 198 i
1564 1458 486 198 anledning
1938 1458 374 198 hvaraf
2163 1458 224 198 till

426 1570 401 149 bemälde
717 1570 547 149 fruntimmer,
1154 1570 437 149 hvilkens
1482 1570 474 149 uppgifter
1846 1570 219 149 ej
1919 1570 474 149 betviflats,

419 1680 296 179 från
604 1680 407 179 butiken
900 1680 481 179 utlemnats
1269 1680 222 179 en
1380 1680 481 179 regnkappa
1750 1680 222 179 af
1861 1680 481 179 brungrått
2193 1680 222 179 hel¬-

440 1797 403 206 ylletyg,
742 1797 403 206 garnerad
1045 1797 235 206 med
1179 1797 201 206 s.
1279 1797 201 206 k.
1380 1797 436 206 gräsfrans
1716 1797 235 206 och
1850 1797 268 206 värd
2018 1797 201 206 22
2085 1797 302 206 Kronor.

559 1915 319 185 Sedan
771 1915 248 185 vid
913 1915 566 185 efterhörande
1373 1915 248 185 hos
1514 1915 672 185 Värdshusidkaren
2045 1915 354 185 Holmdal,

442 2040 475 162 upplysning
815 2040 407 162 vunnits,
1120 2040 237 162 att
1256 2040 237 162 han
1392 2040 271 162 icke
1561 2040 271 162 vore
1731 2040 305 162 gift,
1934 2040 237 162 och
2070 2040 237 162 det
2172 2040 203 162 obe¬-

439 2126 335 158 kanta
662 2126 558 158 fruntimret,
1109 2126 260 158 som
1257 2126 298 158 fått
1444 2126 447 158 emottaga
1778 2126 409 158 kappan,
2076 2126 298 158 icke
2225 2126 186 158 lå¬-

447 2234 281 164 tit
608 2234 562 164 återlemnat
1049 2234 522 164 densamma,
1451 2234 281 164 har
1572 2234 803 164 detektivkonstapeln

468 2332 189 169 J.
562 2332 315 169 Bohlin
782 2332 252 169 kort
940 2332 378 169 derefter
1223 2332 220 169 för
1349 2332 283 169 detta
1537 2332 409 169 tillgrepp
1852 2332 409 169 bedrägeri
2135 2332 252 169 anhål¬-

441 2440 242 172 lit
580 2440 380 172 hustrun
856 2440 415 172 Mathilda
1168 2440 484 172 Börjesson,
1548 2440 346 172 boende
1790 2440 173 172 i
1860 2440 311 172 huset
2067 2440 208 172 No
2171 2440 208 172 37
2240 2440 173 172 vid

438 2548 474 183 Skolgatan;
811 2548 237 183 och
946 2548 237 183 har
1082 2548 339 183 hustru
1319 2548 440 183 Börjesson
1658 2548 237 183 vid
1793 2548 237 183 det
1929 2548 237 183 med
2064 2548 305 183 henne
2234 2548 169 183 an¬-

452 2698 386 114 ställda
733 2698 351 114 förhör
979 2698 492 114 uppgifvit,
1365 2698 246 114 att
1505 2698 281 114 hon,
1681 2698 211 114 på
1786 2698 281 114 sätt
1962 2698 386 114 Haglund
2207 2698 176 114 an¬-

451 2784 319 169 mält,
663 2784 248 169 att
805 2784 248 169 den
946 2784 212 169 18
1053 2784 212 169 ds
1159 2784 177 169 i
1230 2784 283 169 hans
1407 2784 319 169 butik
1619 2784 496 169 tillnarrat
2009 2784 248 169 sig
2115 2784 248 169 ifrå¬-

434 2874 406 199 gakomne
729 2874 516 199 regnkappa,
1135 2874 406 199 hvilken
1430 2874 369 199 hustru
1688 2874 443 199 Böjesson
2020 2874 295 199 ännu
2168 2874 258 199 inne¬-

412 3039 246 100 hade.

576 3045 513 191 Regnkappan
979 3045 256 191 har
1126 3045 403 191 blifvit
1418 3045 476 191 återstäld
1785 3045 293 191 till
1931 3045 476 191 Målsegande¬-

423 3206 333 157 bolaget.

570 3243 231 198 På
686 3243 347 198 grund
917 3243 231 198 af
1033 3243 308 198 hvad
1226 3243 424 198 sålunda
1534 3243 578 198 förekommit,
1996 3243 385 198 kommer
2227 3243 193 198 Ma¬-

461 3368 359 202 thilda
712 3368 466 202 Börjesson
1071 3368 251 202 att
1215 3368 323 202 denna
1430 3368 251 202 dag
1573 3368 251 202 för
1717 3368 251 202 PKn
1824 3368 431 202 inställas.

778 3483 477 164 Göteborg
1136 3483 278 164 den
1295 3483 239 164 20
1415 3483 358 164 Sept.
1614 3483 278 164 1880.

68 3591 246 152 No
150 3591 246 152 202.

46 3674 284 176 Gustaf
216 3674 255 176 Jansson

505 3576 440 174 Ynglingen
844 3576 305 174 Adolf
1047 3576 373 174 Wassén,
1318 3576 406 174 anställd
1623 3576 237 174 hos
1725 3576 677 174 Garfverifabrikören

474 3664 205 185 C.
576 3664 205 185 V.
679 3664 342 185 Vassén
918 3664 171 185 i
986 3664 307 185 huset
1191 3664 205 185 No
1294 3664 171 185 2
1362 3664 239 185 vid
1499 3664 547 185 Kungstorget,
1943 3664 239 185 har
2045 3664 342 185 Lördagen

2526 159 263 173 den
2677 159 226 173 18
2790 159 376 173 dennes
3053 159 414 173 anmält,
3354 159 263 173 att
3504 159 338 173 samma
3730 159 263 173 dag
3880 159 226 173 på
3993 159 301 173 f.m.
4181 159 226 173 ur
4256 159 226 173 upp¬-

2524 274 246 194 lag
2664 274 211 194 af
2770 274 246 194 råa
2910 274 316 194 skinn
3121 274 176 194 å
3191 274 527 194 salutorget,
3612 274 421 194 uppköpte
3928 274 246 194 för
4034 274 421 194 Fabrikören

2553 342 359 229 Vasséns
2814 342 392 229 räkning,
3108 342 424 229 olofligen
3434 342 489 229 tillgripits
3826 342 228 229 ett
3956 342 457 229 kalfskinn,
4283 342 228 229 värdt

2542 475 166 187 2
2608 475 333 187 Kronor
2841 475 200 187 35
2941 475 233 187 öre
3074 475 233 187 och
3207 475 233 187 ett
3340 475 432 187 fårskinn,
3673 475 299 187 värdt
3872 475 200 187 En
3972 475 299 187 Krona
4172 475 200 187 10
4238 475 200 187 öre.

2638 572 336 241 Sedan
2862 572 261 241 hos
3011 572 522 241 Fabrikören
3421 572 373 241 Vassén
3682 572 485 241 anställde
4018 572 485 241 skinnuppkö¬-

2539 689 282 236 paren
2727 689 282 236 Anton
2915 689 345 236 Persson
3166 689 220 236 för
3292 689 439 236 Poliskonst
3637 689 188 236 No
3731 689 188 236 45
3825 689 408 236 Jakobsson
4139 689 345 236 anmält,
4359 689 157 236 att

2542 794 233 219 han
2675 794 299 219 åsett
2874 794 366 219 hurusom
3141 794 532 219 arbetskarlen
3573 794 333 219 Gustaf
3806 794 366 219 Jansson
4072 794 200 219 ur
4139 794 366 219 ynglingen

2541 912 342 258 Wasséns
2790 912 466 258 skinnupplag
3163 912 404 258 olofligen
3474 912 435 258 tillgripit
3816 912 218 258 ett
3940 912 404 258 fårskinn,
4220 912 280 258 hvilket

2552 1055 226 183 han
2681 1055 290 183 dock,
2874 1055 290 183 såsom
3068 1055 290 183 tagen
3262 1055 194 183 på
3358 1055 226 183 bar
3487 1055 387 183 gerning,
3778 1055 355 183 nödgats
4036 1055 452 183 återlemna,
4359 1055 161 183 har

2555 1191 339 189 bemälde
2802 1191 400 189 Jakobsson
3110 1191 370 189 anhållit
3387 1191 308 189 Gustaf
3603 1191 370 189 Jansson,
3880 1191 339 189 hvilken
4126 1191 216 189 vid
4250 1191 216 189 med
4342 1191 154 189 ho¬-

2541 1275 232 181 nom
2674 1275 398 181 anstäldt
2972 1275 332 181 förhör
3205 1275 465 181 uppgifvit,
3570 1275 232 181 att
3702 1275 232 181 han
3835 1275 299 181 varit
4034 1275 398 181 anställd
4300 1275 232 181 såsom

2553 1390 570 198 skinnuppköpare
3028 1390 190 198 åt
3123 1390 443 198 Fabrikören
3471 1390 348 198 Wassén,
3724 1390 222 198 men
3851 1390 222 198 den
3978 1390 158 198 6
4041 1390 285 198 sist.
4199 1390 285 198 Augusti

2566 1492 392 251 afskedats
2867 1492 211 251 för
2988 1492 513 251 oordentlighet
3410 1492 211 251 och
3531 1492 422 251 opålitligt
3863 1492 452 251 uppförande;
4225 1492 211 251 att
4315 1492 181 251 han,

2548 1631 227 213 som
2677 1631 324 213 numera
2904 1631 227 213 för
3034 1631 259 213 egen
3196 1631 356 213 räkning
3455 1631 389 213 uppköpte
3746 1631 227 213 och
3876 1631 292 213 sålde
4070 1631 292 213 skinn
4265 1631 162 213 å
4297 1631 227 213 salu¬-

2567 1745 328 190 torget,
2806 1745 239 190 icke
2955 1745 358 190 föröfvat
3224 1745 448 190 tillgreppen
3582 1745 328 190 ifråga,
3821 1745 209 190 men
3940 1745 209 190 väl
4059 1745 269 190 tagit
4238 1745 149 190 i
4268 1745 239 190 handen

2584 1853 212 183 och
2705 1853 303 183 besett
2917 1853 212 183 ett
3038 1853 394 183 fårskinn,
3341 1853 212 183 som
3463 1853 273 183 legat
3644 1853 152 183 i
3705 1853 182 183 en
3796 1853 364 183 skinnhög
4069 1853 152 183 å
4099 1853 394 183 salutorget,

2562 1922 334 210 hvilket
2805 1922 273 210 skinn
2987 1922 213 210 han
3108 1922 273 210 dock,
3290 1922 182 210 på
3381 1922 273 210 Anton
3564 1922 364 210 Perssons
3837 1922 486 210 tillsägelse,
4201 1922 304 210 återlagt

2572 2075 194 180 på
2669 2075 259 180 sitt
2830 2075 356 180 ställe;
3089 2075 226 180 att
3218 2075 226 180 han
3347 2075 485 180 ifrågakomne
3735 2075 226 180 dag
3865 2075 194 180 på
3962 2075 259 180 f.m.
4123 2075 356 180 försålt
4349 2075 162 180 ett

2577 2160 397 237 kalfskinn
2883 2160 214 237 för
3005 2160 153 237 2
3066 2160 305 237 Kronor
3279 2160 183 237 25
3371 2160 214 237 öre
3493 2160 214 237 och
3615 2160 214 237 ett
3737 2160 366 237 fårskinn
4012 2160 214 237 för
4134 2160 183 237 En
4225 2160 214 237 Kr.
4347 2160 183 237 10
4408 2160 153 237 öre

2576 2270 253 197 till
2735 2270 507 197 arbetskarlen
3146 2270 317 197 Anders
3368 2270 348 197 Larsson
3622 2270 158 197 i
3685 2270 285 197 huset
3875 2270 190 197 No
3970 2270 190 197 25
4065 2270 222 197 vid
4160 2270 380 197 Landsvägs¬-

2575 2401 315 202 gatan;
2795 2401 252 202 samt
2952 2401 220 202 att
3078 2401 220 202 han
3204 2401 283 202 förut
3392 2401 189 202 på
3487 2401 283 202 dagen
3675 2401 189 202 af
3770 2401 377 202 obekanta
4053 2401 377 202 personer
4304 2401 252 202 inköpt

2568 2484 347 206 berörde
2821 2484 316 206 skinn,
3042 2484 473 206 kalfskinnet
3420 2484 221 206 för
3547 2484 158 206 2
3610 2484 316 206 Kronor
3831 2484 189 206 15
3925 2484 221 206 öre
4052 2484 221 206 och
4146 2484 379 206 fårskinnet

2580 2660 236 143 för
2715 2660 202 143 En
2816 2660 303 143 Krona
3018 2660 202 143 10
3085 2660 202 143 öre.

2714 2687 461 225 Följande
3059 2687 461 225 personer
3404 2687 345 225 hafva
3596 2687 384 225 upplyst:

2597 2793 206 199 1o
2700 2793 550 199 Arbetskarlen
3147 2793 275 199 Knut
3319 2793 447 199 Svensson,
3663 2793 413 199 anställd
3972 2793 241 199 hos
4075 2793 413 199 Fabrikören

2573 2894 400 201 Wassen:
2864 2894 255 201 att
3009 2894 255 201 han
3155 2894 255 201 med
3301 2894 437 201 säkerhet
3628 2894 473 201 igenkände
3992 2894 255 201 det
4101 2894 437 201 kalfskinn,

2598 3026 217 183 som
2722 3026 341 183 Jansson
2970 3026 248 183 sålt
3124 3026 248 183 till
3279 3026 310 183 Anders
3496 3026 372 183 Larsson,
3775 3026 248 183 vara
3930 3026 403 183 detsamma,
4239 3026 217 183 som
4332 3026 217 183 förut

2582 3139 486 176 bortkommit
2964 3139 278 176 från
3138 3139 451 176 ynglingen
3485 3139 382 176 Wassén;
3728 3139 174 176 och

2579 3209 204 224 2o
2681 3209 339 224 August
2918 3209 407 224 Nilsson:
3224 3209 271 224 lika
3393 3209 237 224 med
3529 3209 271 224 Knut
3699 3209 441 224 Svensson,
4038 3209 237 224 med
4140 3209 339 224 tillägg,

2600 3310 215 220 att
2723 3310 215 220 han
2846 3310 277 220 sjelf
3031 3310 308 220 inköpt
3246 3310 462 220 kalfskinnet
3616 3310 215 220 och
3739 3310 246 220 lagt
3893 3310 215 220 det
4016 3310 154 220 i
4077 3310 400 220 ynglingen
4354 3310 185 220 Was¬-

2597 3454 254 155 séns
2756 3454 349 155 upplag,
3010 3454 413 155 hvarifrån
3327 3454 222 155 det
3454 3454 413 155 sedermera
3740 3454 444 155 tillgripits.

2691 3546 550 148 Arbetskarlen
3137 3546 343 148 Anders
3378 3546 378 148 Larsson
3652 3546 240 148 har
3790 3546 275 148 till
3961 3546 343 148 Wassén
4168 3546 343 148 återlem¬-

2598 3648 236 188 nat
2733 3648 539 188 kalfskinnet,
3171 3648 303 188 sedan
3374 3648 236 188 han
3508 3648 202 188 af
3609 3648 472 188 penningar,
3980 3648 236 188 som
4115 3648 371 188 Jansson
4351 3648 236 188 inne¬
