5077 4051
579 197 352 201 öppnat
825 197 388 201 brefvet
1107 197 282 201 och,
1284 197 282 201 utan
1460 197 247 201 att
1601 197 317 201 räkna
1812 197 247 201 det
1953 197 282 201 deri
2094 197 423 201 inneslutna

553 368 775 142 penningebeloppet,
1217 368 221 142 ur
1328 368 406 142 brefvet
1623 368 406 142 uttagit
1919 368 221 142 en
2029 368 369 142 mindre
2251 368 258 142 bundt

574 479 343 157 sedlar
814 479 171 157 å
882 479 206 157 10
985 479 240 157 och
1122 479 171 157 5
1190 479 377 157 Kronor,
1464 479 240 157 men
1601 479 274 157 icke
1773 479 343 157 räknat
2012 479 274 157 huru
2184 479 308 157 stort
2355 479 171 157 be¬-

572 579 265 167 lopp
738 579 365 167 bundten
1003 579 497 167 innehållit;
1401 579 232 167 att
1533 579 232 167 han
1666 579 199 167 af
1765 579 199 167 de
1865 579 199 167 ur
1964 579 365 167 brefvet
2196 579 365 167 framtagne

572 740 525 151 penningarne
992 740 315 151 samma
1202 740 245 151 dag
1342 740 280 151 dels
1517 740 350 151 gifvit
1761 740 245 151 sin
1901 740 350 151 hustru
2146 740 210 151 10
2216 740 315 151 Kronor,

580 840 277 114 dels
753 840 380 114 användt
1030 840 380 114 omkring
1307 840 173 114 8
1376 840 346 114 Kronor
1618 840 277 114 till
1791 840 484 114 bekostande
2171 840 207 114 af
2240 840 277 114 åkning

567 933 226 204 och
696 933 419 204 förtäring
1018 933 226 204 och
1148 933 258 204 dels
1309 933 323 204 inlagt
1535 933 194 204 20
1632 933 323 204 Kronor
1857 933 355 204 emellan
2116 933 323 204 bladen
2341 933 194 204 af
2406 933 129 204 en

568 1050 270 171 bok,
737 1050 236 171 som
872 1050 270 171 hade
1041 1050 304 171 plats
1243 1050 202 171 på
1344 1050 236 171 ett
1479 1050 270 171 bord
1648 1050 169 171 i
1715 1050 439 171 bostaden;
2053 1050 236 171 att
2188 1050 236 171 han
2289 1050 236 171 näst¬-

578 1150 370 150 påföljde
856 1150 247 150 natt
1010 1150 308 150 inlagt
1226 1150 339 150 brefvet
1473 1150 278 150 jemte
1658 1150 432 150 återstoden
1997 1150 185 150 af
2089 1150 247 150 deri
2213 1150 339 150 förvarade

568 1306 406 164 penningar
880 1306 156 164 i
942 1306 187 164 en
1036 1306 406 164 glasburk,
1348 1306 219 164 som
1473 1306 375 164 användes
1754 1306 250 164 till
1910 1306 437 164 förvarande
2254 1306 187 164 af
2316 1306 219 164 snus,

577 1398 401 176 hvarefter
885 1398 216 176 han
1009 1398 370 176 Fredagen
1286 1398 216 176 den
1409 1398 154 176 7
1471 1398 308 176 dennes
1687 1398 216 176 kl.
1810 1398 339 176 emellan
2057 1398 154 176 8
2118 1398 216 176 och
2242 1398 154 176 9
2303 1398 185 176 på
2365 1398 185 176 mor¬-

572 1509 342 176 gonen,
811 1509 512 176 medhafvande
1221 1509 512 176 glasburken,
1631 1509 239 176 som
1767 1509 239 176 han
1904 1509 478 176 tillslutit
2280 1509 239 176 med
2382 1509 137 176 en

561 1604 285 202 kork,
751 1604 158 202 i
814 1604 411 202 bakfickan
1131 1604 190 202 af
1226 1604 221 202 sin
1352 1604 253 202 rock
1510 1604 380 202 begifvit
1795 1604 221 202 sig
1921 1604 253 202 till
2080 1604 443 202 Olskroken;
2396 1604 158 202 att

559 1715 299 189 sedan
758 1715 266 189 han,
925 1715 299 189 efter
1124 1715 233 189 att
1257 1715 200 189 en
1357 1715 299 189 stund
1557 1715 299 189 hafva
1756 1715 433 189 innevarit
2089 1715 166 189 i
2156 1715 233 189 der
2256 1715 299 189 belägne

572 1832 364 211 Statens
837 1832 496 211 Jernsvägars
1234 1832 496 211 stationshus
1631 1832 199 211 på
1730 1832 298 211 besök
1928 1832 232 211 hos
2028 1832 496 211 Stationsföre¬-

577 1967 445 153 ståndaren
919 1967 411 153 Lidberg,
1228 1967 240 153 med
1365 1967 377 153 hvilken
1639 1967 240 153 han
1776 1967 274 153 vore
1947 1967 274 153 nära
2119 1967 377 153 bekant,
2359 1967 171 153 han

559 2074 199 163 då
658 2074 232 163 han
791 2074 397 163 begifvit
1089 2074 232 163 sig
1221 2074 199 163 ut
1320 2074 265 163 från
1486 2074 596 163 stationshuset,
1982 2074 298 163 invid
2181 2074 199 163 en
2280 2074 166 163 i
2313 2074 199 163 när¬-

565 2166 307 231 heten
769 2166 205 231 af
872 2166 409 231 detsamma
1179 2166 477 231 befintlig,
1554 2166 239 231 med
1690 2166 341 231 bräder
1928 2166 409 231 inhägnad
2235 2166 239 231 hög
2338 2166 170 231 med

549 2267 378 224 sågspån
823 2267 447 224 undangömt
1167 2267 515 224 glasburken;
1579 2267 240 224 att
1717 2267 275 224 han,
1888 2267 240 224 som
2026 2267 412 224 derefter
2301 2267 240 224 genom

560 2400 391 225 förtäring
860 2400 180 225 af
951 2400 300 225 starka
1161 2400 331 225 drycker
1401 2400 331 225 blifvit
1642 2400 300 225 rusig,
1852 2400 240 225 icke
2002 2400 270 225 kunde
2182 2400 300 225 erinra
2363 2400 150 225 sig

557 2514 277 174 huru
730 2514 242 174 han
869 2514 380 174 användt
1145 2514 484 174 återstoden
1526 2514 208 174 af
1630 2514 208 174 de
1733 2514 450 174 penningar
2079 2514 242 174 han
2218 2514 208 174 ur
2287 2514 242 174 bref¬-

574 2624 223 161 vet
702 2624 382 161 uttagit,
988 2624 159 161 i
1052 2624 318 161 vidare
1274 2624 255 161 mån,
1434 2624 191 161 än
1529 2624 223 161 att
1657 2624 223 161 han
1784 2624 318 161 bjudit
2007 2624 446 161 åtskilliga
2325 2624 191 161 per¬-

572 2740 290 210 soner
765 2740 194 210 på
862 2740 420 210 förtäring
1185 2740 226 210 och
1314 2740 161 210 i
1379 2740 226 210 sin
1508 2740 323 210 bostad
1733 2740 387 210 innehade
2024 2740 194 210 en
2121 2740 290 210 sedel
2314 2740 161 210 å
2347 2740 161 210 Fem

553 2836 328 172 Kronor
783 2836 295 172 jemte
979 2836 459 172 åtskilliga
1340 2836 524 172 silfvermynt;
1766 2836 262 172 samt
1930 2836 229 172 att
2061 2836 459 172 förenämnde
2389 2836 98 172 i

559 2944 298 192 boken
758 2944 298 192 gömde
957 2944 199 192 20
1056 2944 365 192 Kronor,
1321 2944 232 192 som
1454 2944 298 192 under
1653 2944 265 192 hans
1819 2944 398 192 frånvaro
2117 2944 265 192 från
2250 2944 265 192 hemmet

562 3054 346 220 blifvit
813 3054 220 220 der
939 3054 472 220 påträffade,
1317 3054 189 220 af
1411 3054 252 220 hans
1569 3054 315 220 hustru
1789 3054 409 220 behållits
2103 3054 220 220 och
2198 3054 346 220 användts.

710 3180 236 154 Den
845 3180 203 154 af
947 3180 405 154 Frodlund
1251 3180 473 154 omförmälde
1622 3180 473 154 glasburken
1994 3180 236 154 med
2129 3180 270 154 deri
2264 3180 270 154 förva¬-

567 3282 255 178 rade
727 3282 255 178 bref
886 3282 287 178 jemte
1078 3282 223 178 780
1205 3282 319 178 Kronor
1429 3282 160 178 i
1493 3282 319 178 sedlar
1716 3282 223 178 och
1844 3282 223 178 ett
1971 3282 383 178 frimärke
2259 3282 160 178 å
2323 3282 160 178 5
2354 3282 160 178 öre

558 3396 227 197 har
687 3396 486 197 återfunnits
1076 3396 162 197 å
1140 3396 227 197 det
1270 3396 194 197 af
1367 3396 388 197 Frodlund
1658 3396 388 197 uppgifna
1949 3396 356 197 ställe,
2176 3396 356 197 hvarjemte

558 3549 161 145 i
622 3549 257 145 hans
783 3549 321 145 bostad
1008 3549 418 145 förvarade
1329 3549 193 145 13
1425 3549 321 145 Kronor
1650 3549 193 145 67
1746 3549 257 145 öre,
1907 3549 385 145 derifrån
2164 3549 353 145 afhemtats

565 3629 241 169 och
702 3629 241 169 har
840 3629 276 169 hela
1012 3629 241 169 det
1150 3629 379 169 sålunda
1426 3629 620 169 tillrättakomna
1908 3629 620 169 penningebeloppet

522 3731 218 184 793
647 3731 312 184 Kronor
865 3731 187 184 67
959 3731 250 184 öre,
1114 3731 281 184 jemte
1302 3731 437 184 frimärket,
1645 3731 374 184 äfvensom
1926 3731 218 184 det
2019 3731 468 184 ifrågavarande

2554 173 336 194 brefvet
2799 173 489 194 öfverlemnats
3196 173 244 194 till
3349 173 489 194 Målseganden,
3746 173 611 194 Postkontrollören
4235 173 336 194 Carlberg.

2618 295 212 198 På
2724 295 318 198 grund
2936 295 212 198 af
3042 295 283 198 hvad
3219 295 389 198 sålunda
3501 295 530 198 förekommit,
3925 295 353 198 kommer
4173 295 283 198 Sven
4314 295 177 198 Uno

2569 431 381 176 Frodlund,
2862 431 322 176 hvilken
3096 431 322 176 blifvit
3330 431 234 176 till
3477 431 498 176 cellfängelset
3887 431 469 176 införpassad,
4267 431 205 176 att
4355 431 176 176 den¬-

2567 535 208 202 na
2671 535 242 202 dag
2810 535 242 202 för
2948 535 242 202 PKn
3087 535 485 202 inställas.
3467 535 415 202 Göteborg
3779 535 242 202 den
3917 535 208 202 21
4021 535 381 202 Septemb
4264 535 242 202 1880.

4493 646 235 119 No
4571 646 235 119 204.

4480 791 296 80 Martin
4658 791 237 80 Ludvig

4481 862 344 127 Johansson
4719 862 185 127 Larm.

2710 644 792 214 Detektivkonstaplarne
3403 644 198 214 C.
3502 644 198 214 G.
3601 644 330 214 Andrén
3832 644 231 214 och
3964 644 198 214 J.
4063 644 330 214 Bohlin
4261 644 231 214 hafva

2576 758 338 194 Fredagen
2829 758 197 194 den
2942 758 169 194 17
3027 758 282 194 dennes
3224 758 197 194 kl.
3337 758 197 194 1/2
3449 758 141 194 1
3506 758 169 194 på
3590 758 254 194 dagen
3759 758 141 194 å
3816 758 197 194 St.
3928 758 254 194 Eriks
4097 758 225 194 torg
4210 758 282 194 anhållit

2569 883 214 202 för
2692 883 306 202 första
2906 883 276 202 resan
3090 883 368 202 snatteri
3366 883 398 202 straffade
3672 883 490 202 Arbetskarlen
4070 883 306 202 Martin
4254 883 245 202 Ludvig

2569 998 482 222 Johansson
2939 998 333 222 Larm,
3162 998 370 222 boende
3421 998 185 222 i
3495 998 333 222 huset
3717 998 222 222 No
3828 998 222 222 16
3939 998 222 222 av
4051 998 333 222 Stora
4236 998 296 222 Landa¬-

2584 1135 565 243 lagatan
2995 1135 360 243 för
3200 1135 360 243 det
3406 1135 360 243 han
3611 1135 617 243 innehaft
4074 1135 308 243 en
4176 1135 360 243 frun¬-

2568 1268 1120 232 timmersregnkappa
3520 1268 336 232 af
3688 1268 616 232 mörkgrå
4080 1268 448 232 doffel

2587 1389 635 254 inknuten
3063 1389 264 254 i
3169 1389 317 254 en
3328 1389 370 254 röd
3539 1389 582 254 näsduk,
3962 1389 423 254 samt
4174 1389 317 254 icke

2575 1523 521 247 kunnat
2940 1523 625 247 redogöra
3408 1523 365 247 för
3617 1523 365 247 sin
3825 1523 573 247 åtkomst
4190 1523 313 247 till

2518 1774 510 151 kappan.

2670 1743 371 255 Vid
2882 1743 371 255 det
3094 1743 371 255 med
3306 1743 424 255 Larm
3571 1743 265 255 i
3677 1743 689 255 anledning
4154 1743 371 255 häraf

2608 1902 695 250 anställda
3142 1902 535 250 förhör
3517 1902 374 250 har
3731 1902 374 250 han
3891 1902 642 250 uppgifvit:

2613 2034 338 257 att
2806 2034 338 257 han
2999 2034 579 257 Fredagen
3433 2034 338 257 den
3626 2034 290 257 17
3771 2034 483 257 dennes
4109 2034 338 257 vid
4253 2034 290 257 mid¬-

2619 2153 583 320 dagstiden
3068 2153 224 320 å
3158 2153 359 320 bron
3382 2153 314 320 som
3562 2153 314 320 vid
3741 2153 583 320 Sillgatan
4145 2153 314 320 leder

2615 2305 501 312 öfver
2949 2305 501 312 Östra
3283 2305 835 312 Hamnkanalen
3895 2305 612 312 sammanan¬-

2616 2420 496 309 troffat
2976 2420 315 309 med
3157 2420 315 309 för
3337 2420 406 309 andra
3607 2420 406 309 resan
3878 2420 406 309 stöld
4103 2420 496 309 straffade

2597 2573 281 316 fe
2738 2573 984 316 Kronoarbetskarlen
3582 2573 563 316 Bernhard
3957 2573 609 316 Zachrisson,

2616 2728 330 286 för
2804 2728 471 286 första
3134 2728 424 286 resan
3417 2728 424 286 stöld
3699 2728 612 286 straffade
4123 2728 330 286 Frans

2621 2825 448 280 Edvard
2935 2825 627 280 Pettersson
3428 2825 314 280 och
3607 2825 269 280 fe
3697 2825 851 280 Kronoarbetskarlen

2625 2991 443 233 Oscar
2920 2991 689 233 Zachrisson
3461 2991 344 233 att
3658 2991 295 233 de
3805 2991 443 233 efter
4101 2991 344 233 att
4248 2991 197 233 en

2635 3122 401 229 kort
2885 3122 451 229 stund
3186 3122 451 229 hafva
3486 3122 651 229 derstädes
3937 3122 501 229 samtalat

2624 3180 340 289 med
2819 3180 631 289 hvarandra
3304 3180 631 289 atskiljts
3790 3180 486 289 dervid
4081 3180 486 289 Bernhard

2601 3351 635 257 Zachrisson
3100 3351 318 257 och
3281 3351 635 257 Pettersson
3781 3351 363 257 gått
4007 3351 408 257 nedåt
4234 3351 318 257 Östra

2609 3487 641 212 Hamngatan
3102 3487 394 212 till
3348 3487 592 212 Hultmans
3792 3487 493 212 holme,
4137 3487 345 212 dit
4285 3487 296 212 Larm

2629 3617 295 211 och
2798 3617 380 211 Oscar
3051 3617 591 211 Zachrisson
3515 3617 591 211 äfvenledes
3979 3617 506 211 begifvit
4317 3617 211 211 sig
