5073 4092
161 247 201 51 No
228 247 168 51 19.

119 349 244 56 Anders
265 349 171 56 Chri-

91 416 244 56 stiansson.

576 242 714 97 Poliskonstapeln
1177 242 225 97 No
1290 242 188 97 8
1365 242 451 97 Thunberg
1703 242 263 97 har
1854 242 451 97 måndagen
2154 242 188 97 den

475 364 212 85 26
581 364 353 85 dennes
828 364 212 85 kl
933 364 247 85 1/4
1075 364 212 85 11
1180 364 282 85 e.m.
1357 364 423 85 anhållit
1674 364 565 85 manspersonen
2098 364 282 85 Anders

486 476 581 103 Christiansson
964 476 239 103 för
1101 476 239 103 det
1238 476 239 103 han
1375 476 410 103 innehaft
1682 476 205 103 en
1785 476 239 103 del
1921 476 308 103 fisk,
2092 476 308 103 hvilken

461 600 260 105 han
610 600 484 105 uppgifvit
982 600 260 105 sig
1130 600 335 105 hafva
1354 600 446 105 bekommit
1688 600 223 105 af
1800 600 223 105 en
1912 600 409 105 yngling
2172 600 186 105 vid

463 728 294 111 namn
647 728 478 111 Andersson
1015 728 258 111 att
1125 728 405 111 försälja.

671 842 270 103 Wid
826 842 270 103 det
980 842 270 103 med
1135 842 656 103 Christiansson
1675 842 193 103 i
1752 842 502 103 anledning
2100 842 270 103 häraf

493 974 435 111 anställda
827 974 335 111 förhör
1061 974 234 111 har
1195 974 234 111 han
1329 974 402 111 vidgått,
1630 974 234 111 att
1764 974 234 111 han
1898 974 234 111 och
2032 974 201 111 en
2099 974 301 111 yngling

481 1100 258 127 vid
629 1100 295 127 namn
813 1100 369 127 Albert
1071 1100 479 127 Andersson
1440 1100 258 127 vid
1587 1100 553 127 ifrågakomne
1993 1100 405 127 tillfälle

466 1232 182 133 å
538 1232 219 133 en
648 1232 401 133 fiskbåt
940 1232 255 133 vid
1086 1232 511 133 Fisktorget
1487 1232 511 133 tillgripit
1852 1232 474 133 ifrågakomne

469 1356 332 125 parti
690 1356 295 125 fisk
875 1356 221 125 på
986 1356 258 125 det
1133 1356 332 125 sätt,
1355 1356 258 125 att
1502 1356 480 125 Andersson
1871 1356 295 125 gått
2056 1356 258 125 ned
2166 1356 148 125 på

472 1488 310 127 båten
678 1488 241 127 och
816 1488 310 127 tagit
1022 1488 378 127 fisken,
1297 1488 241 127 som
1435 1488 241 127 han
1572 1488 344 127 lemnat
1813 1488 275 127 till
1951 1488 447 127 Christians¬-

469 1650 242 117 son
608 1650 242 117 att
711 1650 415 117 försäljas.

686 1756 453 117 Fiskaren
1026 1756 339 117 Johan
1252 1756 377 117 Martin
1516 1756 453 117 Eriksson
1856 1756 302 117 från
2044 1756 339 117 Fotön
2233 1756 113 117 i

473 1884 369 133 Öckerö
731 1884 369 133 socken
989 1884 258 133 har
1137 1884 369 133 anmält
1395 1884 258 133 sig
1542 1884 332 133 såsom
1763 1884 332 133 egare
1985 1884 295 133 till
2132 1884 258 133 ifrå¬-

455 2004 427 139 gakomne
766 2004 350 139 fisk,
999 2004 350 139 under
1232 2004 466 139 uppgift,
1581 2004 272 139 att
1737 2004 272 139 den
1892 2004 427 139 utgjort
2164 2004 194 139 två

467 2124 278 141 tjog
641 2124 313 141 kolja
849 2124 243 141 och
988 2124 486 141 hvittling,
1371 2124 521 141 tillsammans
1787 2124 313 141 värde
1996 2124 243 141 Tre
2100 2124 278 141 Kronor

468 2262 285 121 samt
647 2262 250 121 att
789 2262 250 121 den
932 2262 535 121 tillgripits
1360 2262 285 121 från
1538 2262 285 121 hans
1716 2262 250 121 båt
1859 2262 428 121 liggande
2180 2262 178 121 i
2216 2262 178 121 ka¬-

480 2382 323 121 nalen
695 2382 251 121 vid
839 2382 538 121 Fiskhallen,
1270 2382 323 121 under
1485 2382 251 121 det
1628 2382 251 121 han
1772 2382 215 121 på
1880 2382 215 121 en
1987 2382 287 121 kort
2131 2382 251 121 stund

461 2520 456 109 aflägsnat
811 2520 245 109 sig
917 2520 385 109 derifrån.

629 2619 416 101 Eriksson
941 2619 243 101 har
1080 2619 416 101 återfått
1392 2619 243 101 sin
1495 2619 243 101 fisk.

607 2730 369 96 Albert
865 2730 480 96 Andersson
1234 2730 258 96 har
1382 2730 295 96 ännu
1566 2730 295 96 icke
1751 2730 369 96 kunnat
1972 2730 406 96 anträffas

618 2840 231 107 På
733 2840 347 107 grund
964 2840 231 107 af
1080 2840 308 107 hvad
1272 2840 424 107 sålunda
1580 2840 578 107 förekommit,
2042 2840 385 107 kommer

455 2964 352 121 Anders
701 2964 634 121 Christiansson,
1230 2964 247 121 som
1371 2964 211 121 är
1477 2964 352 121 boende
1724 2964 176 121 å
1794 2964 352 121 torpet
2006 2964 352 121 Katrine¬-

459 3084 281 115 lund
634 3084 316 115 under
845 3084 456 115 Egendomen
1196 3084 351 115 Lunden
1442 3084 176 115 i
1512 3084 386 115 Örgryte
1793 3084 386 115 socken,
2074 3084 246 115 att
2179 3084 211 115 den¬-

455 3194 220 121 ne
565 3194 257 121 dag
712 3194 257 121 för
859 3194 257 121 PKn
1005 3194 513 121 inställas.
1409 3194 440 121 Göteborg
1739 3194 257 121 den
1885 3194 220 121 27
1995 3194 257 121 Jan
2105 3194 257 121 1880.

146 3347 218 58 No
218 3347 182 58 20.

86 3444 290 68 Johannes
279 3444 217 68 Johans¬-

72 3522 193 59 son
182 3522 165 59 m.
237 3522 138 59 fl.

536 3323 694 100 Poliskonstaplarna
1131 3323 198 100 No
1230 3323 231 100 116
1362 3323 429 100 Törnqvist
1692 3323 231 100 och
1824 3323 198 100 No
1923 3323 231 100 118
2056 3323 264 100 Berg
2188 3323 198 100 haf¬-

463 3461 209 97 va
568 3461 174 97 i
637 3461 243 97 går
776 3461 209 97 kl
880 3461 209 97 10
985 3461 209 97 på
1089 3461 382 97 aftonen
1367 3461 174 97 å
1437 3461 556 97 Andrewsgatan
1889 3461 417 97 anhållit
2167 3461 243 97 Bräd¬-

460 3558 616 131 gårdsarbetarne
973 3558 411 131 Johannes
1281 3558 479 131 Johansson,
1657 3558 342 131 boende
1897 3558 171 131 i
1965 3558 308 131 huset
2171 3558 205 131 No
2239 3558 171 131 202

451 3670 281 139 Litt
626 3670 316 139 C.E.,
837 3670 281 139 Axel
1013 3670 386 139 Höglund
1294 3670 176 139 i
1364 3670 316 139 huset
1574 3670 211 139 No
1680 3670 211 139 68
1785 3670 246 139 och
1926 3670 281 139 Axel
2066 3670 316 139 Theodor

2714 250 471 127 Gustafsson
3084 250 168 127 i
3152 250 303 127 huset
3354 250 202 127 No
3455 250 202 127 49
3555 250 269 127 allt
3724 250 168 127 i
3791 250 404 127 Majornas
4094 250 336 127 Förste
4329 250 269 127 rote
4464 250 168 127 för

2716 364 254 143 det
2861 364 218 143 de
2970 364 436 143 innehaft
3297 364 291 143 hvar
3479 364 254 143 sin
3624 364 473 143 mansbörda
3988 364 473 143 plankved,
4351 364 254 143 för
4460 364 182 143 åt¬-

2706 486 310 139 komst
2912 486 414 139 hvartill
3222 486 207 139 de
3326 486 276 139 icke
3498 486 345 139 kunnat
3705 486 379 139 redogöra.

2862 576 226 153 Wid
2991 576 226 153 det
3120 576 226 153 med
3249 576 452 153 Johansson,
3605 576 355 153 Höglund
3863 576 226 153 och
3992 576 452 153 Gustafsson
4347 576 161 153 i
4380 576 258 153 anled¬-

2699 703 300 164 ning
2886 703 337 164 häraf
3111 703 487 164 anställde
3485 703 375 164 förhör
3747 703 337 164 hafva
3972 703 225 164 de
4047 703 599 164 sammanstämman¬-

2717 809 208 182 de
2821 809 381 182 erkänt,
3098 809 242 182 att
3236 809 208 182 de
3340 809 173 182 i
3409 809 242 182 går
3548 809 311 182 afton
3755 809 623 182 öfverenskommit
4239 809 381 182 tillgripa

2710 921 273 192 ved,
2881 921 239 192 för
3017 921 376 192 hvilket
3290 921 376 192 ändamål
3564 921 205 192 de
3666 921 307 192 öfver
3871 921 239 192 den
4007 921 444 192 isbelagda
4315 921 273 192 elfven

2701 1028 282 207 gått
2877 1028 282 207 till
3053 1028 669 207 Grosshandlanden
3617 1028 211 207 J.
3722 1028 211 207 W.
3828 1028 387 207 Wilsons
4110 1028 528 207 hamnegendom
4497 1028 141 207 No

2710 1142 203 209 31
2812 1142 169 209 i
2880 1142 407 209 Majornas
3185 1142 305 209 Andre
3388 1142 305 209 rote,
3591 1142 271 209 samt
3761 1142 237 209 att
3896 1142 203 209 de
3998 1142 441 209 derstädes
4303 1142 339 209 tillgri¬-

2686 1260 265 201 pit
2838 1260 303 201 hvar
3027 1260 265 201 sin
3178 1260 492 201 mansbörda
3556 1260 492 201 plankved,
3935 1260 265 201 som
4086 1260 227 201 de
4200 1260 341 201 ämnat
4389 1260 189 201 an¬-

2689 1432 313 143 vända
2898 1432 243 143 för
3037 1432 278 143 eget
3176 1432 278 143 behof.

2916 1473 235 196 Den
3051 1473 469 196 tillgripne
3419 1473 335 196 veden,
3654 1473 235 196 som
3788 1473 201 196 af
3889 1473 335 196 egaren
4123 1473 436 196 värderats
4425 1473 201 196 till

2676 1595 269 206 Sex
2829 1595 423 206 Kronor,
3137 1595 269 206 har
3291 1595 423 206 blifvit
3598 1595 307 206 till
3790 1595 346 206 denne
3982 1595 500 206 återlemnad.

2840 1715 252 194 På
2966 1715 378 194 grund
3218 1715 252 194 af
3343 1715 336 194 hvad
3553 1715 420 194 såunda
3847 1715 629 194 förekommit,
4308 1715 294 194 komma

2659 1847 465 216 Johannes
3008 1847 542 216 Johansson,
3434 1847 310 216 Axel
3628 1847 426 216 Höglund
3938 1847 271 216 och
4092 1847 310 216 Axel
4247 1847 349 216 Theodor

2685 1978 522 203 Gustafsson
3095 1978 261 203 att
3244 1978 336 203 denna
3468 1978 261 203 dag
3617 1978 261 203 för
3766 1978 261 203 PKn
3878 1978 448 203 inställas.

3055 2109 499 112 Göteborg
3429 2109 291 112 den
3596 2109 249 112 27
3720 2109 457 112 Januari
4011 2109 291 112 1880.

4635 2163 232 100 No
4713 2163 193 100 21.

4606 2290 231 94 Oskar
4735 2290 231 94 Olsson.

2769 2204 441 153 Handlanden
3115 2204 189 153 J.
3209 2204 189 153 B.
3304 2204 441 153 Wahlqvist,
3650 2204 220 153 som
3776 2204 346 153 innehar
3996 2204 598 153 Ångbåtskommissio¬-

2680 2324 470 169 närsfirman
3050 2324 302 169 Tycko
3251 2324 336 169 Roberg
3486 2324 168 169 i
3553 2324 302 169 huset
3754 2324 201 169 No
3855 2324 168 169 2
3922 2324 235 169 vid
4057 2324 302 169 Norra
4224 2324 336 169 Hamngtn,

2674 2434 222 179 har
2801 2434 444 179 Thorsdagen
3150 2434 222 179 den
3277 2434 190 179 29
3372 2434 286 179 sistl
3563 2434 349 179 Januari
3817 2434 190 179 kl
3912 2434 159 179 6
3975 2434 254 179 e.m.
4134 2434 286 179 låtit
4292 2434 286 179 anmäla,

2660 2540 222 196 att
2787 2540 222 196 hos
2914 2540 285 196 honom
3104 2540 412 196 anställde
3421 2540 602 196 kontorsbiträdet
3928 2540 285 196 Oskar
4119 2540 349 196 Olsson,
4340 2540 254 196 boende

2681 2661 157 198 i
2743 2661 283 198 huset
2932 2661 189 198 No
3027 2661 157 198 5
3089 2661 220 198 vid
3215 2661 598 198 Skräddaregatan,
3719 2661 566 198 derförutgångne
4191 2661 220 198 dag
4285 2661 283 198 blifvit

2686 2793 242 178 sänd
2837 2793 242 178 till
2988 2793 424 178 åtskilliga
3321 2793 363 178 personer
3593 2793 212 178 för
3715 2793 212 178 att
3836 2793 182 178 af
3926 2793 212 178 dem
4047 2793 333 178 uppbära
4259 2793 333 178 betalning

2653 2909 228 180 för
2784 2909 293 180 frakt
2979 2909 228 180 med
3109 2909 391 180 ångbåten
3402 2909 325 180 Albert
3630 2909 488 180 Ehrenswärd;
4020 2909 228 180 att
4150 2909 325 180 Olsson
4346 2909 260 180 först¬-

2677 3027 368 170 berörde
2944 3027 234 170 dag
3078 3027 201 170 på
3179 3027 402 170 morgonen
3480 3027 167 170 å
3547 3027 402 170 kontoret
3848 3027 402 170 aflemnat
4149 3027 201 170 de
4250 3027 234 170 för
4350 3027 268 170 sådant

2661 3161 358 162 ändamål
2922 3161 390 162 erhållne
3214 3161 585 162 fraktsedlarne,
3702 3161 293 162 under
3897 3161 390 162 uppgift,
4189 3161 228 162 att
4319 3161 228 162 han
4417 3161 195 162 icke

2658 3283 382 158 erhållit
2945 3283 287 158 några
3136 3283 446 158 penningar,
3487 3283 414 158 hvarefter
3805 3283 223 158 han
3933 3283 414 158 aflägsnat
4251 3283 255 158 sig,
4379 3283 191 158 utan

2658 3403 236 156 att
2793 3403 304 156 sedan
2996 3403 270 156 låta
3165 3403 236 156 sig
3300 3403 372 156 afhöra,
3570 3403 270 156 samt
3739 3403 236 156 att
3874 3403 236 156 vid
4009 3403 304 156 gjord
4178 3403 372 156 förfrågan

2664 3521 223 160 hos
2791 3521 573 160 godsmottagarne
3269 3521 286 160 desse
3460 3521 382 160 upplyst,
3746 3521 223 160 att
3874 3521 318 160 Olsson
4097 3521 159 160 å
4160 3521 191 160 s.
4256 3521 191 160 k.
4319 3521 255 160 frakt¬-

2641 3664 324 127 notiser
2876 3664 206 127 vid
2994 3664 265 127 olika
3171 3664 413 127 tillfällen
3495 3664 265 127 under
3672 3664 265 127 sagde
3849 3664 265 127 månad
4026 3664 354 127 uppburit
4291 3664 206 127 och
4380 3664 206 127 qvit¬-

2639 3782 276 111 terat
2823 3782 460 111 ifrågakomne
3191 3782 552 111 fraktavgifter,
3651 3782 215 111 som
3774 3782 337 111 uppgått
4019 3782 245 111 till
4173 3782 215 111 ett
4295 3782 307 111 belopp
4479 3782 123 111 af
