5059 4073
584 98 317 208 Sedan
795 98 492 208 förenämnde
1182 98 457 208 persedlar
1534 98 457 208 befunnits
1885 98 492 208 pantsatte,
2237 98 211 208 sam¬-

499 269 511 173 metspaletån
908 269 238 173 den
1044 269 204 173 31
1146 269 306 173 sist.
1350 269 272 173 Juli
1521 269 238 173 för
1657 269 238 173 Tre
1793 269 341 173 Kronor
2031 269 238 173 och
2134 269 306 173 byxorna

483 380 228 141 med
614 380 260 141 väst
776 380 228 141 den
907 380 195 141 27
1004 380 293 141 sist.
1200 380 260 141 Juli
1362 380 228 141 för
1493 380 163 141 5
1558 380 326 141 Kronor
1785 380 195 141 50
1883 380 228 141 öre
2013 380 228 141 hos
2111 380 358 141 Pantlåna¬-

492 509 217 145 ren
616 509 186 145 P.
709 509 186 145 J.
802 509 310 145 Osberg
1019 509 155 145 i
1081 509 279 145 huset
1267 509 186 145 No
1360 509 155 145 3
1422 509 217 145 vid
1546 509 434 145 Jerntorget
1887 509 248 145 samt
2042 509 403 145 paraplyet
2321 509 155 145 den

494 591 193 133 26
590 591 417 133 sistlidne
911 591 257 133 Juni
1071 591 225 133 för
1200 591 193 133 50
1296 591 225 133 öre
1424 591 225 133 hos
1553 591 481 133 Pantlånaren
1938 591 385 133 Hallberg
2226 591 193 133 H.
2291 591 128 133 C.

497 701 386 140 Hallberg
786 701 161 140 i
851 701 290 140 huset
1044 701 193 140 No
1140 701 193 140 14
1237 701 225 140 vid
1365 701 483 140 Husargatan;
1751 701 193 140 så
1848 701 290 140 hafva
2009 701 450 140 Detektivkon¬-

498 804 420 185 staplarne
821 804 291 185 Bruun
1014 804 226 185 och
1143 804 387 185 Rönnbäck
1434 804 387 185 Fredagen
1724 804 226 185 den
1854 804 161 185 6
1918 804 323 185 dennes
2144 804 226 185 för
2241 804 226 185 dessa

507 917 431 204 tillgrepp
839 917 398 204 anhållit
1137 917 332 204 ogifta
1369 917 265 204 Anna
1535 917 398 204 Josefina
1834 917 365 204 Hansson
2099 917 332 204 Grund,
2298 917 166 204 bo¬-

471 1045 275 183 ende
642 1045 172 183 i
711 1045 309 183 huset
917 1045 206 183 No
1020 1045 172 183 6
1089 1045 240 183 vid
1226 1045 309 183 Norra
1432 1045 481 183 Allégatan;
1810 1045 240 183 och
1947 1045 240 183 har
2085 1045 309 183 Grund
2256 1045 172 183 vid

482 1146 240 227 det
619 1146 240 227 med
756 1146 309 227 henne
962 1146 446 227 anställde
1305 1146 343 227 förhör
1545 1146 377 227 erkänt:
1820 1146 240 227 att
1957 1146 275 227 hon,
2129 1146 240 227 som
2232 1146 240 227 inne¬-

473 1261 378 177 varande
748 1261 344 177 sommar
989 1261 413 177 innehaft
1298 1261 550 177 månadstjenst
1746 1261 241 177 hos
1883 1261 482 177 Orstadius,
2227 1261 241 177 under

468 1388 218 200 det
592 1388 249 200 hans
748 1388 312 200 familj
966 1388 343 200 vistats
1216 1388 187 200 på
1309 1388 312 200 landet
1527 1388 405 200 olofligen
1839 1388 436 200 tillgripit
2182 1388 249 200 dels
2306 1388 156 200 nå¬-

466 1534 238 182 gon
602 1534 238 182 dag
738 1534 170 182 i
806 1534 340 182 slutet
1043 1534 204 182 af
1145 1534 306 182 sist.
1349 1534 272 182 Juni
1519 1534 306 182 månad
1723 1534 611 182 ylleparaplyet,
2198 1534 238 182 hvil¬-

482 1631 227 214 ket
611 1631 227 214 hon
741 1631 325 214 genast
969 1631 227 214 för
1099 1631 195 214 50
1196 1631 227 214 öre
1326 1631 390 214 pantsatt
1618 1631 227 214 hos
1748 1631 487 214 Pantlånaren
2106 1631 357 214 Hallberg,

491 1733 283 175 dels
668 1733 319 175 någon
880 1733 248 175 dag
1022 1733 177 175 i
1093 1733 460 175 sistlidne
1447 1733 283 175 Juli
1624 1733 319 175 månad
1801 1733 637 175 sammetspaletåen,

471 1859 365 205 byxorna
736 1859 232 205 och
869 1859 365 205 västen,
1134 1859 332 205 hvilka
1366 1859 298 205 plagg
1565 1859 298 205 hängt
1764 1859 166 205 i
1830 1859 199 205 en
1930 1859 298 205 olåst
2095 1859 365 205 garderob;

490 1964 211 191 att
611 1964 211 191 hon
731 1964 302 191 genast
943 1964 362 191 pantsatt
1214 1964 332 191 plaggen
1456 1964 211 191 hos
1577 1964 453 191 Pantlånaren
1939 1964 181 191 P.
2029 1964 181 191 J.
2120 1964 302 191 Osberg
2301 1964 151 191 vid

484 2089 484 191 Jerntorget,
871 2089 613 191 sammetspaletåen
1386 2089 226 191 för
1515 2089 226 191 Tre
1644 2089 322 191 Kronor
1870 2089 258 191 samt
2031 2089 355 191 byxorna
2257 2089 161 191 och

478 2185 329 169 västen
709 2185 231 169 för
840 2185 165 169 5
906 2185 329 169 Kronor
1137 2185 198 169 50
1235 2185 263 169 öre,
1400 2185 428 169 hvarjemte
1729 2185 296 169 Grund
1927 2185 461 169 uppgifvit,
2256 2185 165 169 att

461 2293 254 188 hon
606 2293 181 188 i
678 2293 362 188 slutet
932 2293 217 188 på
1041 2293 290 188 Juli
1222 2293 326 188 månad
1439 2293 362 188 jemväl
1693 2293 290 188 från
1874 2293 471 188 Orstadius
2200 2293 254 188 till¬-

489 2403 343 186 gripit
729 2403 206 186 en
832 2403 378 186 tekanna
1106 2403 206 186 af
1209 2403 481 186 nysilfver,
1587 2403 240 186 som
1724 2403 240 186 hon
1862 2403 412 186 pantsatt
2170 2403 240 186 för
2273 2403 172 186 Två

468 2531 326 172 Kronor
696 2531 228 172 hos
827 2531 488 172 Pantlånaren
1217 2531 195 172 P.
1315 2531 195 172 J.
1412 2531 326 172 Osberg
1640 2531 228 172 vid
1771 2531 456 172 Jerntorget
2129 2531 228 172 och
2226 2531 163 172 ett

458 2619 591 203 klädningstyg,
945 2619 243 203 som
1084 2619 243 203 hon
1223 2619 417 203 pantsatt
1536 2619 243 203 för
1675 2619 278 203 Fyra
1848 2619 348 203 Kronor
2092 2619 243 203 hos
2196 2619 243 203 Pant¬-

458 2732 384 200 lånaren
737 2732 454 200 Hallberg:
1086 2732 244 200 att
1226 2732 244 200 hon
1366 2732 314 200 någon
1575 2732 244 200 dag
1715 2732 175 200 i
1785 2732 524 200 sistberörde
2169 2732 244 200 månad

465 2849 191 201 ur
561 2849 223 201 två
688 2849 479 201 sparbössor,
1071 2849 223 201 som
1199 2849 287 201 stått
1390 2849 191 201 på
1486 2849 191 201 en
1582 2849 255 201 byrå
1741 2849 160 201 i
1805 2849 415 201 Orstadius
2092 2849 351 201 lägenhet,

468 2974 437 176 tillgripit
811 2974 343 176 omkring
1061 2974 156 176 5
1123 2974 218 176 kr.
1248 2974 187 176 37
1342 2974 218 176 öre
1467 2974 375 176 kontante
1747 2974 437 176 penningar,
2091 2974 312 176 hvilka
2278 2974 156 176 hon

474 3078 354 209 lyckats
731 3078 322 209 uttaga
957 3078 193 209 ur
1053 3078 547 209 sparbosserna;
1504 3078 258 209 samt
1665 3078 225 209 att
1794 3078 225 209 hon
1923 3078 354 209 användt
2180 3078 193 209 de
2245 3078 193 209 pen¬-

462 3203 358 161 ningar,
723 3203 228 161 som
853 3203 228 161 hon
983 3203 228 161 vid
1113 3203 585 161 pantsättningen
1601 3203 195 161 af
1698 3203 195 161 de
1796 3203 325 161 stulne
1991 3203 423 161 persedlarne

476 3316 390 130 erhållit,
776 3316 240 130 till
926 3316 240 130 sitt
1047 3316 360 130 uppehälle.

550 3377 499 187 Målsegaren
943 3377 250 187 har
1085 3377 428 187 igenkänt
1406 3377 428 187 tekannan
1727 3377 250 187 och
1834 3377 571 187 klädningstyget

481 3494 274 172 vara
652 3494 274 172 från
824 3494 309 172 honom
1030 3494 515 172 tillgripne;
1441 3494 240 172 och
1579 3494 240 172 har
1716 3494 240 172 han
1853 3494 412 172 värderat
2128 3494 274 172 desam¬-

473 3595 229 162 me,
604 3595 327 162 kannan
833 3595 262 162 till
997 3595 164 162 8
1062 3595 327 162 kronor
1291 3595 229 162 och
1422 3595 622 162 klädningslifvet
1946 3595 262 162 till
2110 3595 196 162 22
2175 3595 262 162 Kronor

470 3716 201 127 50
536 3716 201 127 öre.

2731 190 227 174 På
2845 190 340 174 grund
3072 190 227 174 af
3185 190 303 174 hvad
3374 190 416 174 sålunda
3677 190 567 174 förekommit,
4130 190 378 174 kommer
4357 190 227 174 Anna

2578 312 422 246 Josefina
2895 312 387 246 Hansson
3176 312 317 246 Grund
3387 312 246 246 att
3528 312 317 246 denna
3739 312 246 246 dag
3880 312 246 246 för
4021 312 246 246 PKn
4127 312 422 246 inställas.

3280 431 424 189 Göteborg
3597 431 247 189 den
3739 431 212 189 14
3845 431 388 189 Augusti
4092 431 247 189 1880.

4540 515 264 115 No
4628 515 264 115 175.

4527 661 277 85 Johan
4681 661 246 85 August

4535 722 270 99 Andersson
4722 722 250 99 Brattberg,

4541 798 168 136 och
4637 798 216 136 Johan
4757 798 192 136 Gustaf

4524 842 275 167 Börjesson.

2710 551 533 186 Arbetskarlen
3143 551 333 186 Anders
3376 551 466 186 Johansson,
3742 551 333 186 boende
3975 551 166 186 i
4042 551 300 186 huset
4241 551 200 186 No
4341 551 166 186 8
4375 551 166 186 vid

2599 680 317 136 Lilla
2810 680 598 136 Landalagatan,
3303 680 246 136 har
3444 680 422 136 Måndagen
3761 680 246 136 den
3901 680 211 136 16
4007 680 352 136 dennes
4218 680 317 136 anmält,

2599 760 233 160 att
2732 760 233 160 vid
2865 760 300 160 något
3065 760 433 160 tillfälle
3397 760 300 160 sedan
3597 760 233 160 den
3730 760 200 160 10
3830 760 166 160 i
3897 760 300 160 samma
4096 760 300 160 månad
4296 760 200 160 ur
4363 760 166 160 ett

2607 870 292 175 olåst
2801 870 454 175 källarerum
3158 870 162 175 i
3223 870 292 175 huset
3417 870 195 175 No
3514 870 195 175 12
3612 870 227 175 vid
3741 870 292 175 Stora
3936 870 422 175 Allégatan
4260 870 259 175 från
4390 870 162 175 ho¬-

2598 943 210 232 nom
2718 943 450 232 tillgripits
3078 943 210 232 två
3198 943 390 232 lifrockar
3498 943 180 232 af
3588 943 270 232 blått
3768 943 300 232 kläde,
3978 943 270 232 värda
4158 943 150 232 3
4218 943 210 232 Kr.
4308 943 300 232 stycket.

2702 1061 294 219 Sedan
2899 1061 458 219 upplysning
3258 1061 360 219 vunnits
3520 1061 229 219 att
3651 1061 229 219 för
3781 1061 294 219 andra
3978 1061 294 219 resan
4174 1061 294 219 stöld
4337 1061 262 219 straf¬-

2608 1140 244 259 fade
2761 1140 183 259 fe
2853 1140 641 259 Kronoarbetskarlen
3402 1140 275 259 Johan
3586 1140 305 259 August
3800 1140 397 259 Andersson
4105 1140 428 259 Brattberg,
4410 1140 153 259 bo¬-

2602 1307 269 167 ende
2771 1307 168 167 i
2838 1307 370 167 enkefru
3107 1307 471 167 Durchbachs
3478 1307 236 167 hus
3612 1307 168 167 i
3680 1307 539 167 Galgkrogarne
4117 1307 404 167 innehaft
4387 1307 168 167 den

2603 1394 216 226 ena
2727 1394 185 226 af
2819 1394 185 226 de
2912 1394 247 226 från
3067 1394 402 226 Johansson
3376 1394 433 226 tillgripne
3716 1394 402 226 rockarne,
4025 1394 278 226 hafva
4179 1394 340 226 detektiv¬-

2598 1524 526 215 konstaplarne
3025 1524 394 215 Lindgren
3321 1524 230 215 och
3452 1524 197 215 C.
3551 1524 427 215 Hellström
3879 1524 493 215 förstnämnde
4273 1524 230 215 dag
4372 1524 164 215 för

2595 1631 289 205 detta
2788 1631 418 205 tillgrepp
3109 1631 385 205 anhållit
3398 1631 353 205 bemälde
3655 1631 450 205 Brattberg,
4008 1631 353 205 hvilken
4265 1631 225 205 vid
4361 1631 161 205 det

2602 1764 225 156 med
2730 1764 289 156 honom
2923 1764 161 156 i
2987 1764 418 156 anledning
3309 1764 289 156 häraf
3502 1764 418 156 anställda
3823 1764 321 156 förhör
4048 1764 450 156 uppgifvit,
4369 1764 161 156 att

2588 1865 245 170 han
2728 1865 245 170 den
2868 1865 210 170 13
2973 1865 350 170 dennes
3218 1865 210 170 på
3323 1865 385 170 aftonen
3602 1865 175 170 å
3672 1865 490 170 Husargatan
4022 1865 525 170 sammanträffat

2611 1959 218 165 med
2735 1959 218 165 två
2860 1959 218 165 för
2984 1959 280 165 honom
3171 1959 373 165 obekanta
3451 1959 436 165 ynglingar,
3793 1959 311 165 hvilka
4011 1959 373 165 hvardera
4291 1959 280 165 burit
4447 1959 124 165 en

2611 2084 292 166 rock,
2805 2084 227 166 som
2935 2084 227 166 den
3065 2084 227 166 ene
3195 2084 422 166 uppgifvit
3520 2084 390 166 tillhöra
3812 2084 227 166 sin
3942 2084 292 166 fader
4136 2084 227 166 och
4266 2084 227 166 som
4364 2084 162 166 den

2612 2177 284 194 andra
2802 2177 221 194 sin
2928 2177 347 194 broder;
3180 2177 221 194 att
3306 2177 284 194 sedan
3496 2177 189 194 de
3590 2177 347 194 anmodat
3843 2177 410 194 Brattberg
4158 2177 221 194 att
4253 2177 315 194 försälja

2618 2295 218 170 den
2743 2295 218 170 ene
2867 2295 187 170 af
2961 2295 406 170 rockarne,
3273 2295 218 170 han
3398 2295 375 170 begifvit
3679 2295 218 170 sig
3804 2295 250 170 till
3960 2295 468 170 Fisktorget,
4334 2295 218 170 der
4428 2295 156 170 han

2613 2412 257 193 till
2773 2412 353 193 Fiskare
3030 2412 257 193 sökt
3191 2412 289 193 sälja
3384 2412 418 193 densamma,
3705 2412 225 193 men
3833 2412 225 193 att
3962 2412 193 193 då
4058 2412 289 193 detta
4251 2412 257 193 icke
4379 2412 193 193 lyc¬-

2598 2552 286 163 kats,
2789 2552 222 163 han
2916 2552 444 163 återlemnat
3265 2552 317 163 rocken
3487 2552 254 163 till
3646 2552 222 163 den
3773 2552 222 163 ene
3900 2552 190 163 af
3995 2552 508 163 ynglingarne,
4376 2552 222 163 hvil¬-

2613 2646 228 220 ken
2744 2646 391 220 derefter
3037 2646 261 220 sålt
3200 2646 326 220 rocken
3428 2646 261 220 till
3591 2646 195 220 en
3688 2646 358 220 obekant
3949 2646 326 220 person
4177 2646 228 220 för
4307 2646 195 220 75
4373 2646 195 220 öre;

2600 2771 234 203 att
2733 2771 435 203 Brattberg
3068 2771 234 203 för
3202 2771 301 203 dessa
3403 2771 435 203 penningar
3738 2771 268 203 köpt
3906 2771 234 203 1/4
4040 2771 301 203 kanna
4207 2771 335 203 bränvin,

2618 2863 383 234 hvilket
2897 2863 209 234 de
3001 2863 452 234 gemensamt
3349 2863 418 234 förtärt;
3662 2863 244 234 att
3801 2863 487 234 Brattberg,
4184 2863 313 234 ehuru
4358 2863 174 234 han

2607 2983 236 201 för
2742 2983 473 201 tillfället
3114 2983 270 201 icke
3283 2983 405 201 innehaft
3587 2983 304 201 några
3789 2983 473 201 penningar,
4161 2983 338 201 likväl
4363 2983 169 201 för

2620 3114 244 162 Två
2760 3114 383 162 Kronor,
3038 3114 244 162 som
3178 3114 244 162 han
3317 3114 453 162 sedermera
3666 3114 348 162 skulle
3910 3114 383 162 betala,
4188 3114 279 162 köpt
4328 3114 174 162 den

2607 3245 305 155 andra
2811 3245 373 155 rocken,
3082 3245 238 155 som
3218 3245 238 155 han
3354 3245 339 155 iklädt
3591 3245 238 155 sig
3727 3245 238 155 och
3862 3245 305 155 sedan
4066 3245 441 155 begagnat;
4371 3245 204 155 samt

2602 3339 242 157 att
2741 3339 242 157 han
2879 3339 277 157 icke
3052 3339 242 157 egt
3190 3339 311 157 någon
3398 3339 415 157 kännedom
3709 3339 207 157 om
3812 3339 519 157 ifrågakomne
4193 3339 380 157 tillgrepp

2619 3451 355 173 förrän
2868 3451 249 173 den
3010 3451 213 173 16
3117 3451 391 173 dennes,
3401 3451 213 173 då
3508 3451 249 173 han
3650 3451 320 173 sändt
3863 3451 568 173 arbetskarlen
4289 3451 249 173 Bern¬-

2633 3563 265 165 hard
2799 3563 465 165 Zachrisson
3164 3563 265 165 till
3330 3563 498 165 Pantlånaren
3728 3563 199 165 P.
3827 3563 199 165 J.
3927 3563 365 165 Osbergs
4159 3563 365 165 Pantlåne¬-

2613 3671 335 193 kontor
2848 3671 168 193 i
2915 3671 302 193 huset
3116 3671 201 193 No
3217 3671 168 193 3
3284 3671 235 193 vid
3418 3671 470 193 Jerntorget
3787 3671 235 193 för
3921 3671 235 193 att
4056 3671 335 193 belåna
4257 3671 268 193 rocken
