5075 4079
484 212 584 180 aflägsnat
934 212 360 180 sig;
1158 212 315 180 att
1338 212 315 180 hon
1518 212 584 180 derefter,
1968 212 405 180 under
2192 212 270 180 upp¬-

469 308 367 196 gift
698 308 321 196 att
882 308 321 196 hon
1065 308 367 196 vore
1294 308 596 196 utestängd
1752 308 367 196 från
1981 308 321 196 sin
2118 308 367 196 bostad

496 462 523 149 erhållit
889 462 567 149 nattlogis
1325 462 218 149 å
1412 462 916 149 polisvaktkontoret
2197 462 218 149 i
2241 462 218 149 Ba¬-

500 528 432 207 zaren;
802 528 303 207 att
975 528 303 207 hon
1148 528 648 207 derpåföljde
1667 528 303 207 dag
1840 528 519 207 begifvit
2186 528 216 207 sig

475 628 341 180 hem
670 628 389 180 till
913 628 633 180 Hisingen,
1400 628 341 180 der
1594 628 389 180 dock
1838 628 389 180 icke
2032 628 341 180 någon

476 735 520 204 frågat
840 735 520 204 henne,
1204 735 572 204 hvarest
1620 735 364 204 hon
1828 735 468 204 under
2088 735 364 204 tiden

479 843 704 209 uppehållit
1032 843 402 209 sig;
1283 843 402 209 samt
1535 843 352 209 att
1736 843 402 209 hon,
1987 843 352 209 som
2138 843 352 209 varit

485 952 462 218 orolig
808 952 416 218 öfver
1085 952 508 218 barnets
1455 952 647 218 tillstånd,
1963 952 323 218 den
2148 952 231 218 1
2194 952 185 218 ds

482 1062 394 167 åter
728 1062 591 167 begifvit
1172 1062 345 167 sig
1369 1062 394 167 till
1615 1062 739 167 bokhållaren
2158 1062 246 167 An¬-

473 1160 595 191 derssons
920 1160 496 191 bostad
1267 1160 347 191 för
1465 1160 347 191 att
1664 1160 545 191 afhemta
2011 1160 446 191 barnet.

546 1275 536 162 Amanda
922 1275 697 162 Charlotta
1458 1275 912 162 Niklasdotter,
2155 1275 268 162 som

449 1384 339 190 den
642 1384 242 190 2
739 1384 533 190 Augusti
1127 1384 485 190 bifvit
1466 1384 388 190 till
1709 1384 678 190 härvarande
2193 1384 291 190 fat¬-

449 1511 1451 155 tigförsörjningsinrättning
1750 1511 551 155 afförd,
2101 1511 400 155 kommer

452 1606 366 163 att
661 1606 470 163 denna
974 1606 366 163 dag
1183 1606 470 163 inför
1497 1606 366 163 PKn
1654 1606 627 163 inställas.

612 1720 594 180 Göteborg
1058 1720 347 180 den
1256 1720 248 180 9
1356 1720 545 180 Augusti
1702 1720 347 180 1880.

77 1821 289 142 No
173 1821 241 142 172

61 1924 253 206 Alida
202 1924 338 206 Rutgersson

562 1841 808 180 Gördelmakeriarbetaren
1273 1841 194 180 A.
1370 1841 194 180 E.
1467 1841 453 180 Andersson,
1823 1841 323 180 boende
2049 1841 162 180 i
2114 1841 291 180 huset
2276 1841 129 180 No

535 1911 158 197 3
599 1911 221 197 vid
725 1911 569 197 Snickaregatan,
1199 1911 221 197 har
1326 1911 221 197 den
1452 1911 190 197 19
1547 1911 285 197 sist.
1737 1911 221 197 Maj
1863 1911 348 197 anmält,
2116 1911 221 197 att
2211 1911 158 197 den

465 2022 191 225 1
541 2022 343 225 eller
770 2022 191 225 2
846 2022 191 225 i
922 2022 343 225 samma
1151 2022 343 225 månad
1380 2022 305 225 inne
1570 2022 191 225 i
1647 2022 419 225 hustrun
1913 2022 496 225 Danielssons

486 2132 896 230 Nykterhetsvärdshuslokal
1282 2132 166 230 i
1349 2132 299 230 huset
1548 2132 199 230 No
1648 2132 199 230 34
1747 2132 232 230 vid
1880 2132 465 230 Husargatan
2212 2132 199 230 från

476 2243 298 202 honom
675 2243 497 202 tillgripits
1072 2243 232 202 ett
1205 2243 298 202 brunt
1404 2243 530 202 sidenparaply
1835 2243 232 202 med
1967 2243 298 202 svart
2133 2243 298 202 fodral,

468 2418 322 183 värdt
683 2418 286 183 fyra
826 2418 322 183 Kronor.

575 2473 285 198 Den
738 2473 244 198 20
860 2473 204 198 i
942 2473 366 198 samma
1186 2473 366 198 månad
1430 2473 529 198 återfanns
1837 2473 529 198 paraplyet
2203 2473 204 198 hos

472 2620 475 195 Pantlånaren
852 2620 190 195 J.
947 2620 316 195 Olsson
1168 2620 158 195 i
1232 2620 285 195 huset
1422 2620 190 195 No
1516 2620 158 195 2
1580 2620 221 195 vid
1706 2620 570 195 Klockaregatan,
2149 2620 285 195 hvarest

467 2702 237 194 det
602 2702 237 194 den
738 2702 169 194 5
805 2702 169 194 i
873 2702 473 194 meranämnde
1245 2702 304 194 månad
1448 2702 372 194 blifvit
1718 2702 406 194 pantsatt
2022 2702 237 194 för
2158 2702 203 194 En
2225 2702 203 194 Kro¬-

482 2817 241 206 na;
619 2817 447 206 hvarefter
963 2817 481 206 målsegaren
1341 2817 447 206 sedermera
1684 2817 344 206 utlöst
1891 2817 412 206 paraplyet.

577 2926 269 187 Den
730 2926 192 187 9
807 2926 384 187 dennes
1076 2926 384 187 infann
1345 2926 269 187 sig
1499 2926 269 187 hos
1652 2926 576 187 Pantlånaren
2075 2926 307 187 Olsson

470 3053 658 190 Skinnhandlanden
1025 3053 277 190 Carl
1198 3053 381 190 Fredrik
1475 3053 485 190 Appelberg,
1856 3053 346 190 boende
2099 3053 173 190 i
2133 3053 243 190 huset

454 3167 208 171 No
558 3167 173 171 1
628 3167 243 171 vid
766 3167 728 171 Sprängkullsgatan,
1390 3167 277 171 och,
1563 3167 243 171 med
1702 3167 485 171 företeende
2083 3167 208 171 af
2152 3167 243 171 pant¬-

452 3283 391 201 qvittot
736 3283 178 201 å
807 3283 497 201 paraplyet,
1197 3283 391 201 begärde
1481 3283 213 201 få
1588 3283 355 201 utlösa
1836 3283 462 201 detsamma;
2191 3283 178 201 i
2227 3283 178 201 an¬-

464 3387 342 223 ledning
713 3387 311 223 hvaraf
931 3387 311 223 Olsson
1149 3387 436 223 eftersände
1491 3387 591 223 Poliskonstapeln
1989 3387 187 223 No
2083 3387 187 223 77
2145 3387 249 223 Ekberg

469 3517 241 158 som
606 3517 344 158 anhöll
847 3517 448 158 Appelberg
1192 3517 241 158 och
1330 3517 379 158 afförde
1605 3517 310 158 honom
1812 3517 276 158 till
1984 3517 413 158 Polisens
2260 3517 172 158 de¬-

453 3654 369 181 tektiva
722 3654 470 181 afdelnings
1057 3654 302 181 kontor.

714 3699 329 218 Någon
934 3699 329 218 stund
1153 3699 439 218 derefter
1482 3699 366 218 infann
1738 3699 256 218 sig
1885 3699 183 218 å
1958 3699 329 218 samma
2140 3699 293 218 kontor

2613 190 456 197 Apelbergs
2964 190 526 197 fästeqvinna
3385 190 316 197 Alida
3595 190 526 197 Rutgersson,
4017 190 351 197 jemväl
4262 190 351 197 boende
4473 190 105 197 i

2609 325 309 196 huset
2815 325 206 196 No
2918 325 172 196 1
2986 325 240 196 vid
3124 325 721 196 Sprängkullsgatan,
3742 325 240 196 med
3879 325 446 196 förmälan,
4223 325 240 196 att
4326 325 240 196 sedan

2618 430 244 203 hon
2757 430 244 203 den
2897 430 174 203 1
2966 430 313 203 sist.
3175 430 244 203 Maj
3314 430 209 203 på
3419 430 383 203 aftonen
3697 430 174 203 i
3767 430 487 203 förenämnda
4115 430 452 203 Nykterhets¬-

2637 553 430 210 värdshus
2960 553 502 210 tillgripit
3354 553 538 210 ifrågakomne
3785 553 430 210 paraply,
4108 553 287 210 hon,
4287 553 215 210 på
4359 553 215 210 sätt

2606 669 336 233 ofvan
2830 669 224 233 är
2942 669 411 233 nämndt,
3241 669 262 233 den
3391 669 187 233 5
3465 669 187 233 i
3540 669 336 233 samma
3764 669 336 233 månad
3989 669 449 233 pantsatt
4288 669 336 233 detsam¬-

2623 776 201 212 ma
2723 776 167 212 å
2790 776 368 212 Olssons
3057 776 602 212 pantlånekontor
3559 776 234 212 för
3693 776 201 212 En
3794 776 301 212 Krona
3994 776 234 212 och
4128 776 234 212 den
4262 776 167 212 9
4329 776 201 212 ds
4396 776 234 212 sändt

2617 900 260 218 sin
2765 900 446 218 fästeman
3100 900 260 218 att
3249 900 372 218 utlösa
3509 900 334 218 samma
3694 900 372 218 paraply.

2791 1001 211 211 På
2896 1001 316 211 grund
3107 1001 211 211 af
3212 1001 281 211 hvad
3388 1001 386 211 sålunda
3668 1001 527 211 förekommit,
4090 1001 211 211 är
4195 1001 316 211 Alida
4370 1001 211 211 Rut¬-

2629 1114 362 227 gersson
2893 1114 329 227 kallad
3123 1114 264 227 till
3288 1114 494 227 inställelse
3683 1114 296 227 inför
3881 1114 231 227 Pkn
4013 1114 296 227 denna
4177 1114 198 227 dag.

3064 1239 434 177 Göteborg
3389 1239 253 177 den
3534 1239 217 177 12
3642 1239 398 177 Augusti
3895 1239 253 177 1880.

4562 1310 259 130 No
4648 1310 259 130 173.

4582 1451 240 76 Oskar
4716 1451 266 76 Thorsson

4562 1508 187 106 och
4669 1508 267 106 Gustaf
4830 1508 160 106 Fre¬-

4566 1595 222 149 drik
4677 1595 306 149 Öjersson.

2750 1325 678 211 Möbelhandlanden
3321 1325 214 211 E.
3428 1325 535 211 Annerstedt,
3856 1325 250 211 som
3999 1325 250 211 har
4142 1325 285 211 sitt
4285 1325 285 211 möbel¬-

2637 1451 371 214 mogasin
2907 1451 169 214 i
2975 1451 304 214 huset
3177 1451 202 214 No
3278 1451 202 214 58
3379 1451 236 214 vid
3514 1451 304 214 Smala
3717 1451 304 214 vägen
3919 1451 236 214 och
4054 1451 236 214 bor
4189 1451 169 214 i
4256 1451 304 214 huset
4425 1451 135 214 No

2624 1577 225 221 123
2753 1577 193 221 af
2849 1577 386 221 Majornas
3139 1577 225 221 5te
3268 1577 257 221 rote
3428 1577 225 221 har
3557 1577 386 221 Onsdagen
3847 1577 225 221 den
3976 1577 193 221 11
4072 1577 322 221 dennes
4265 1577 290 221 anmält,

2630 1705 238 172 att
2766 1705 713 172 Snickeriarbetaren
3377 1705 306 172 Oskar
3581 1705 441 172 Thorsson,
3920 1705 373 172 hvilken
4158 1705 407 172 Annerstedt

2634 1804 315 210 under
2844 1804 385 210 dagarne
3124 1804 280 210 näst
3299 1804 315 210 förut
3509 1804 280 210 haft
3684 1804 245 210 hos
3824 1804 245 210 sig
3964 1804 420 210 anställd
4279 1804 245 210 för
4384 1804 175 210 Po¬-

2630 1896 581 223 leringsarbete
3108 1896 171 223 i
3177 1896 376 223 berörde
3450 1896 376 223 magasin
3723 1896 239 223 kl.
3860 1896 376 223 omkring
4133 1896 171 223 2
4202 1896 273 223 e.m.
4338 1896 171 223 för

2638 1996 530 235 Annerstedt,
3062 1996 212 235 då
3168 1996 247 235 han
3309 1996 424 235 infunnit
3628 1996 247 235 sig
3769 1996 177 235 i
3840 1996 495 235 Magasinet,
4193 1996 389 235 uppgifvit

2646 2129 241 259 att
2783 2129 241 259 två
2921 2129 414 259 fiskare,
3232 2129 241 259 som
3370 2129 207 259 då
3473 2129 241 259 der
3611 2129 690 259 tillstädesvarit,
4198 2129 310 259 ville
4370 2129 207 259 köpa

2631 2238 351 218 möbler,
2886 2238 415 218 hvarefter
3205 2238 383 218 Thorsson
3492 2238 415 218 aflägsnat
3811 2238 255 218 sig,
3971 2238 255 218 utan
4130 2238 223 218 att
4226 2238 351 218 sedermera

2633 2338 274 280 låta
2804 2338 240 280 sig
2941 2338 377 280 afhöra;
3215 2338 240 280 att
3352 2338 308 280 sedan
3558 2338 480 280 Annerstedt
3934 2338 274 280 kort
4106 2338 411 280 derefter
4380 2338 206 280 sak¬-

2627 2470 235 235 nat
2762 2470 202 235 en
2863 2470 470 235 chiffonier
3232 2470 202 235 af
3333 2470 369 235 valnöt,
3601 2470 269 235 värd
3769 2470 202 235 30
3870 2470 336 235 Kronor
4105 2470 235 235 och
4240 2470 235 235 ett
4340 2470 269 235 divan¬-

2625 2573 274 229 bord
2796 2573 206 229 af
2899 2573 411 229 enahanda
3207 2573 411 229 träsort,
3516 2573 308 229 värdt
3721 2573 206 229 15
3824 2573 377 229 Kronor,
4098 2573 206 229 en
4201 2573 206 229 af
4269 2573 343 229 Fiskrar¬-

2640 2710 250 239 ne,
2783 2710 394 239 Mathias
3070 2710 465 239 Andersson
3427 2710 429 239 upplyst,
3749 2710 250 239 att
3892 2710 250 239 han
4035 2710 215 239 på
4107 2710 465 239 förmiddagen

2598 2833 606 237 sammanträffat
3098 2833 250 237 med
3240 2833 428 237 Thorsson
3561 2833 178 237 å
3633 2833 535 237 Jerntorget,
4061 2833 357 237 dervid
4275 2833 285 237 denne,

2618 2937 289 267 efter
2811 2937 225 267 att
2939 2937 289 267 hafva
3132 2937 257 267 till
3293 2937 418 267 Andersson
3614 2937 257 267 till
3775 2937 257 267 salu
3935 2937 386 267 utbjudit
4225 2937 321 267 möbler
4417 2937 161 267 och

2623 3052 455 267 Andersson
2973 3052 210 267 på
3078 3052 385 267 anmodan
3358 3052 210 267 af
3463 3052 455 267 Thorsson,
3814 3052 420 267 medföljt
4129 3052 315 267 denne
4304 3052 245 267 till¬-

2639 3170 466 222 magasinet,
3005 3170 266 222 till
3172 3170 466 222 Andersson,
3538 3170 233 222 som
3671 3170 400 222 åtföljts
3971 3170 200 222 af
4071 3170 233 222 sin
4204 3170 366 222 hustru,
4437 3170 167 222 för

2628 3281 216 208 15
2736 3281 360 208 Kronor
2988 3281 288 208 sålt
3168 3281 216 208 en
3276 3281 180 208 i
3348 3281 468 208 magasinet
3709 3281 468 208 befintlig
4069 3281 504 208 chiffonier
4429 3281 144 208 af

2629 3362 374 230 valnöt,
2901 3362 374 230 hvilken
3174 3362 442 230 Andersson
3514 3362 408 230 derefter
3820 3362 340 230 affört
4058 3362 272 230 till
4229 3362 238 230 sin
4331 3362 204 230 båt,

2643 3508 431 211 liggande
2966 3508 180 211 i
3038 3508 395 211 kanalen
3326 3508 251 211 vid
3469 3508 503 211 Husarbron,
3865 3508 467 211 hvarjemte
4188 3508 395 211 Andersson

2634 3632 377 180 tillika
2908 3632 377 180 omtalat
3183 3632 240 180 för
3320 3632 549 180 målseganden,
3766 3632 240 180 att
3903 3632 412 180 Thorsson
4212 3632 309 180 följt
4383 3632 172 180 med

2638 3726 234 190 ned
2771 3726 268 190 till
2939 3726 301 190 båten
3139 3726 268 190 och,
3307 3726 301 190 sedan
3507 3726 234 190 han
3641 3726 234 190 der
3775 3726 368 190 träffat
4042 3726 401 190 fiskaren
4310 3726 301 190 Abraham
