4960 4050
507 221 478 180 tillgripit
882 221 512 180 ytterligare
1292 221 205 180 en
1395 221 273 180 säck
1565 221 273 180 råg,
1736 221 239 180 som
1873 221 239 180 han
2009 221 341 180 jemväl
2214 221 239 180 först

497 304 373 202 upplagt
768 304 169 202 i
836 304 542 202 ofvanberörde
1277 304 305 202 gård,
1480 304 441 202 hvarefter
1819 304 237 202 han
1955 304 271 202 gått
2124 304 271 202 till
2260 304 169 202 Ed¬-

505 450 287 171 lund
685 450 251 171 och
828 450 251 171 för
972 450 323 171 honom
1187 450 503 171 uppgifvit,
1582 450 251 171 att
1726 450 251 171 han
1869 450 323 171 ville
2085 450 323 171 sälja
2264 450 144 171 en

508 561 302 199 säck
697 561 302 199 råg,
885 561 264 199 som
1036 561 264 199 han
1187 561 452 199 erhållit
1526 561 339 199 genom
1752 561 415 199 sopning
2054 561 188 199 i
2091 561 302 199 hemfö¬-

488 683 569 169 rarepråmar;
943 683 265 169 att
1095 683 265 169 han
1246 683 265 169 med
1398 683 227 169 en
1511 683 531 169 handkärra,
1928 683 265 169 som
2080 683 265 169 han
2194 683 227 169 fått

487 804 305 161 låna
677 804 229 161 af
792 804 419 161 Edlund,
1097 804 381 161 dragit
1363 804 343 161 rägen
1592 804 305 161 till
1782 804 343 161 denne
2011 804 267 161 som
2125 804 267 161 sedan

495 909 243 171 han
634 909 278 171 vägt
808 909 278 171 den,
982 909 348 171 betalt
1225 909 174 171 9
1295 909 382 171 Kronor;
1573 909 243 171 att
1712 909 209 171 då
1816 909 452 171 Fagerberg
2129 909 209 171 ånyo

519 1019 398 174 yttrat,
809 1019 254 174 att
953 1019 254 174 han
1098 1019 290 174 hade
1279 1019 290 174 mera
1461 1019 290 174 råg,
1642 1019 362 174 Edlund
1895 1019 435 174 erbjudit
2185 1019 181 174 sig

486 1144 252 168 att
630 1144 325 168 äfven
847 1144 288 168 köpa
1027 1144 288 168 den;
1207 1144 252 168 att
1351 1144 469 168 Fagerberg
1712 1144 252 168 den
1856 1144 216 168 21
1964 1144 361 168 dennes
2181 1144 216 168 åter

502 1256 301 195 från
691 1256 339 195 samma
916 1256 414 195 magasin
1217 1256 527 195 tillgripit
1631 1256 263 195 två
1782 1256 376 195 säckar
2045 1256 301 195 råg,
2196 1256 188 195 som

503 1368 256 198 han
650 1368 329 198 efter
869 1368 256 198 att
1015 1368 329 198 hafva
1234 1368 292 198 lagt
1416 1368 256 198 dem
1563 1368 183 198 å
1636 1368 329 198 förut
1855 1368 438 198 uppgifna
2147 1368 219 198 gård

495 1483 188 147 å
571 1483 226 147 en
684 1483 226 147 af
797 1483 377 147 Edlund
1061 1483 339 147 lånad
1287 1483 490 147 handkärra
1663 1483 377 147 dragit
1927 1483 301 147 till
2078 1483 339 147 Edlunds

505 1619 272 124 bod;
675 1619 238 124 att
811 1619 204 124 då
912 1619 339 124 Edlund
1150 1619 339 124 dervid
1388 1619 407 124 anmärkt,
1693 1619 238 124 att
1829 1619 238 124 det
1965 1619 238 124 väl
2100 1619 204 124 ej
2168 1619 204 124 vore

504 1737 434 130 farligt,
829 1737 289 130 enär
1010 1737 253 130 han
1155 1737 326 130 komme
1372 1737 217 130 så
1481 1737 289 130 ofta
1662 1737 253 130 med
1806 1737 289 130 råg,
1951 1737 398 130 Fagerberg

509 1845 429 163 genmält,
831 1845 250 163 att
974 1845 250 163 det
1117 1845 286 163 icke
1296 1845 214 163 så
1403 1845 322 163 vore,
1617 1845 286 163 enär
1796 1845 250 163 det
1939 1845 357 163 endast
2154 1845 214 163 vore

493 1954 345 135 sådan
723 1954 268 135 råg
876 1954 268 135 han
1029 1954 345 135 sopat
1259 1954 192 135 i
1335 1954 766 135 hemförarepråmar;
1987 1954 268 135 att
2102 1954 306 135 Edlund

491 2080 264 177 köpt
656 2080 297 177 begge
853 2080 428 177 säckarne,
1183 2080 264 177 vägt
1348 2080 231 177 dem
1479 2080 231 177 och
1611 2080 329 177 betalt
1842 2080 428 177 Fagerberg
2138 2080 264 177 derför

495 2175 198 202 17
594 2175 330 202 Kronor
825 2175 198 202 50
924 2175 264 202 öre;
1089 2175 231 202 att
1221 2175 429 202 Fagerberg
1551 2175 231 202 den
1683 2175 198 202 23
1782 2175 330 202 dennes
2013 2175 198 202 på
2079 2175 330 202 enahanda

507 2303 262 170 sätt
671 2303 459 170 tillgripit
1031 2303 491 170 ytterligare
1424 2303 229 170 två
1555 2303 328 170 säckar
1785 2303 262 170 råg,
1948 2303 229 170 som
2079 2303 197 170 på
2145 2303 229 170 nyss¬-

512 2414 353 141 nämnde
759 2414 317 141 kärra
970 2414 317 141 förts
1182 2414 282 141 till
1358 2414 388 141 Edlund,
1641 2414 247 141 som
1782 2414 317 141 efter
1993 2414 247 141 att
2099 2414 247 141 hafva

501 2526 257 194 vägt
662 2526 322 194 rågen,
887 2526 354 194 betalte
1144 2526 418 194 Fagerberg
1466 2526 322 194 derför
1691 2526 193 194 14
1787 2526 322 194 Kronor
2012 2526 193 194 40
2109 2526 225 194 öre
2205 2526 193 194 samt

489 2640 269 169 att
642 2640 269 169 han
796 2640 192 169 i
873 2640 538 169 meranämnde
1296 2640 423 169 magssin
1603 2640 538 169 tillgripit
2026 2640 269 169 den
2141 2640 269 169 säck;

483 2769 281 190 råg
643 2769 281 190 han
804 2769 482 190 innehade
1165 2769 241 190 då
1285 2769 281 190 han
1406 2769 401 190 anhölls.

593 2827 504 199 Handlanden
989 2827 360 199 Svante
1241 2827 396 199 Edlund,
1530 2827 540 199 ytterligare
1962 2827 324 199 hörd,
2142 2827 180 199 har

509 2960 419 193 vitsordat
831 2960 484 193 riktigheten
1219 2960 194 193 af
1315 2960 452 193 Fagerbergs
1670 2960 452 193 berättelse
2025 2960 161 193 i
2090 2960 258 193 hvad
2219 2960 161 193 den

498 3098 320 154 honom
712 3098 427 154 anginge,
1032 3098 249 154 med
1175 3098 427 154 tillägg,
1495 3098 249 154 att
1637 3098 320 154 först
1851 3098 320 154 efter
2064 3098 249 154 det
2171 3098 178 154 han

490 3159 289 203 köpt
671 3159 362 203 första
924 3159 470 203 rågsäcken
1285 3159 217 203 af
1394 3159 506 203 Fagerberg,
1791 3159 253 203 han
1936 3159 398 203 erinrat
2189 3159 181 203 sig

494 3287 332 191 hafva
716 3287 296 191 sett
900 3287 332 191 honom
1122 3287 369 191 besöka
1381 3287 517 191 Handlanden
1787 3287 406 191 Olssons
2082 3287 185 191 i
2119 3287 259 191 Möln¬-

481 3403 250 199 dal
624 3403 535 199 handelsbod,
1052 3403 321 199 under
1267 3403 250 199 det
1409 3403 250 199 han
1552 3403 321 199 varit
1766 3403 428 199 anställd
2088 3403 250 199 som
2195 3403 214 199 han¬-

488 3547 590 126 delsbiträde
960 3547 275 126 hos
1078 3547 354 126 Olsson.

635 3635 480 171 Handlanden
1012 3635 206 171 E.
1114 3635 480 171 Johansson,
1491 3635 343 171 boende
1731 3635 171 171 i
1799 3635 308 171 huset
2005 3635 206 171 No
2108 3635 171 171 5
2142 3635 171 171 vid

2582 197 400 231 Pilgatan
2882 197 233 231 har
3015 197 434 231 berättat,
3349 197 233 231 att
3482 197 233 231 han
3616 197 233 231 för
3749 197 367 231 omkring
4016 197 200 231 14
4116 197 300 231 dagar
4283 197 233 231 sedan

2583 345 292 210 köpt
2766 345 256 210 två
2912 345 366 210 säckar
3168 345 292 210 korn
3351 345 329 210 efter
3571 345 219 210 En
3680 345 329 210 Krona
3900 345 219 210 L℔
4009 345 219 210 af
4119 345 219 210 en
4192 345 329 210 person,

2574 484 188 198 i
2650 484 413 198 hvilken
2950 484 263 198 han
3100 484 225 198 nu
3213 484 526 198 igenkänner
3626 484 526 198 Fagerberg,
4040 484 413 198 hvarvid
4303 484 225 198 dock

2571 631 395 166 aftalet
2858 631 215 166 om
2966 631 251 166 den
3110 631 251 166 ena
3253 631 359 166 säcken
3505 631 359 166 gjorts
3756 631 215 166 af
3864 631 503 166 Johanssons
4223 631 287 166 biträ¬

2584 727 208 173 de
2688 727 347 173 Gustaf
2931 727 486 173 Andersson;
3313 727 243 173 att
3452 727 451 173 Fagerberg
3799 727 486 173 uppgifvit,
4181 727 243 173 att
4285 727 174 173 han

2589 864 298 166 vore
2775 864 298 166 från
2961 864 410 166 Kongelf
3260 864 261 166 och
3409 864 298 166 hade
3595 864 335 166 denna
3818 864 484 166 spannemål
4154 864 298 166 öfver¬-

2581 922 322 228 efter
2796 922 430 228 utsädet;
3119 922 287 228 samt
3298 922 251 228 att
3441 922 251 228 han
3584 922 394 228 användt
3871 922 322 228 detta
4086 922 322 228 korn,
4265 922 179 228 som

2569 1051 558 204 tillsammans
3015 1051 298 204 vägt
3201 1051 260 204 384
3350 1051 186 204 ℔
3425 1051 260 204 att
3573 1051 372 204 bränna
3834 1051 260 204 som
3945 1051 298 204 kaffe.

2646 1155 491 199 Qvarnegarne
3039 1155 262 199 Carl
3203 1155 393 199 Eriksson
3498 1155 229 199 och
3629 1155 295 199 Adolf
3826 1155 426 199 Eriksson,
4153 1155 328 199 boende
4350 1155 98 199 i

2593 1261 394 182 Mölndal,
2889 1261 296 182 hafva
3086 1261 329 182 anmält
3316 1261 263 182 sig,
3480 1261 230 182 som
3612 1261 296 182 egare
3809 1261 263 182 till
3973 1261 197 182 de
4072 1261 197 182 af
4138 1261 361 182 Fagerberg

2586 1384 461 221 tillgripne
2948 1384 231 221 sju
3080 1384 231 221 st.
3212 1384 461 221 rågsäckar,
3575 1384 231 221 som
3706 1384 198 221 de
3805 1384 264 221 haft
3970 1384 395 221 upplagde
4266 1384 165 221 i
4299 1384 231 221 ifrå¬-

2586 1504 404 180 gakomne
2880 1504 514 180 magasiner,
3284 1504 330 180 under
3504 1504 551 180 förklaring,
3944 1504 257 180 att
4054 1504 404 180 Magazinet

2584 1603 335 214 öppnas
2818 1603 201 214 om
2918 1603 435 214 morgnarne
3253 1603 234 214 och
3386 1603 268 214 står
3554 1603 301 214 öppet
3755 1603 268 214 till
3922 1603 301 214 afton
4123 1603 234 214 för
4223 1603 301 214 vädring

2573 1701 317 239 äfven
2784 1701 211 239 då
2889 1701 317 239 ingen
3100 1701 352 239 finnes
3347 1701 281 239 der;
3523 1701 281 239 samt
3698 1701 246 239 att
3839 1701 352 239 rågen,
4085 1701 246 239 som
4191 1701 246 239 varit

2604 1838 166 199 i
2670 1838 331 199 säckar
2902 1838 232 199 och
3035 1838 298 199 legat
3233 1838 398 199 upplagde
3531 1838 199 199 på
3631 1838 364 199 golfvet
3896 1838 166 199 i
3962 1838 298 199 andra
4128 1838 364 199 våningen,

2581 1932 388 214 utgjort
2863 1932 528 214 tillsammans
3285 1932 211 214 67
3391 1932 211 214 L℔
3497 1932 176 214 3
3567 1932 176 214 ℔
3638 1932 247 214 och
3779 1932 282 214 vore
3955 1932 282 214 värd
4131 1932 211 214 En
4201 1932 247 214 Krona

2573 2117 239 138 30
2693 2117 279 138 öre
2812 2117 199 138 L℔.

2693 2151 686 191 Handelsbolaget
3264 2151 343 191 Lerén
3493 2151 267 191 och
3645 2151 381 191 Rohde,
3912 2151 267 191 som
4064 2151 267 191 har
4178 2151 305 191 handel

2585 2271 185 162 i
2659 2271 334 162 huset
2882 2271 222 162 No
2993 2271 185 162 6
3067 2271 260 162 vid
3215 2271 593 162 Kaserntorget
3697 2271 334 162 hafva
3920 2271 371 162 anmält
4179 2271 260 162 sig
4291 2271 185 162 som

2582 2380 323 222 egare
2797 2380 287 222 till
2977 2380 215 222 de
3084 2380 215 222 af
3192 2380 466 222 Fagerberg
3550 2380 179 222 i
3622 2380 323 222 deras
3837 2380 430 222 förhyrda
4124 2380 323 222 magasin

2597 2502 169 181 i
2665 2502 304 181 huset
2868 2502 203 181 No
2969 2502 203 181 64
3071 2502 237 181 vid
3206 2502 609 181 Drottninggatan
3713 2502 473 181 tillgripna
4085 2502 237 181 tre
4186 2502 271 181 säckar

2586 2631 314 193 korn,
2796 2631 314 193 under
3005 2631 384 193 uppgift
3285 2631 245 193 att
3425 2631 384 193 kornet,
3704 2631 245 193 som
3844 2631 314 193 legat
4054 2631 175 193 i
4124 2631 349 193 säckar
4333 2631 140 193 på

2578 2732 352 192 golfvet
2834 2732 160 192 i
2898 2732 224 192 4de
3026 2732 416 192 våningen,
3346 2732 480 192 tillgripits
3731 2732 288 192 under
3923 2732 192 192 de
4019 2732 288 192 sista
4211 2732 160 192 2
4243 2732 224 192 eller

2572 2847 175 164 3
2642 2847 419 164 veckorna
2956 2847 280 164 samt
3131 2847 384 164 utgjort
3411 2847 524 164 tillsammans
3830 2847 210 164 28
3935 2847 210 164 L℔
4040 2847 175 164 9
4110 2847 175 164 ℔
4179 2847 245 164 och
4284 2847 175 164 vo¬-

2580 2985 208 155 re
2684 2985 312 155 värdt
2893 2985 208 155 En
2997 2985 312 155 Krona
3205 2985 208 155 20
3309 2985 243 155 öre
3413 2985 174 155 L℔.

2722 3054 612 204 Handelsbolaget
3232 3054 374 204 Fröding
3504 3054 170 204 &
3572 3054 238 204 Co,
3709 3054 238 204 som
3845 3054 238 204 har
3981 3054 340 204 kontor
4219 3054 170 204 i
4253 3054 238 204 huset

2570 3155 209 204 No
2675 3155 209 204 13
2779 3155 243 204 vid
2918 3155 626 204 Drottninggatan
3440 3155 209 204 är
3544 3155 313 204 egare
3753 3155 278 204 till
3927 3155 209 204 de
4031 3155 243 204 hos
4135 3155 348 204 Handlan¬-

2564 3295 246 189 den
2704 3295 351 189 Edlund
2950 3295 491 189 påträffade
3336 3295 281 189 fyra
3512 3295 667 189 tackjernstycken
4073 3295 246 189 och
4178 3295 246 189 hafva

2574 3430 455 164 uppgifvit,
2931 3430 228 164 att
3061 3430 293 164 dessa
3256 3430 390 164 stycken,
3549 3430 293 164 jemte
3744 3430 293 164 flera
3939 3430 293 164 andra
4134 3430 325 164 dylika
4329 3430 163 164 un¬-

2562 3522 206 191 de
2665 3522 206 191 de
2767 3522 309 191 sista
2973 3522 206 191 14
3076 3522 377 191 dagarne
3350 3522 377 191 blifvit
3624 3522 274 191 från
3796 3522 377 191 bolaget
4036 3522 411 191 tillgripna

2566 3675 195 154 ur
2664 3675 325 154 pråmar
2892 3675 228 154 vid
3022 3675 455 154 Skeppsbron
3380 3675 228 154 och
3510 3675 228 154 att
3640 3675 228 154 det
3770 3675 455 154 tillgripna
4096 3675 390 154 tackjernet
