5077 4039
503 227 443 96 igenkänt
835 227 516 96 paletåerna
1241 227 258 96 och
1388 227 443 96 förmält,
1720 227 258 96 att
1868 227 406 96 desamma
2126 227 258 96 blif¬-

502 341 253 90 vit
647 341 290 90 från
828 341 362 90 firman
1081 341 543 90 tillgripne,
1516 341 471 90 hvarjemte
1878 341 217 90 de
1986 341 217 90 på
2059 341 253 90 fråga

507 453 381 84 upplyst
785 453 243 84 att
923 453 243 84 hos
1062 453 243 84 dem
1200 453 277 84 vore
1374 453 416 84 anställd
1686 453 208 84 en
1790 453 520 84 springpojke
2171 453 173 84 vid

490 565 301 94 namn
679 565 339 94 Fritz
904 565 376 94 Victor
1130 565 452 94 Andersson.

593 675 195 94 I
671 675 506 94 anledning
1060 675 350 94 häraf
1294 675 350 94 hafva
1527 675 623 94 konstaplarne
1995 675 389 94 Rönnbäck

497 787 257 100 och
644 787 367 100 Andrén
901 787 551 100 förstnämnde
1342 787 257 100 dag
1489 787 441 100 anhållit
1820 787 478 100 ynglingen
2151 787 257 100 Fritz

501 899 348 97 Victor
745 899 453 97 Andersson
1093 899 383 97 hvilken
1371 899 244 97 vid
1511 899 244 97 det
1650 899 244 97 med
1789 899 313 97 honom
1963 899 383 97 anställda

495 1004 333 98 förhör
728 1004 466 98 uppgifvit,
1094 1004 233 98 att
1227 1004 233 98 han
1361 1004 233 98 som
1494 1004 266 98 vore
1661 1004 266 98 född
1827 1004 233 98 den
1960 1004 200 98 10
2060 1004 233 98 Maj
2160 1004 200 98 1866

499 1107 233 102 och
632 1107 332 102 boende
864 1107 233 102 hos
997 1107 233 102 sin
1130 1107 299 102 fader
1330 1107 698 102 Stufveriarbetaren
1928 1107 266 102 Hans
2061 1107 299 102 Anders¬-

499 1216 232 113 son
632 1216 166 113 i
698 1216 299 113 huset
897 1216 199 113 No
997 1216 166 113 5
1063 1216 232 113 vid
1196 1216 265 113 Öfra
1361 1216 498 113 Husargatan,
1760 1216 299 113 varit
1959 1216 398 113 anställd
2224 1216 166 113 hos

500 1334 759 95 Målsegandefirman
1145 1334 342 95 sedan
1373 1334 342 95 April
1601 1334 342 95 månad
1829 1334 493 95 sistlidet
2170 1334 190 95 år;

503 1441 263 90 att
653 1441 263 90 han
803 1441 263 90 och
953 1441 488 90 ynglingen
1328 1441 338 90 Johan
1553 1441 375 90 Rudolf
1815 1441 488 90 Malmgren,
2153 1441 188 90 som

493 1551 233 84 bor
626 1551 233 84 hos
759 1551 466 84 Anderssons
1126 1551 466 84 föräldrar,
1492 1551 167 84 i
1559 1551 333 84 början
1792 1551 200 84 af
1892 1551 433 84 sistlidne
2191 1551 167 84 Ja¬-

484 1659 324 90 nuari
700 1659 685 90 öfverenskommit,
1277 1659 252 90 att
1421 1659 216 90 då
1529 1659 469 90 Andersson
1889 1659 216 90 om
1962 1659 396 90 morgnarne

510 1759 446 102 inställde
852 1759 240 102 sig
990 1759 171 102 i
1058 1759 377 102 firmans
1332 1759 308 102 butik
1538 1759 240 102 för
1675 1759 240 102 att
1812 1759 343 102 städa,
2052 1759 240 102 han
2155 1759 171 102 der

495 1870 366 93 skulle
752 1870 476 93 tillgripa
1118 1870 439 93 paletåen
1447 1870 256 93 och
1593 1870 329 93 sedan
1813 1870 329 93 gömma
2033 1870 256 93 dem
2179 1870 183 93 i
2216 1870 146 93 en

499 1974 409 93 vedskrubb
813 1974 157 93 i
876 1974 441 93 förstugan,
1223 1974 409 93 hvarifrån
1538 1974 220 93 han
1664 1974 220 93 vid
1790 1974 378 93 lämpligt
2042 1974 346 93 tillfälle

497 2076 212 95 på
603 2076 212 95 f.
709 2076 319 95 midd.
922 2076 354 95 skulle
1169 2076 319 95 lemna
1382 2076 248 95 dem
1524 2076 283 95 till
1701 2076 460 95 Malmgren,
2019 2076 319 95 hvilken

494 2184 336 89 skulle
729 2184 302 89 passa
931 2184 201 89 på
1031 2184 168 89 å
1099 2184 302 89 gatan
1300 2184 403 89 utanföre
1602 2184 403 89 butiken;
1904 2184 235 89 att
2005 2184 369 89 Andersson

476 2297 395 96 sålunda
763 2297 287 96 från
943 2297 503 96 Målsegarne
1338 2297 503 96 tillgripit
1733 2297 216 96 en
1841 2297 323 96 eller
2057 2297 251 96 två
2164 2297 180 96 pa¬-

511 2397 334 106 letåer
744 2397 334 106 hvarje
978 2397 300 106 vecka
1178 2397 300 106 eller
1378 2397 500 106 tillsammans
1778 2397 300 106 elfva
1945 2397 367 106 paletåer,

488 2509 357 104 hvilka
738 2509 250 104 han
881 2509 357 104 lemnat
1131 2509 286 104 till
1310 2509 465 104 Malmgren,
1667 2509 250 104 som
1810 2509 429 104 pantsatt
2096 2509 286 104 desam¬-

491 2619 246 104 ma,
631 2619 246 104 med
772 2619 421 104 undantag
1087 2619 210 104 af
1192 2619 246 104 den
1333 2619 281 104 sist
1508 2619 526 104 tillgripna,
1929 2619 386 104 hvilken
2175 2619 175 104 An¬-

478 2725 399 106 dersson
768 2725 254 106 den
913 2725 218 106 13
1022 2725 363 106 dennes
1276 2725 327 106 sjelf
1494 2725 436 106 pantsatt
1821 2725 254 106 hos
1930 2725 472 106 Pantlånaren

479 2847 196 92 J.
577 2847 326 92 Olsson
806 2847 228 92 för
936 2847 228 92 Fem
1067 2847 359 92 Kronor,
1328 2847 261 92 samt
1491 2847 228 92 att
1621 2847 424 92 Andersson
1948 2847 228 92 och
2046 2847 326 92 Malmgren

499 2955 284 104 lika
676 2955 426 104 fördelat
995 2955 213 104 de
1102 2955 248 104 för
1244 2955 497 104 paletåerna
1634 2955 426 104 erhållne
1918 2955 426 104 penningar,

496 3057 338 110 hvaraf
733 3057 439 110 Andersson
1071 3057 270 110 hade
1240 3057 169 110 i
1307 3057 338 110 behåll
1544 3057 169 110 3
1611 3057 338 110 Kronor
1848 3057 203 110 75
1915 3057 203 110 öre.

615 3159 508 119 Ynglingen
1006 3159 352 119 Johan
1240 3159 391 119 Rudolf
1514 3159 508 119 Malmgren,
1904 3159 391 119 boende
2139 3159 195 119 hos

496 3259 448 137 Anderssons
848 3259 448 137 föräldrar,
1199 3259 224 137 har
1327 3259 160 137 i
1391 3259 416 137 anledning
1711 3259 288 137 häraf
1902 3259 288 137 äfven
2062 3259 288 137 blifvit

509 3375 456 126 anhållen,
860 3375 386 126 hvarvid
1141 3375 246 126 han
1281 3375 421 126 innehade
1597 3375 421 126 följande
1878 3375 456 126 pantsedlar:

497 3483 188 114 No
591 3483 251 114 7065
748 3483 157 114 å
811 3483 188 114 en
905 3483 345 114 paletå,
1156 3483 314 114 belånt
1376 3483 220 114 den
1502 3483 188 114 19
1596 3483 220 114 Jan
1721 3483 220 114 hos
1847 3483 471 114 Pantlånaren
2192 3483 126 114 W.

1556 3576 344 77 Karth
1747 3576 191 77 för

2062 3583 159 70 4
2094 3583 254 70 Kronor

549 3679 143 63 "
607 3679 258 63 17785
778 3679 143 63 å
836 3679 172 63 en
922 3679 286 63 paletå
1122 3679 143 63 "
1179 3679 143 63 -
1237 3679 172 63 20
1323 3679 229 63 Jan.
1466 3679 200 63 hos
1580 3679 315 63 Bolaget
1810 3679 200 63 för
1896 3679 200 63 Pant¬-

1458 3757 430 65 belåning

1864 3728 324 79 3

2654 204 180 101 No
2744 204 240 101 6270
2894 204 180 101 en
2984 204 330 101 paletå,
3224 204 300 101 belånt
3434 204 210 101 den
3554 204 180 101 24
3644 204 240 101 Jan.
3794 204 210 101 hos
3884 204 390 101 Pantlånaren

3640 292 157 69 P.
3718 292 157 69 J.
3797 292 261 69 Osberg
3953 292 131 69 för

4283 258 164 86 3
4316 258 164 86 Kr,

2713 375 353 104 21866
2948 375 236 104 en
3027 375 157 104 do

3399 372 201 86 den
3514 372 173 86 26
3601 372 317 86 Januari
3831 372 144 86 å
3888 372 345 86 Majornas
4119 372 201 86 Pant¬-

3083 470 354 98 lånekontor
3361 470 126 98 i
3411 470 227 98 huset
3563 470 152 98 No
3639 470 177 98 142
3740 470 152 98 af
3816 470 202 98 Majs
3942 470 202 98 3dje
4069 470 202 98 rote
4170 470 126 98 för

4224 461 180 82 6

2698 592 309 91 10669
2904 592 206 91 en
2973 592 137 91 do

3259 570 205 89 den
3376 570 176 89 31
3464 570 322 89 Januari
3698 570 146 89 å
3756 570 351 89 Majornas
3990 570 322 89 Pantlåne¬-

3079 654 291 99 kontor
3283 654 146 99 i
3341 654 262 99 huset
3515 654 175 99 No
3603 654 175 99 38
3690 654 204 99 vid
3806 654 262 99 Breda
3981 654 262 99 Vägen
4127 654 146 99 för

4334 637 140 86 6
4362 637 140 86 -"-

2700 745 272 125 36768
2881 745 181 125 en
2972 745 181 125 do
3062 745 151 125 -
3122 745 302 125 belånt
3334 745 211 125 den
3455 745 151 125 2
3515 745 272 125 Febr.
3696 745 151 125 å
3756 745 362 125 Majornas
3998 745 332 125 Pantlåne¬-

3049 829 313 117 Kontor
3268 829 156 117 i
3330 829 282 117 huset
3518 829 188 117 No
3612 829 188 117 44
3706 829 219 117 vid
3831 829 438 117 Husargatan
4144 829 156 117 för

4356 807 120 83 5
4380 807 120 83 -"-

2672 968 139 111 "
2728 968 223 111 5084
2867 968 139 111 å
2923 968 167 111 en
3007 968 167 111 do

3231 935 204 104 den
3348 935 146 104 4
3406 935 263 104 Febr.
3581 935 204 104 hos
3698 935 438 104 Pantlånaren
4048 935 175 104 G.
4106 935 204 104 Berg¬-

3243 1033 262 89 man
3355 1033 187 89 för

4230 997 198 84 5

2703 1147 265 100 3890
2869 1147 166 100 å
2935 1147 199 100 en
3001 1147 133 100 do

3212 1098 224 117 den
3340 1098 160 117 4
3404 1098 289 117 Febr.
3597 1098 224 117 hos
3725 1098 481 117 Pantlånaren
4110 1098 192 117 H.
4174 1098 128 117 C.

3214 1220 404 79 Hallberg
3484 1220 168 79 för

4322 1171 170 86 6
4356 1171 136 86 :-

2755 1290 219 119 625
2880 1290 156 119 å
2942 1290 187 119 en
3036 1290 187 119 do
3129 1290 156 119 -
3192 1290 219 119 den
3317 1290 156 119 5
3379 1290 281 119 Febr.
3567 1290 219 119 hos
3692 1290 468 119 Pantlånaren
4066 1290 156 119 N
4097 1290 219 119 Lund¬-

3182 1400 318 81 gren
3341 1400 199 81 för

4308 1341 120 86 4:

2661 1460 202 123 och
2776 1460 144 123 "
2834 1460 230 123 3811
2978 1460 144 123 å
3035 1460 173 123 en
3122 1460 173 123 do
3208 1460 144 123 -
3266 1460 288 123 belånt
3467 1460 202 123 den
3582 1460 173 123 11
3669 1460 259 123 Febr.
3841 1460 202 123 hos
3928 1460 374 123 Pantlånaren

3150 1578 205 82 J.
3252 1578 342 82 Olsson
3457 1578 171 82 för

4329 1507 162 92 5:
4383 1507 135 92 -"-

3983 1637 393 87 Kronor
4218 1637 236 87 47.-

2786 1741 236 97 Vid
2921 1741 236 97 det
3056 1741 236 97 med
3191 1741 405 97 Malmgren
3494 1741 405 97 härefter
3798 1741 438 97 anställde
4135 1741 337 97 förhör
4337 1741 169 97 har

2680 1839 207 123 han
2799 1839 414 123 uppgifvit,
3124 1839 207 123 att
3242 1839 237 123 han,
3390 1839 207 123 som
3508 1839 237 123 vore
3656 1839 237 123 född
3804 1839 207 123 den
3923 1839 148 123 9
3982 1839 237 123 Juli
4130 1839 237 123 1866
4277 1839 177 123 af
4366 1839 207 123 nu¬

2690 1935 241 146 mera
2840 1935 331 146 aflidne
3081 1935 421 146 föräldrar,
3412 1935 271 146 efter
3592 1935 210 146 det
3712 1935 241 146 hans
3862 1935 271 146 fader
4043 1935 331 146 aflidit
4283 1935 180 146 år
4344 1935 210 146 1875,

2672 2033 379 169 intagits
2956 2033 158 169 å
3019 2033 757 169 Fattigförsörjningen,
3682 2033 410 169 hvarifrån
3997 2033 221 169 han
4123 2033 347 169 blifvit
4344 2033 158 169 ut¬-

2650 2135 516 161 pensionerad
3062 2135 206 161 på
3165 2135 378 161 landet;
3440 2135 241 161 att
3578 2135 241 161 han
3715 2135 172 161 i
3784 2135 309 161 följd
3990 2135 206 161 af
4093 2135 275 161 hård
4231 2135 309 161 behand¬-

2663 2232 263 181 ling
2827 2232 197 181 år
2926 2232 263 181 1878
3090 2232 263 181 rymt
3254 2232 263 181 från
3418 2232 263 181 sina
3582 2232 624 181 fosterföräldrar
4107 2232 230 181 och
4206 2232 328 181 begifvit

2678 2355 235 168 sig
2813 2355 235 168 hit
2947 2355 269 168 till
3115 2355 370 168 staden,
3384 2355 370 168 hvarest
3653 2355 235 168 han
3787 2355 370 168 sednast
4056 2355 269 168 haft
4224 2355 302 168 plats
4392 2355 168 168 som

2694 2451 456 190 springpojke
3058 2451 213 190 hos
3180 2451 426 190 Handlanden
3514 2451 182 190 P.
3606 2451 182 190 A.
3697 2451 365 190 Hagberg,
3970 2451 243 190 från
4122 2451 334 190 hvilken
4335 2451 213 190 plats

2684 2553 236 201 han
2819 2553 269 201 dock
2987 2553 370 201 blifvit
3257 2553 337 201 skiljd
3492 2553 168 201 i
3560 2553 438 201 sistlidne
3896 2553 438 201 November;
4233 2553 269 201 samt
4368 2553 168 201 att

2696 2653 324 199 sedan
2912 2653 252 199 han
3056 2653 252 199 som
3199 2653 467 199 Andersson
3559 2653 503 199 uppgifvit,
3955 2653 252 199 med
4099 2653 324 199 denne
4278 2653 288 199 öfver¬-

2683 2757 433 210 enskommit
3016 2757 233 210 att
3149 2757 433 210 tillgripa
3483 2757 400 210 paletåer
3783 2757 267 210 från
3916 2757 634 210 Målsegandefirman,

2687 2880 246 203 han
2828 2880 317 203 under
3039 2880 458 203 sistlidne
3391 2880 387 203 Januari
3672 2880 246 203 och
3813 2880 317 203 denna
4024 2880 317 203 månad
4236 2880 211 203 af
4306 2880 176 203 An¬-

2684 3001 375 176 dersson
2957 3001 443 176 emottagit
3298 3001 512 176 tillsammans
3707 3001 205 176 10
3810 3001 239 176 st.
3946 3001 443 176 paletåer,
4253 3001 273 176 hvilka

2675 3103 278 192 han,
2849 3103 209 192 på
2954 3103 278 192 sätt
3128 3103 209 192 de
3232 3103 209 192 af
3336 3103 313 192 honom
3545 3103 452 192 innehafde
3893 3103 487 192 pantsedlar
4241 3103 313 192 utvisa.

2821 3241 231 152 På
2937 3241 347 152 grund
3169 3241 231 152 af
3284 3241 309 152 hvad
3477 3241 424 152 sålunda
3786 3241 579 152 förekommit,
4210 3241 270 152 komma

2692 3357 284 157 Fritz
2882 3357 315 157 Victor
3102 3357 410 157 Andersson
3417 3357 221 157 och
3543 3357 284 157 Johan
3732 3357 315 157 Rudolf
3953 3357 378 157 Malmgren
4236 3357 221 157 att
4331 3357 189 157 den¬-

2709 3470 208 160 na
2813 3470 243 160 dag
2952 3470 243 160 för
3091 3470 243 160 PKn
3230 3470 486 160 inställas,
3612 3470 208 160 då
3716 3470 243 160 den
3855 3470 555 160 förstnämndes
4271 3470 243 160 moder

2706 3585 341 150 hustru
2944 3585 443 150 Christina
3285 3585 443 150 Andersson
3626 3585 341 150 jemväl
3865 3585 204 150 är
3967 3585 341 150 kallad
4205 3585 239 150 att
4308 3585 204 150 när¬-

2699 3696 347 138 vara.
2931 3696 463 138 Göteborg
3278 3696 270 138 den
3432 3696 231 138 16
3548 3696 463 138 Februari
3856 3696 270 138 1880.
