5041 4086
513 196 408 174 fördelat
819 196 408 174 sålunda,
1125 196 238 174 att
1261 196 340 174 karlen
1500 196 408 174 behållit
1806 196 204 174 de
1908 196 238 174 två
2044 196 306 174 paren
2214 196 238 174 byxor

508 301 233 193 och
641 301 565 193 yllehalsduken
1106 301 266 193 samt
1272 301 432 193 Andersson
1605 301 266 193 fått
1771 301 399 193 emottaga
2070 301 233 193 det
2170 301 266 193 öfriga

529 416 352 211 godset;
785 416 224 211 att
913 416 416 211 Andersson
1233 416 224 211 och
1361 416 320 211 karlen
1584 416 384 211 derefter
1872 416 416 211 tillbragt
2160 416 256 211 natten

525 510 166 242 i
591 510 465 242 Anderssons
957 510 399 242 husbonde
1256 510 332 242 Åkaren
1488 510 332 242 Martin
1721 510 465 242 Anderssons
2053 510 399 242 Stallbygg¬-

503 627 240 200 nad
640 627 172 200 i
709 627 309 200 huset
915 627 206 200 No
1018 627 206 200 23
1121 627 240 200 vid
1258 627 446 200 Torggatan
1602 627 172 200 i
1670 627 412 200 Landala,
1979 627 240 200 der
2117 627 343 200 karlen
2323 627 137 200 då

513 747 239 212 han
649 747 204 212 på
751 747 409 212 morgonen
1058 747 443 212 aflägsnat
1399 747 273 212 sig,
1569 747 477 212 qvarlemnat
1944 747 239 212 den
2080 747 239 212 del
2217 747 204 212 af
2285 747 170 212 det

515 867 441 211 tillgripna
861 867 315 211 godset
1081 867 220 211 han
1207 867 409 211 behållit,
1521 867 220 211 med
1647 867 503 211 tillsägelse,
2056 867 220 211 att
2182 867 220 211 han
2277 867 157 211 vid

516 1015 324 163 annat
732 1015 468 163 tillfälle
1092 1015 324 163 ville
1308 1015 396 163 afhemta
1595 1015 468 163 detsamma;
1955 1015 288 163 samt
2135 1015 252 163 att
2243 1015 180 163 An¬-

531 1117 382 195 dersson
809 1117 382 195 medfört
1087 1117 209 195 de
1192 1117 313 195 plagg
1400 1117 243 195 han
1539 1117 278 195 fått
1713 1117 209 195 af
1817 1117 382 195 karlen,
2095 1117 278 195 till
2234 1117 174 195 sin

523 1227 402 173 bostad;
816 1227 256 173 och
962 1227 256 173 har
1108 1227 475 173 Andersson
1474 1227 402 173 rörande
1766 1227 475 173 åtkomsten
2132 1227 292 173 till
2278 1227 183 173 den

534 1328 442 232 Sjömannen
874 1328 476 232 Martinsson
1248 1328 476 232 tillhöriga
1623 1328 306 232 väst,
1827 1328 442 232 förklarat
2167 1328 272 232 till
2303 1328 136 232 en

519 1462 362 167 början,
782 1462 230 167 att
914 1462 230 167 han
1045 1462 230 167 vid
1177 1462 230 167 Ett
1309 1462 296 167 tiden
1506 1462 329 167 natten
1736 1462 263 167 till
1901 1462 230 167 den
2032 1462 164 167 1
2098 1462 197 167 ds
2197 1462 230 167 för
2295 1462 132 167 En

536 1559 314 201 Krona
745 1559 279 201 köpt
919 1559 244 201 den
1059 1559 209 201 af
1163 1559 209 201 en
1268 1559 383 201 obekant
1547 1559 348 201 gosse,
1791 1559 244 201 som
1930 1559 244 201 han
2070 1559 383 201 träffat
2313 1559 105 201 i

534 1667 597 231 Landalabergen,
1032 1667 232 231 men
1164 1667 465 231 sedermera,
1529 1667 299 231 efter
1728 1667 232 231 det
1861 1667 232 231 han
1994 1667 232 231 vid
2093 1667 332 231 förhöret

506 1813 273 194 fått
676 1813 204 194 se
779 1813 477 194 målsegarne
1153 1813 239 194 och
1290 1813 409 194 bröderna
1596 1813 443 194 Svensson,
1937 1813 239 194 att
2073 1813 239 194 han
2175 1813 239 194 samma

509 1912 263 206 natt
673 1912 164 206 å
739 1912 427 206 Hagaheden
1068 1912 394 206 erhållit
1363 1912 328 206 västen
1593 1912 296 206 jemte
1790 1912 230 206 ett
1922 1912 296 206 paket
2119 1912 197 206 af
2217 1912 197 206 en
2283 1912 197 206 utaf

512 2032 462 234 Sjömännen,
875 2032 363 234 hvilken
1139 2032 495 234 öfverlemnat
1535 2032 363 234 paketet
1799 2032 231 234 och
1931 2032 330 234 västen
2162 2032 264 234 till
2294 2032 165 234 An¬-

519 2156 376 158 dersson
793 2156 240 158 med
929 2156 376 158 begäran
1203 2156 240 158 att
1340 2156 240 158 han
1477 2156 342 158 skulle
1716 2156 308 158 hålla
1922 2156 411 158 desamme,
2195 2156 240 158 medan

515 2259 206 198 de
618 2259 274 198 voro
789 2259 480 198 inbegripne
1166 2259 172 198 i
1235 2259 412 198 slagsmål
1544 2259 240 198 med
1681 2259 583 198 Svenssönerne;
2161 2259 274 198 samt
2298 2259 172 198 att

512 2386 247 179 han,
666 2386 216 179 som
790 2386 432 179 emellertid
1129 2386 247 179 gått
1283 2386 339 179 afsides
1529 2386 277 179 någon
1714 2386 308 179 stund,
1930 2386 216 179 vid
2053 2386 216 179 sin
2146 2386 339 179 återkomst

505 2497 277 231 icke
678 2497 277 231 sett
851 2497 277 231 till
1024 2497 484 231 Sjömännen,
1404 2497 277 231 utan
1577 2497 346 231 endast
1819 2497 380 231 träffat
2096 2497 277 231 Berg
2234 2497 173 231 och

457 2638 587 181 Svenssönerne;
941 2638 173 181 i
1010 2638 449 181 anledning
1355 2638 345 181 hvaraf
1597 2638 242 181 han
1735 2638 276 181 till
1907 2638 276 181 Axel
2045 2638 380 181 Svensson,

484 2742 261 218 som
633 2742 484 218 uppgifvit
1005 2742 261 218 sig
1154 2742 335 218 känna
1377 2742 484 218 Sjömännen
1749 2742 261 218 och
1898 2742 447 218 erbjudit
2196 2742 186 218 sig

500 2878 257 179 att
647 2878 294 179 till
831 2878 257 179 dem
978 2878 515 179 återställa
1383 2878 441 179 paketet,
1714 2878 441 179 aflemnat
2008 2878 405 179 detsamma,

487 2989 283 163 men
648 2989 444 163 deremot
971 2989 485 163 behållit
1294 2989 364 163 västen.

627 3068 412 214 Härefter
936 3068 515 214 ytterligare
1347 3068 309 214 hörd,
1553 3068 240 214 har
1690 3068 275 214 Axel
1862 3068 412 214 Svensson
2136 3068 275 214 förne¬-

477 3199 293 176 kat,
660 3199 256 176 att
807 3199 256 176 han
953 3199 220 176 af
1063 3199 476 176 Andersson
1429 3199 293 176 fått
1612 3199 439 176 emottaga
1942 3199 330 176 något
2125 3199 293 176 paket.

573 3322 397 183 Almqvists
879 3322 519 183 ifrågavarande
1306 3322 214 183 två
1428 3322 214 183 par
1550 3322 275 183 byxor
1733 3322 244 183 samt
1886 3322 336 183 Olssons
2099 3322 336 183 yllehals¬-

510 3409 228 180 duk
641 3409 293 180 hafva
836 3409 489 180 återfunnits
1227 3409 163 180 i
1292 3409 326 180 Martin
1520 3409 456 180 Anderssons
1879 3409 293 180 stall
2074 3409 163 180 i
2107 3409 293 180 Landala

504 3516 221 133 och
631 3516 347 133 blifvit
883 3516 252 133 till
1041 3516 536 133 Målseganderna
1451 3516 442 133 återställda.

579 3564 203 186 På
681 3564 304 186 grund
884 3564 203 186 af
985 3564 271 186 hvad
1154 3564 372 186 sålunda
1425 3564 507 186 förekommit,
1831 3564 304 186 komma
2034 3564 338 186 August
2237 3564 169 186 An¬-

509 3669 346 215 dersson
760 3669 220 215 och
886 3669 252 215 Axel
1044 3669 378 215 Svensson
1327 3669 220 215 att
1453 3669 283 215 denna
1642 3669 220 215 dag
1768 3669 220 215 för
1894 3669 220 215 PKn
1988 3669 378 215 inställas.

902 3799 462 173 Göteborg
1248 3799 270 173 den
1402 3799 193 173 5
1479 3799 424 173 Augusti
1749 3799 270 173 1880.

4549 284 267 113 No
4637 284 267 113 167.

4564 371 276 111 Severin
4739 371 226 111 Wilhelm

4546 473 342 127 Johansson.

2716 212 595 138 Poliskonstapeln
3217 212 188 138 No
3311 212 188 138 14
3405 212 250 138 Hult
3561 212 219 138 har
3686 212 219 138 den
3812 212 157 138 3
3874 212 313 138 dennes
4093 212 188 138 kl
4187 212 219 138 1/2
4313 212 157 138 4
4375 212 188 138 e.
4438 212 125 138 m.

2582 329 413 190 anhållit
2891 329 722 190 Stufveriarbetaren
3510 329 378 190 Severin
3785 329 378 190 Vilhelm
4060 329 447 190 Johansson
4369 329 172 190 för

2594 443 231 225 det
2726 443 231 225 han
2858 443 264 225 kort
3022 443 297 225 förut
3220 443 264 225 från
3385 443 395 225 bundtar,
3681 443 527 225 innehållande
4110 443 198 225 s.
4209 443 198 225 k.
4274 443 297 225 yellow¬-

2600 577 365 175 metall,
2866 577 399 175 liggande
3165 577 166 175 å
3231 577 465 175 Skeppsbron
3597 577 365 175 utanför
3862 577 465 175 Gasverket,
4195 577 365 175 lösbrutit

2598 704 221 205 och
2725 704 442 205 tillgripit
3072 704 158 205 4
3135 704 221 205 1/2
3262 704 158 205 ℔
3325 704 284 205 dylik
3483 704 284 205 metall.

2847 806 244 207 Wid
2987 806 244 207 det
3126 806 244 207 med
3265 806 453 207 Johansson
3614 806 174 207 i
3684 806 453 207 anledning
4032 806 314 207 häraf
4207 806 383 207 anställda

2608 924 338 204 förhör
2845 924 237 204 har
2980 924 237 204 han
3115 924 405 204 vidgått:
3419 924 237 204 att
3554 924 270 204 han,
3723 924 237 204 som
3858 924 372 204 tillhör
4129 924 439 204 Fässbergs
4433 924 135 204 Sn

2610 1058 220 205 och
2735 1058 189 205 de
2830 1058 283 205 sista
3018 1058 220 205 två
3144 1058 251 205 åren
3301 1058 440 205 uppehållit
3647 1058 220 205 sig
3773 1058 220 205 här
3898 1058 157 205 i
3961 1058 314 205 staden
4181 1058 220 205 med
4276 1058 314 205 tillfäl¬-

2602 1148 275 245 ligt
2774 1148 378 245 arbete,
3049 1148 241 245 men
3186 1148 206 245 nu
3289 1148 275 245 vore
3461 1148 172 245 i
3530 1148 344 245 saknad
3771 1148 310 245 deraf
3977 1148 241 245 och
4115 1148 275 245 utan
4252 1148 310 245 bostad,

2602 1320 426 181 Måndagen
2922 1320 249 181 den
3064 1320 178 181 3
3135 1320 355 181 dennes
3384 1320 213 181 på
3490 1320 320 181 e.m.,
3704 1320 213 181 då
3810 1320 249 181 han
3952 1320 497 181 uppehållit
4343 1320 249 181 sig
4449 1320 107 181 å

2597 1426 498 240 Skeppsbron,
2995 1426 265 240 från
3161 1426 232 240 ett
3293 1426 232 240 der
3426 1426 166 240 i
3492 1426 365 240 bundtar
3758 1426 398 240 upplagdt
4056 1426 299 240 parti
4222 1426 365 240 yellowme¬-

2609 1566 271 228 tall
2778 1566 474 228 tillgripit
3151 1566 508 228 ifrågakomne
3557 1566 305 228 plåt,
3760 1566 372 228 hvilken
4031 1566 237 228 han
4167 1566 305 228 ämnat
4336 1566 237 228 sälja

2599 1696 229 211 för
2730 1696 229 211 att
2861 1696 425 211 förskaffa
3188 1696 229 211 sig
3319 1696 294 211 medel
3515 1696 262 211 till
3646 1696 392 211 uppehälle.

2737 1797 595 209 Handelsbolaget
3233 1797 397 209 Lundberg
3531 1797 165 209 &
3597 1797 430 209 Kullberg,
3928 1797 232 209 som
4060 1797 232 209 har
4192 1797 265 209 sitt
4324 1797 265 209 kontor

2616 1922 159 212 i
2680 1922 285 212 huset
2870 1922 190 212 No
2965 1922 222 212 100
3092 1922 222 212 vid
3219 1922 190 212 St
3314 1922 285 212 Eriks
3504 1922 285 212 torg,
3695 1922 222 212 har
3822 1922 317 212 anmält
4044 1922 222 212 sig
4170 1922 285 212 såsom
4329 1922 222 212 egare

2593 2014 259 269 till
2755 2014 616 269 yellowmetallen,
3273 2014 292 269 under
3468 2014 389 269 uppgift,
3760 2014 227 269 att
3889 2014 227 269 den
4019 2014 259 269 vore
4181 2014 259 269 värd
4343 2014 195 269 25
4408 2014 162 269 öre

2554 2210 512 162 skålpundet.

2770 2269 201 225 På
2870 2269 301 225 grund
3071 2269 201 225 af
3171 2269 268 225 hvad
3338 2269 368 225 sålunda
3606 2269 502 225 förekommit,
4008 2269 201 225 är
4108 2269 368 225 Severin
4342 2269 201 225 Wil¬-

2608 2404 262 189 helm
2772 2404 426 189 Johansson
3100 2404 328 189 kallad
3329 2404 262 189 till
3493 2404 492 189 inställelse
3887 2404 295 189 inför
4083 2404 229 189 PKn
4214 2404 295 189 denna
4378 2404 197 189 dag.

3021 2538 401 164 Göteborg
3321 2538 234 164 den
3455 2538 167 164 5
3522 2538 267 164 Aug.
3655 2538 234 164 1880.

4508 2509 321 130 No
4615 2509 268 130 168

4534 2662 297 98 Nikolaus
4732 2662 198 98 Svens¬-

4542 2750 190 116 son
4650 2750 190 116 och
4732 2750 190 116 Johan

4554 2827 305 134 Edvard
4738 2827 183 134 Käck

2651 2590 517 192 Handlanden
3058 2590 222 192 J.
3168 2590 222 192 N.
3279 2590 407 192 Koppel,
3575 2590 259 192 som
3723 2590 259 192 har
3871 2590 259 192 sin
4019 2590 333 192 butik
4240 2590 185 192 i
4277 2590 259 192 huset

2605 2734 206 186 No
2708 2734 206 186 22
2810 2734 240 186 vid
2948 2734 309 186 Östra
3153 2734 480 186 Larmgatan,
3530 2734 240 186 har
3668 2734 240 186 den
3805 2734 206 186 29
3908 2734 309 186 sist.
4113 2734 274 186 Juli
4250 2734 309 186 anmält,

2601 2853 218 238 att
2725 2853 560 238 derförutgångne
3192 2853 218 238 dag
3317 2853 342 238 klockan
3566 2853 342 238 emellan
3815 2853 156 238 7
3877 2853 218 238 och
4002 2853 156 238 8
4064 2853 187 238 på
4157 2853 342 238 aftonen
4375 2853 187 238 från

2587 2998 294 191 honom
2783 2998 490 191 tillgripits
3175 2998 196 191 en
3273 2998 392 191 regnrock
3567 2998 196 191 af
3632 2998 555 191 guttaperchatyg,

3814 2940 291 88 grågul
3989 2940 320 88 invändigt

4163 2962 344 118 hvilken
4382 2962 188 118 rock

2603 3054 283 261 hängt
2791 3054 220 261 som
2917 3054 283 261 skylt
3106 3054 157 261 å
3169 3054 315 261 dörren
3389 3054 252 261 till
3547 3054 252 261 hans
3704 3054 283 261 butik
3893 3054 220 261 och
4019 3054 283 261 varit
4207 3054 252 261 värd
4365 3054 189 261 13
4428 3054 157 261 kr.

2720 3223 311 201 Sedan
2928 3223 484 201 upplysning
3308 3223 415 201 vunnits,
3619 3223 242 201 att
3757 3223 380 201 berörde
4034 3223 415 201 regnrock
4310 3223 242 201 samma

2609 3296 237 213 dag
2744 3296 372 213 blifvit
3015 3296 372 213 försåld
3285 3296 270 213 till
3454 3296 203 213 en
3556 3296 372 213 obekant
3826 3296 439 213 Skeppare,
4164 3296 203 213 så
4266 3296 237 213 har
4367 3296 169 213 De¬-

2601 3463 687 206 tektivkonstapeln
3185 3463 412 206 Lindgren
3494 3463 240 206 den
3631 3463 206 206 30
3734 3463 309 206 sist.
3940 3463 275 206 Juli
4112 3463 309 206 såsom
4284 3463 240 206 miss¬-

2599 3548 282 230 tänkt
2787 3548 219 230 för
2912 3548 282 230 detta
3100 3548 407 230 tillgrepp
3414 3548 376 230 anhållit
3696 3548 188 230 fe
3790 3548 658 230 disciplinsoldaten
4323 3548 219 230 Niko¬-

2594 3697 255 190 laus
2754 3697 415 190 Svensson,
3073 3697 255 190 utan
3232 3697 351 190 bestämd
3488 3697 351 190 bostad,
3743 3697 351 190 hvilken
3998 3697 223 190 vid
4126 3697 223 190 det
4254 3697 223 190 med
4350 3697 223 190 honom
