5084 4115
520 174 204 158 4o
622 174 475 158 Handlanden
995 174 204 158 C.
1097 174 204 158 A.
1199 174 373 158 Wassén,
1470 174 237 158 som
1606 174 237 158 har
1741 174 204 158 en
1843 174 475 158 handelsbod
2216 174 170 158 i
2250 174 170 158 hu¬-

498 343 228 121 set
629 343 196 121 No
727 343 196 121 39
825 343 228 121 vid
955 343 457 121 Wallgatan,
1314 343 228 121 att
1444 343 326 121 natten
1672 343 359 121 emellan
1933 343 228 121 den
2064 343 196 121 20
2162 343 228 121 och
2260 343 130 121 21

482 401 287 124 sistl
673 401 382 124 December
960 401 287 124 genom
1151 401 351 124 inbrott
1406 401 159 124 i
1470 401 255 124 hans
1629 401 701 124 försäljningslokal,
2203 401 223 124 hvar¬-

500 481 227 174 vid
629 481 324 174 dörren
856 481 259 174 till
1018 481 453 174 portgången
1374 481 356 174 blifvit
1633 481 453 174 uppbruten,
1989 481 259 174 inne
2151 481 162 174 i
2183 481 227 174 buti¬-

507 587 235 157 ken
642 587 503 157 tillgripits
1044 587 201 157 En
1145 587 302 157 Krona
1346 587 201 157 50
1446 587 268 157 öre,
1614 587 436 157 bestående
1950 587 168 157 i
1983 587 436 157 silfvermynt

509 713 153 100 å
571 713 183 100 10
632 713 183 100 öre;

508 722 201 188 5o
608 722 469 188 Handlanden
977 722 201 188 A.
1077 722 469 188 Andersson,
1446 722 235 188 som
1580 722 235 188 har
1714 722 536 188 handelsbutik
2149 722 168 188 i
2183 722 235 188 huset

506 825 212 145 No
612 825 212 145 35
717 825 247 145 vid
858 825 529 145 Vestergatan
1281 825 176 145 i
1352 825 458 145 Annedahl,
1704 825 247 145 att
1845 825 353 145 natten
2057 825 317 145 emellan

512 936 236 135 den
647 936 203 135 22
749 936 236 135 och
884 936 203 135 23
985 936 304 135 sistl
1188 936 439 135 December,
1526 936 203 135 en
1627 936 203 135 åt
1728 936 304 135 gatan
1931 936 405 135 vettande
2201 936 203 135 fön¬-

489 1025 379 153 sterruta
774 1025 158 153 i
837 1025 348 153 butiken
1090 1025 411 153 inslagits
1406 1025 221 153 och
1532 1025 379 153 fönstret
1817 1025 442 153 aflyftats,
2133 1025 284 153 hvaref¬-

510 1120 211 154 ter
631 1120 241 154 inne
781 1120 151 154 i
842 1120 272 154 boden
1023 1120 181 154 ur
1113 1120 513 154 penningelådan
1536 1120 151 154 i
1596 1120 302 154 disken
1807 1120 453 154 tillgripits
2139 1120 272 154 omkring

495 1211 183 137 14
587 1211 305 137 Kronor
801 1211 153 137 i
862 1211 336 137 silfver
1106 1211 214 137 och
1198 1211 397 137 kopparmynt;

506 1250 185 172 6o
599 1250 555 172 Smörhandlanden
1061 1250 185 172 C.
1153 1250 185 172 A.
1246 1250 401 172 Strömbom,
1554 1250 216 172 som
1677 1250 216 172 har
1800 1250 216 172 sin
1924 1250 462 172 försäljning
2263 1250 92 172 i

498 1392 189 106 en
593 1392 347 106 källare
846 1392 316 106 intill
1067 1392 284 106 huset
1256 1392 189 106 No
1351 1392 189 106 57
1446 1392 221 106 vid
1572 1392 442 106 Kunggatan,
1919 1392 221 106 att
2045 1392 316 106 natten
2235 1392 126 106 e¬-

486 1442 318 132 mellan
709 1442 222 132 den
836 1442 191 132 27
931 1442 222 132 och
1058 1442 191 132 28
1153 1442 286 132 sist.
1344 1442 381 132 December
1630 1442 286 132 genom
1820 1442 349 132 inbrott
2074 1442 159 132 i
2106 1442 286 132 berörde

494 1536 367 122 källare,
770 1536 336 122 hvarvid
1014 1536 397 122 hänglåset
1320 1536 214 122 för
1442 1536 306 122 dörren
1656 1536 489 122 frånbrutits,
2054 1536 153 122 i
2084 1536 306 122 källaren

503 1635 157 154 i
565 1635 189 154 en
660 1635 377 154 disklåda
943 1635 252 154 från
1100 1635 283 154 honom
1289 1635 472 154 tillgripits
1666 1635 157 154 3
1729 1635 314 154 Kronor
1949 1635 157 154 i
1980 1635 409 154 kopparmynt;

485 1704 229 167 och
616 1704 197 167 7o
715 1704 459 167 Handlanden
1075 1704 262 167 Olof
1239 1704 360 167 Olsson,
1501 1704 229 167 som
1632 1704 229 167 har
1763 1704 229 167 sin
1894 1704 328 167 handel
2123 1704 164 167 i
2156 1704 229 167 huset

477 1796 194 151 No
574 1796 162 151 1
638 1796 226 151 vid
768 1796 291 151 Lilla
962 1796 453 151 Korsgatan,
1318 1796 226 151 att
1447 1796 323 151 natten
1673 1796 356 151 emellan
1932 1796 226 151 den
2062 1796 194 151 29
2159 1796 226 151 och
2256 1796 129 151 30

467 1890 447 193 sistlidne
810 1890 447 193 December,
1154 1890 309 193 genom
1361 1890 378 193 inbrott
1636 1890 172 193 i
1704 1890 275 193 hans
1876 1890 516 193 handelsbod,
2254 1890 138 193 på

493 1987 193 152 så
589 1987 289 152 sätt,
782 1987 225 152 att
911 1987 289 152 låset
1104 1987 161 152 å
1168 1987 322 152 dörren
1393 1987 482 152 lösskurits,
1779 1987 257 152 inne
1940 1987 161 152 i
2004 1987 289 152 boden
2165 1987 225 152 till¬-

472 2073 345 193 gipits
713 2073 276 193 dels
885 2073 172 193 6
954 2073 172 193 á
1023 2073 172 193 7
1092 2073 345 193 Kronor
1333 2073 172 193 i
1402 2073 482 193 kopparmynt
1781 2073 241 193 och
1919 2073 172 193 2
1988 2073 172 193 à
2057 2073 172 193 3
2091 2073 276 193 Kronor

471 2143 169 176 i
539 2143 507 176 silfvermynt
944 2143 169 176 å
1012 2143 203 176 10
1113 2143 270 176 öre,
1282 2143 338 176 hvilka
1518 2143 439 176 penningar
1856 2143 304 176 varit
2025 2143 371 176 förvarade

479 2260 163 175 i
545 2260 196 175 en
643 2260 294 175 olåst
838 2260 261 175 låda
1001 2260 163 175 i
1067 2260 326 175 disken
1295 2260 228 175 och
1426 2260 261 175 dels
1589 2260 228 175 två
1719 2260 326 175 paket,
1915 2260 457 175 innehållande

492 2355 195 162 10
589 2355 162 162 ℔
654 2355 324 162 kaffe,
881 2355 292 162 värdt
1075 2355 162 162 7
1140 2355 324 162 Kronor
1367 2355 195 162 80
1464 2355 227 162 öre
1594 2355 227 162 och
1724 2355 227 162 ett
1853 2355 324 162 paket,
2048 2355 324 162 innehål¬-

474 2444 312 201 lande
682 2444 173 201 5
752 2444 173 201 ℔
821 2444 416 201 risgryn,
1133 2444 312 201 värdt
1342 2444 208 201 80
1411 2444 208 201 öre.

541 2502 284 205 Såsom
731 2502 410 205 misstänkt
1046 2502 221 205 för
1172 2502 284 205 dessa
1361 2502 630 205 inbrottsstölder,
1897 2502 284 205 hafva
2054 2502 347 205 detektiv¬-

473 2622 567 178 konstaplarne
934 2622 390 178 Andrén,
1217 2622 426 178 Rönnbäck
1536 2622 248 178 och
1678 2622 319 178 Bruun
1891 2622 426 178 tisdagen
2175 2622 177 178 den

453 2728 214 194 30
560 2728 321 194 sist.
774 2728 428 194 December
1095 2728 214 194 på
1202 2728 321 194 afton
1416 2728 428 194 anhållit
1737 2728 250 194 för
1880 2728 357 194 första
2093 2728 250 194 resan

461 2795 575 220 inbrottsstöld
934 2795 439 220 straffade
1272 2795 541 220 Arbetskarlen
1712 2795 338 220 Victor
1949 2795 304 220 Adolf
2118 2795 270 220 Ström¬-

471 2944 304 158 bäck,
674 2944 338 158 boende
911 2944 169 158 i
978 2944 304 158 huset
1181 2944 203 158 No
1283 2944 203 158 70
1384 2944 203 158 af
1486 2944 406 158 Majornas
1790 2944 271 158 3dje
1959 2944 304 158 rote,
2128 2944 237 158 hvil¬-

460 3038 246 178 ken
600 3038 351 178 dervid
846 3038 386 178 befanns
1127 3038 457 178 innehafva
1479 3038 246 178 Två
1619 3038 351 178 Kronor
1865 3038 211 178 21
1971 3038 246 178 öre
2111 3038 176 178 i
2146 3038 211 178 kop¬-

454 3104 418 181 parmynt
758 3104 456 181 äfvensom
1100 3104 342 181 något
1328 3104 494 181 småsocker
1709 3104 266 181 och
1861 3104 266 181 ett
1975 3104 418 181 stämjern.

593 3218 261 147 Wid
742 3218 261 147 det
891 3218 261 147 med
1040 3218 485 147 Strömbäck
1413 3218 485 147 anställda
1786 3218 373 147 förhör
2047 3218 261 147 har
2159 3218 186 147 han

462 3314 440 177 uppgifvit,
807 3314 220 177 att
933 3314 283 177 sedan
1121 3314 220 177 han
1247 3314 157 177 i
1310 3314 346 177 Augusti
1561 3314 251 177 1878
1718 3314 440 177 frigifvits
2064 3314 283 177 efter
2221 3314 157 177 un¬-

467 3438 429 128 dergången
797 3438 528 128 bestraffning
1226 3438 231 128 för
1358 3438 330 128 stöld,
1590 3438 231 128 han
1722 3438 462 128 uppehållit
2085 3438 231 128 sig
2184 3438 165 128 med

448 3503 548 195 tillfälligt
887 3503 402 195 arbete,
1179 3503 256 195 men
1325 3503 329 195 under
1545 3503 219 195 de
1654 3503 621 195 sistförflutne
2129 3503 183 195 två

454 3631 509 155 månaderne
845 3631 391 155 saknat
1119 3631 313 155 jemn
1315 3631 743 155 sysselsättning,
1941 3631 391 155 hvadan
2175 3631 196 155 han

469 3719 273 175 icke
639 3719 239 175 för
776 3719 239 175 den
912 3719 307 175 tiden
1117 3719 341 175 kunnat
1356 3719 341 175 betala
1594 3719 239 175 sin
1731 3719 307 175 hyra,
1936 3719 273 175 utan
2072 3719 307 175 blifvit

2700 218 347 199 uppsagd
2953 218 252 199 till
3111 218 473 199 afflytning:
3489 218 221 199 att
3616 218 221 199 han
3742 218 316 199 derför
3963 218 410 199 beslutat,
4278 218 221 199 att
4373 218 221 199 genom

2698 315 306 168 stöld
2902 315 340 168 skaffa
3140 315 238 168 sig
3277 315 306 168 medel
3481 315 272 168 till
3651 315 340 168 hyrans
3889 315 442 168 betalande
4230 315 238 168 och
4332 315 238 168 sedan

2698 419 222 153 han
2825 419 222 153 den
2952 419 190 153 29
3047 419 285 153 sist.
3237 419 380 153 December
3523 419 317 153 utsett
3745 419 190 153 en
3840 419 222 153 bod
3967 419 254 153 till
4125 419 444 153 föröfvande
4442 419 127 153 af

2707 500 350 186 inbrott,
2970 500 175 186 kl
3057 500 321 186 omkring
3291 500 204 186 1/2
3408 500 146 186 3
3466 500 175 186 på
3554 500 350 186 morgonen
3817 500 438 186 derpåföljde
4167 500 204 186 dag
4284 500 234 186 gått
4401 500 175 186 till

2707 591 461 201 Målsegaren
3069 591 362 201 Olssons
3332 591 461 201 handelsbod
3694 591 230 201 vid
3826 591 296 201 Lilla
4024 591 461 201 Korsgatan,
4353 591 230 201 hvar¬-

2705 689 252 187 est
2849 689 252 187 han
2993 689 252 187 med
3137 689 252 187 ett
3281 689 432 187 medhafdt
3605 689 432 187 stämjern
3929 689 432 187 utskurit
4253 689 324 187 låset
4433 689 108 187 å

2713 790 339 170 dörren
2951 790 237 170 och
3086 790 271 170 inne
3256 790 170 170 i
3324 790 305 170 boden
3527 790 271 170 dels
3697 790 204 170 ur
3799 790 204 170 en
3900 790 407 170 disklåda
4172 790 407 170 tillgripit

2705 926 375 146 omkring
2978 926 170 146 6
3046 926 170 146 á
3114 926 170 146 7
3182 926 341 146 Kronor
3420 926 170 146 i
3489 926 477 146 kopparmynt
3863 926 239 146 och
4000 926 307 146 någre
4170 926 443 146 silfvermynt

2710 1000 242 178 och
2849 1000 276 178 dels
3021 1000 242 178 ett
3159 1000 345 178 paket,
3401 1000 553 178 innehållande
3850 1000 345 178 kaffe,
4092 1000 242 178 ett
4230 1000 311 178 paket
4403 1000 207 178 små¬-

2716 1114 357 142 socker
2966 1114 250 142 och
3109 1114 250 142 två
3251 1114 357 142 paket,
3501 1114 571 142 innehållande
3965 1114 428 142 risgryn;
4286 1114 250 142 att
4393 1114 178 142 han

2708 1215 397 176 derefter
3006 1215 397 176 begifvit
3303 1215 232 176 sig
3436 1215 265 176 till
3601 1215 397 176 Engelska
3898 1215 331 176 kyrkan
4130 1215 232 176 och
4262 1215 298 176 under
4428 1215 165 176 nå¬-

2715 1273 245 219 gra
2855 1273 350 219 stenar
3100 1273 175 219 å
3170 1273 350 219 tomten
3414 1273 455 219 derstädes
3764 1273 280 219 gömt
3939 1273 489 219 paketerna,
4288 1273 315 219 förutom

2714 1386 246 184 det
2854 1386 246 184 som
2995 1386 492 184 innehållit
3381 1386 386 184 socker,
3663 1386 386 184 hvilket
3944 1386 246 184 han
4084 1386 316 184 tagit
4295 1386 246 184 med
4400 1386 176 184 sig

2698 1478 281 193 till
2874 1478 246 193 sin
3014 1478 387 193 bostad;
3296 1478 246 193 att
3436 1478 246 193 han
3577 1478 211 193 af
3683 1478 211 193 de
3788 1478 492 193 tillgripne
4140 1478 457 193 penningarne

2706 1582 280 191 köpt
2881 1582 420 191 matvaror
3196 1582 245 191 för
3337 1582 385 191 omkring
3617 1582 175 191 5
3687 1582 350 191 Kronor
3932 1582 280 191 samt
4108 1582 245 191 att
4248 1582 245 191 han
4353 1582 210 191 icke

2730 1710 425 193 föröfvat
3048 1710 319 193 någon
3261 1710 213 193 af
3367 1710 283 193 utaf
3544 1710 213 193 de
3651 1710 354 193 öfrige
3899 1710 496 193 målsegarne
4253 1710 319 193 anmälde

2713 1823 684 174 inbrottsstölder
3289 1823 324 174 eller
3505 1823 288 174 eger
3684 1823 324 174 någon
3900 1823 432 174 kännedom
4188 1823 288 174 derom.

2800 1895 214 182 På
2907 1895 250 182 det
3050 1895 214 182 af
3157 1895 464 182 Strömback
3514 1895 428 182 utvisade
3835 1895 393 182 stället
4121 1895 178 182 å
4192 1895 357 182 tomten
4407 1895 178 182 vid

2713 2009 421 175 Engelska
3029 2009 351 175 kyrkan
3274 2009 246 175 har
3415 2009 526 175 återfunnits
3836 2009 351 175 endast
4082 2009 246 175 ett
4222 2009 351 175 paket,
4433 2009 175 175 in¬-

2727 2144 557 154 nehållande
3165 2144 199 154 5
3244 2144 199 154 ℔
3284 2144 318 154 kaffe.

2817 2181 503 187 Strömbäcks
3212 2181 359 187 hustru
3464 2181 431 187 Carolina
3787 2181 467 187 Strömbäck
4147 2181 252 187 har
4255 2181 359 187 upplyst,

2707 2337 247 154 att
2848 2337 353 154 hennes
3095 2337 282 154 man,
3271 2337 247 154 som
3412 2337 247 154 för
3553 2337 317 154 henne
3764 2337 494 154 uppgifvit,
4152 2337 247 154 att
4293 2337 247 154 han
4399 2337 176 154 ar¬-

2682 2428 343 168 betat
2910 2428 228 168 på
3025 2428 495 168 ångbåtar,
3405 2428 533 168 åtskilliga
3824 2428 381 168 nätter
4090 2428 343 168 varit
4281 2428 266 168 borta

2712 2491 293 174 från
2896 2491 366 174 hemmet
3152 2491 330 174 såsom
3372 2491 366 174 natten
3629 2491 293 174 till
3812 2491 257 174 den
3958 2491 220 174 17
4068 2491 330 174 sist.
4252 2491 366 174 December

2705 2618 415 140 hvarvid
3007 2618 302 140 han,
3196 2618 227 140 då
3309 2618 264 140 han
3460 2618 227 140 på
3574 2618 453 140 morgonen
3913 2618 529 140 hemkommit,
4291 2618 302 140 lemnat

2711 2703 340 199 henne
2938 2703 265 199 fem
3089 2703 378 199 Kronor
3354 2703 189 199 i
3429 2703 378 199 mindre
3694 2703 567 199 silfvermynt
4147 2703 265 199 och
4261 2703 302 199 natten

2695 2791 428 177 emellan
3006 2791 272 177 den
3162 2791 233 177 20
3279 2791 272 177 och
3434 2791 233 177 21
3551 2791 194 177 i
3629 2791 350 177 samma
3862 2791 389 177 månad,
4134 2791 233 177 då
4251 2791 272 177 han
4368 2791 194 177 ti¬-

2705 2912 306 166 digt
2896 2912 230 166 på
3011 2912 459 166 morgonen
3355 2912 497 166 hemkommit
3738 2912 268 166 och
3891 2912 383 166 lemnat
4158 2912 344 166 henne
4350 2912 191 166 Två

2690 2985 342 187 Kronor
2929 2985 205 187 25
3032 2985 239 187 öre
3168 2985 171 187 i
3237 2985 376 187 silfver
3510 2985 239 187 och
3647 2985 513 187 kopparmynt;
4057 2985 273 187 samt
4228 2985 239 187 att
4331 2985 273 187 Ström¬-

2699 3096 264 208 bäck
2864 3096 430 208 likaledes
3195 3096 297 208 varit
3393 3096 297 208 borta
3591 3096 397 208 nätterna
3889 3096 264 208 till
4054 3096 231 208 den
4186 3096 198 208 26
4286 3096 231 208 och
4418 3096 198 208 28
4484 3096 99 208 i

2697 3197 565 171 oftanämnde
3141 3197 404 171 månad,
3423 3197 242 171 då
3544 3197 283 171 han
3706 3197 283 171 vid
3867 3197 565 171 hemkomsten
4271 3197 323 171 lemnat

2653 3351 450 130 henne
2903 3351 600 130 penningar.

2787 3355 263 255 På
2919 3355 394 255 grund
3182 3355 263 255 af
3313 3355 351 255 hvad
3532 3355 482 255 sålunda
3883 3355 657 255 förekommit,
4365 3355 263 255 kom¬-

2710 3503 270 189 mer
2865 3503 386 189 Gustaf
3135 3503 386 189 Victor
3405 3503 347 189 Adolf
3636 3503 540 189 Strömbäck,
4061 3503 424 189 hvilken
4331 3503 270 189 blif¬-

2704 3587 244 249 vit
2843 3587 278 249 till
3017 3587 591 249 cellfängelset
3504 3587 557 249 införpassad,
3957 3587 244 249 att
4096 3587 313 249 denna
4305 3587 244 249 dag
4409 3587 174 249 för

2691 3709 612 203 Poliskammaren
3195 3709 504 203 inställas.
3591 3709 432 203 Göteborg
3915 3709 252 203 den
4059 3709 180 203 5
4131 3709 396 203 Januari
4383 3709 252 203 1880.
