5041 4073
103 189 256 120 No
189 189 256 120 178.

120 299 195 188 Johan
250 299 195 188 Alfr.
358 299 173 188 Carls-

73 434 183 107 son.

624 749 584 223 Wedhandlanden
1105 749 206 223 N.
1208 749 481 223 Johansson,
1586 749 344 223 boende
1826 749 172 223 i
1895 749 309 223 huset
2101 749 206 223 No
2204 749 206 223 51
2273 749 172 223 vid

493 942 347 169 Första
736 942 452 169 Långgatan
1084 942 243 169 har
1223 942 417 169 Onsdagen
1536 942 243 169 den
1675 942 208 169 18
1779 942 347 169 dennes
2022 942 382 169 anmält,
2265 942 174 169 att

503 1021 224 216 vid
631 1021 289 216 något
824 1021 417 216 tillfälle
1144 1021 289 216 sedan
1337 1021 224 216 den
1465 1021 160 216 9
1529 1021 321 216 dennes
1754 1021 160 216 i
1818 1021 224 216 ett
1946 1021 224 216 uti
2074 1021 257 216 hans
2202 1021 257 216 vedma¬-

495 1145 300 206 gasin
695 1145 167 206 å
761 1145 200 206 en
861 1145 400 206 inhägnad
1162 1145 267 206 tomt
1328 1145 200 206 No
1428 1145 200 206 51
1528 1145 233 206 1/2
1662 1145 233 206 vid
1795 1145 300 206 Andra
1995 1145 433 206 Långgatan
2295 1145 167 206 be¬-

498 1262 290 183 läget
691 1262 322 183 kontor
917 1262 258 183 från
1078 1262 290 183 honom
1271 1262 483 183 tillgripits
1658 1262 226 183 två
1786 1262 451 183 qvitterade
2109 1262 354 183 räkningar

488 1378 182 152 å
560 1378 473 152 ouppburna
924 1378 691 152 penningebelopp,
1506 1378 364 152 hvilka
1761 1378 473 152 räkningar
2125 1378 255 152 den
2234 1378 182 152 ena

492 1454 159 188 å
556 1454 191 188 35
651 1454 350 188 Kronor,
906 1454 350 188 ställde
1160 1454 255 188 till
1319 1454 636 188 Spegelfabrikören
1860 1454 191 188 G.
1956 1454 191 188 B.
2051 1454 382 188 Almqvist
2306 1454 95 188 i

469 1585 281 154 huset
656 1585 187 154 No
750 1585 156 154 4
812 1585 281 154 Lilla
1000 1585 437 154 Kyrkogatan
1344 1585 219 154 och
1469 1585 219 154 den
1593 1585 281 154 andra
1781 1585 156 154 å
1843 1585 219 154 243
1968 1585 344 154 Kronor,
2187 1585 250 154 ställd

477 1688 257 214 till
637 1688 481 214 Apothekaren
1022 1688 385 214 Cavalli,
1311 1688 257 214 samt
1471 1688 225 214 att
1600 1688 225 214 vid
1728 1688 513 214 efterhörande
2145 1688 225 214 hos
2241 1688 225 214 desse

493 1788 405 170 personer
797 1788 202 170 de
898 1788 371 170 upplyst
1168 1788 270 170 dels
1336 1788 438 170 Almqvist,
1673 1788 236 170 att
1808 1788 236 170 han
1943 1788 236 170 den
2078 1788 202 170 13
2179 1788 202 170 ds
2247 1788 202 170 till

481 1897 206 201 en
584 1897 240 201 för
721 1897 309 201 honom
927 1897 378 201 obekant
1202 1897 309 201 karl,
1408 1897 240 201 som
1545 1897 446 201 uppgifvit
1888 1897 240 201 sig
2026 1897 275 201 vara
2197 1897 275 201 sänd
2335 1897 137 201 af

474 1993 447 229 Johansson
818 1993 241 229 att
955 1993 378 229 uppbära
1230 1993 550 229 penningarne,
1677 1993 275 229 till
1849 1993 310 229 denne
2056 1993 275 229 emot
2193 1993 241 229 qvit¬-

483 2135 292 161 terad
677 2135 356 161 räkning
936 2135 389 161 utbetalt
1228 2135 194 161 34
1325 2135 356 161 Kronor,
1584 2135 259 161 dels
1746 2135 227 161 ock
1876 2135 389 161 Cavalli,
2168 2135 227 161 att
2265 2135 162 161 nå¬-

474 2242 265 219 gon
626 2242 379 219 person
891 2242 227 219 då
1004 2242 303 219 ännu
1194 2242 303 219 icke
1383 2242 455 219 inställt
1724 2242 265 219 sig
1876 2242 265 219 hos
2027 2242 341 219 honom
2217 2242 189 219 med

491 2370 408 156 räkning
788 2370 297 156 från
936 2370 445 156 Johansson.

586 2459 163 167 I
652 2459 425 167 anledning
979 2459 196 167 af
1077 2459 229 167 den
1208 2459 490 167 beskrifning
1600 2459 654 167 Spegelfabrikören
2123 2459 327 167 Almqvist

475 2564 379 187 lemnat
740 2564 189 187 å
816 2564 265 187 den
968 2564 417 187 person,
1271 2564 265 187 som
1422 2564 265 187 hos
1574 2564 341 187 honom
1801 2564 455 187 uppburit
2104 2564 341 187 pennin¬-

500 2667 311 179 garne,
718 2667 280 179 hafva
905 2667 747 179 detektivkonstaplarne
1558 2667 187 179 C.
1652 2667 405 179 Hellström
1963 2667 218 179 och
2087 2667 187 179 J.
2150 2667 311 179 Rönnbäck

490 2779 437 183 Thorsdagen
833 2779 219 183 den
958 2779 187 183 19
1052 2779 312 183 dennes
1270 2779 375 183 anhållit
1551 2779 219 183 för
1676 2779 312 183 första
1895 2779 281 183 resan
2051 2779 312 183 snatteri

475 2883 306 186 dömde
679 2883 306 186 förre
883 2883 543 186 Åkaredrängen
1324 2883 306 186 Johan
1528 2883 340 186 Alfred
1766 2883 408 186 Carlsson
2071 2883 238 186 här
2173 2883 238 186 ifrån

485 2987 380 185 staden,
762 2987 380 185 hvilken
1038 2987 242 185 vid
1176 2987 242 185 det
1314 2987 242 185 med
1452 2987 311 185 honom
1659 2987 449 185 anställde
2005 2987 345 185 förhör
2212 2987 207 185 upp¬-

481 3100 375 210 gifvit,
753 3100 238 210 att
890 3100 238 210 han
1026 3100 238 210 som
1162 3100 306 210 under
1366 3100 443 210 sistlidet
1707 3100 204 210 år
1809 3100 306 210 någon
2013 3100 238 210 tid
2116 3100 306 210 biträdt

461 3215 485 179 Målsegaren
842 3215 242 179 med
981 3215 346 179 arbete
1223 3215 173 179 i
1292 3215 277 179 hans
1465 3215 381 179 vedgård
1742 3215 242 179 vid
1880 3215 311 179 Andra
2053 3215 381 179 Långgatan

480 3325 266 207 icke
646 3325 466 207 tillgripit
1012 3325 499 207 ifrågakomne
1412 3325 433 207 räkningar
1745 3325 300 207 eller
1945 3325 400 207 uppburit
2211 3325 233 207 några

481 3449 468 195 penningar
841 3449 252 195 hos
985 3449 721 195 Spegelfabrikören
1598 3449 468 195 Almqvist;
1959 3449 288 195 samt
2139 3449 252 195 att
2247 3449 180 195 han

455 3572 219 184 om
565 3572 402 184 berörde
857 3572 475 184 tillgrepp
1223 3572 292 184 icke
1406 3572 292 184 egde
1588 3572 256 184 den
1735 3572 439 184 ringaste
2027 3572 402 184 kännedom.

645 3668 433 162 Följande
970 3668 433 162 personer
1294 3668 325 162 hafva
1474 3668 361 162 upplyst:

2694 175 665 200 Spegelfabrikören
3259 175 200 200 G.
3359 175 200 200 B.
3459 175 432 200 Almqvist,
3791 175 233 200 som
3924 175 200 200 är
4024 175 333 200 boende
4257 175 233 200 och
4357 175 166 200 har

2589 305 491 203 Spegelbutik
2982 305 164 203 i
3047 305 294 203 huset
3244 305 196 203 No
3342 305 164 203 4
3407 305 229 203 vid
3538 305 294 203 Lilla
3734 305 491 203 Kyrkogatan,
4127 305 229 203 att
4225 305 327 203 Fredagen

2606 392 223 224 den
2734 392 191 224 13
2829 392 319 224 dennes
3052 392 191 224 på
3148 392 191 224 f.
3243 392 287 224 midd.
3434 392 191 224 en
3530 392 350 224 obekant
3785 392 287 224 karl,
3976 392 350 224 hvilken
4231 392 223 224 han
4326 392 255 224 trodde

2589 524 257 205 sig
2736 524 478 205 igenkänna
3104 524 184 205 i
3177 524 478 205 Carlsson,
3545 524 441 205 inkommit
3876 524 184 205 i
3949 524 478 205 Almqvists
4280 524 257 205 butik

2598 633 234 211 och
2731 633 234 211 med
2865 633 467 211 företeende
3232 633 200 211 af
3332 633 200 211 en
3432 633 434 211 qvitterad
3765 633 367 211 räkning
4032 633 267 211 från
4166 633 400 211 Målsegaren

2598 724 283 237 samt
2775 724 319 237 under
2987 724 425 237 uppgift,
3306 724 248 237 att
3447 724 248 237 han
3589 724 283 237 vore
3766 724 283 237 sänd
3943 724 212 237 af
4049 724 354 237 denne,
4262 724 283 237 begärt

2603 849 265 206 att
2755 849 492 206 utbekomma
3133 849 492 206 betalning
3512 849 265 206 för
3663 849 454 206 densamma
4004 849 265 206 med
4156 849 227 206 35
4231 849 341 206 Kronor,

2611 992 377 165 hvarvid
2885 992 412 165 Almqvist
3194 992 412 165 anmärkt,
3503 992 240 165 att
3640 992 343 165 priset
3880 992 240 165 för
4017 992 309 165 veden
4223 992 274 165 vore
4360 992 172 165 för

2610 1094 263 192 högt
2774 1094 394 192 upptaget
3070 1094 230 192 och
3201 1094 394 192 tillsagt
3497 1094 394 192 Carlsson
3792 1094 230 192 att
3923 1094 197 192 om
4022 1094 427 192 Johansson
4317 1094 230 192 ville

2606 1176 282 254 något
2794 1176 376 254 nedsätta
3076 1176 313 254 priset
3295 1176 251 254 till
3451 1176 188 254 34
3545 1176 345 254 Kronor,
3796 1176 376 254 Almqvist
4078 1176 251 254 vore
4234 1176 313 254 villig
4422 1176 157 254 be¬-

2592 1325 303 200 tala
2781 1325 492 200 räkningen
3160 1325 265 200 med
3311 1325 378 200 nämnde
3576 1325 416 200 belopp;
3878 1325 303 200 samt
4067 1325 265 200 att
4181 1325 378 200 Carlsson

2591 1425 397 201 derefter
2889 1425 431 201 aflägsnat
3220 1425 265 201 sig,
3386 1425 232 201 men
3518 1425 298 201 efter
3717 1425 199 201 en
3816 1425 298 201 stund
4015 1425 464 201 återkommit
4346 1425 166 201 och

2614 1512 453 225 uppgifvit,
2970 1512 227 225 att
3099 1512 421 225 Johansson
3423 1512 259 225 läte
3585 1512 227 225 sig
3714 1512 259 225 nöja
3876 1512 227 225 med
4005 1512 485 225 sistberörde
4361 1512 162 225 be¬-

2588 1627 313 244 lopp,
2797 1627 453 244 hvarefter
3145 1627 418 244 Almqvist
3459 1627 453 244 emottagit
3807 1627 453 244 räkningen
4155 1627 244 244 och
4259 1627 279 244 lemnat

2599 1798 415 181 Carlsson
2911 1798 207 181 34
2980 1798 311 181 Kronor.

2645 1840 646 195 Kontorsbiträdet
3189 1840 204 195 S.
3291 1840 204 195 M.
3393 1840 306 195 Lind,
3597 1840 408 195 anställd
3903 1840 238 195 och
4039 1840 340 195 boende
4277 1840 238 195 hos
4379 1840 204 195 Spe¬-

2619 1952 533 218 gelfabrikören
3058 1952 408 218 Almqvist:
3371 1952 220 218 att
3497 1952 220 218 den
3622 1952 188 218 13
3716 1952 345 218 dennes,
3967 1952 220 218 kl.
4093 1952 345 218 omkring
4343 1952 157 218 9
4375 1952 188 218 f.m.

2604 2066 227 206 en
2718 2066 302 206 karl
2906 2066 189 206 i
2982 2066 416 206 hvilken
3284 2066 302 206 Lind
3473 2066 264 206 med
3624 2066 529 206 bestämdhet
4040 2066 491 206 igenkände
4380 2066 113 206 i

2589 2165 466 234 Carlsson,
2948 2165 430 234 inkommit
3271 2165 179 234 i
3342 2165 466 234 Almqvists
3701 2165 323 234 butik
3916 2165 251 234 och
4060 2165 251 234 med
4167 2165 359 234 framlem¬-

2596 2289 324 208 nande
2812 2289 216 208 af
2920 2289 216 208 en
3028 2289 396 208 räkning
3315 2289 180 208 å
3387 2289 216 208 35
3495 2289 360 208 Kronor
3747 2289 288 208 från
3927 2289 611 208 Wedhandlanden
4394 2289 144 208 N.

2612 2379 463 244 Johansson
2969 2379 356 244 begärt
3218 2379 463 244 betalning
3574 2379 249 244 för
3716 2379 463 244 densamma,
4073 2379 356 244 dervid
4286 2379 214 244 Lind

2608 2493 404 263 tillsagt
2911 2493 404 263 Carlsson
3214 2493 236 263 att
3349 2493 437 263 återkomma
3685 2493 202 263 kl
3786 2493 236 263 10.
3920 2493 202 263 f.
4021 2493 336 263 midd.,
4257 2493 202 263 då
4324 2493 202 263 Alm¬-

2600 2624 320 242 qvist
2814 2624 284 242 vore
2992 2624 249 242 att
3134 2624 391 242 träffa;
3418 2624 284 242 samt
3596 2624 249 242 att
3738 2624 427 242 Carlsson
4058 2624 498 242 återkommit
4414 2624 142 242 på

2614 2765 227 193 den
2743 2765 356 193 utsatta
3002 2765 324 193 tiden;
3229 2765 227 193 och
3358 2765 291 193 afgaf
3553 2765 259 193 Lind
3715 2765 162 193 i
3779 2765 324 193 öfrigt
4006 2765 259 193 lika
4135 2765 389 193 berättelse

2603 2927 288 170 med
2726 2927 453 170 Almqvist;

2637 2952 731 200 Måleriarbetaren
3252 2952 385 200 Anders
3521 2952 346 200 Lind,
3752 2952 462 200 anställd
4098 2952 269 200 hos
4214 2952 346 200 Målaren

2585 3083 516 196 Netterblad
2991 3083 184 196 i
3065 3083 332 196 huset
3286 3083 221 196 No
3397 3083 221 196 11
3507 3083 258 196 vid
3655 3083 553 196 Kyrkogatan:
4097 3083 258 196 att
4245 3083 221 196 då
4319 3083 184 196 han

2578 3226 247 185 den
2719 3226 212 185 13
2825 3226 353 185 dennes
3071 3226 317 185 varit
3283 3226 494 185 sysselsatt
3671 3226 247 185 med
3812 3226 388 185 målning
4094 3226 212 185 af
4199 3226 317 185 huset
4411 3226 212 185 No
4481 3226 106 185 4

2599 3313 241 218 vid
2736 3313 310 218 Lilla
2943 3313 516 218 Kyrkogatan,
3356 3313 413 218 Carlsson
3666 3313 241 218 kl.
3803 3313 172 218 8
3872 3313 207 218 f.
3975 3313 275 218 midd
4147 3313 344 218 kommit
4354 3313 172 218 dit

2596 3449 257 176 och
2743 3449 331 176 under
2964 3449 441 176 uppgift,
3294 3449 257 176 att
3441 3449 441 176 Carlsson
3772 3449 294 176 hade
3955 3449 220 176 en
4065 3449 441 176 räkning,
4359 3449 184 176 för

2598 3551 401 189 hvilken
2889 3551 255 189 han
3035 3551 328 189 ville
3254 3551 328 189 hafva
3473 3551 474 189 betalning
3838 3551 219 189 af
3948 3551 474 189 Almqvist,
4276 3551 292 189 frågat

2581 3690 219 194 om
2690 3690 328 194 denne
2909 3690 292 194 vore
3091 3690 255 194 att
3237 3690 401 194 träffa,
3529 3690 365 194 dervid
3748 3690 802 194 Glasmästarelärlingen
