<?xml version="1.0" encoding="UTF-8"?>
<alto xmlns:xsi="http://www.w3.org/2001/XMLSchema-instance"
      xmlns="http://www.loc.gov/standards/alto/ns-v4#"
      xmlns:page="http://schema.primaresearch.org/PAGE/gts/pagecontent/2013-07-15"
      xsi:schemaLocation="http://www.loc.gov/standards/alto/ns-v4# https://www.loc.gov/standards/alto/v4/alto.xsd">
   <Description>
      <MeasurementUnit>pixel</MeasurementUnit>
      <OCRProcessing ID="IdOcr">
         <ocrProcessingStep>
            <processingDateTime>2022-11-18T16:09:45.602+01:00</processingDateTime>
            <processingSoftware>
               <softwareCreator>READ COOP</softwareCreator>
               <softwareName>Transkribus</softwareName>
            </processingSoftware>
         </ocrProcessingStep>
      </OCRProcessing>
   </Description>
   <Tags/>
   <Layout>
      <Page ID="Page1" PHYSICAL_IMG_NR="1" HEIGHT="4062" WIDTH="5085">
         <TopMargin HEIGHT="0" WIDTH="5085" VPOS="0" HPOS="0"/>
         <LeftMargin HEIGHT="4062" WIDTH="0" VPOS="0" HPOS="0"/>
         <RightMargin HEIGHT="4062" WIDTH="0" VPOS="0" HPOS="5085"/>
         <BottomMargin HEIGHT="0" WIDTH="5085" VPOS="4062" HPOS="0"/>
         <PrintSpace HEIGHT="4062" WIDTH="5085" VPOS="0" HPOS="0">
            <TextBlock ID="r1" HEIGHT="235" WIDTH="392" VPOS="309" HPOS="122">
               <Shape>
                  <Polygon POINTS="122,309 122,544 514,544 514,309"/>
               </Shape>
               <TextLine ID="r1l1"
                         BASELINE="208,374 235,372 262,372 289,372 316,372 343,370 370,370 397,369 424,367 452,364"
                         HEIGHT="130"
                         WIDTH="270"
                         VPOS="270"
                         HPOS="193">
                  <String HEIGHT="130" WIDTH="405" VPOS="270" HPOS="126" CONTENT="No"/>
                  <SP HEIGHT="130" WIDTH="68" VPOS="270" HPOS="531"/>
                  <String HEIGHT="130" WIDTH="203" VPOS="270" HPOS="261" CONTENT="5"/>
               </TextLine>
               <TextLine ID="r1l2"
                         BASELINE="122,504 148,499 174,495 200,491 226,487 252,485 278,483 304,481 331,480 357,480 383,480 409,480 435,482 461,483 487,485 514,488"
                         HEIGHT="113"
                         WIDTH="416"
                         VPOS="423"
                         HPOS="109">
                  <String HEIGHT="113"
                          WIDTH="374"
                          VPOS="423"
                          HPOS="67"
                          CONTENT="Johan"/>
                  <SP HEIGHT="113" WIDTH="42" VPOS="423" HPOS="442"/>
                  <String HEIGHT="113"
                          WIDTH="250"
                          VPOS="423"
                          HPOS="275"
                          CONTENT="Larm"/>
               </TextLine>
            </TextBlock>
            <TextBlock ID="r2" HEIGHT="3396" WIDTH="1902" VPOS="308" HPOS="510">
               <Shape>
                  <Polygon POINTS="510,308 510,3704 2412,3704 2412,308"/>
               </Shape>
               <TextLine ID="r2l1"
                         BASELINE="628,386 717,386 806,386 895,384 984,382 1074,380 1163,376 1252,374 1341,370 1430,367 1520,363 1609,360 1698,357 1787,354 1876,352 1966,350 2055,348 2144,348 2233,348 2322,348 2412,350"
                         HEIGHT="202"
                         WIDTH="1811"
                         VPOS="237"
                         HPOS="613">
                  <String HEIGHT="202"
                          WIDTH="494"
                          VPOS="237"
                          HPOS="558"
                          CONTENT="Genom"/>
                  <SP HEIGHT="202" WIDTH="55" VPOS="237" HPOS="1052"/>
                  <String HEIGHT="202"
                          WIDTH="549"
                          VPOS="237"
                          HPOS="887"
                          CONTENT="remiss"/>
                  <SP HEIGHT="202" WIDTH="55" VPOS="237" HPOS="1436"/>
                  <String HEIGHT="202"
                          WIDTH="384"
                          VPOS="237"
                          HPOS="1272"
                          CONTENT="den"/>
                  <SP HEIGHT="202" WIDTH="55" VPOS="237" HPOS="1656"/>
                  <String HEIGHT="202"
                          WIDTH="329"
                          VPOS="237"
                          HPOS="1491"
                          CONTENT="24"/>
                  <SP HEIGHT="202" WIDTH="55" VPOS="237" HPOS="1820"/>
                  <String HEIGHT="202"
                          WIDTH="549"
                          VPOS="237"
                          HPOS="1656"
                          CONTENT="sistl."/>
                  <SP HEIGHT="202" WIDTH="55" VPOS="237" HPOS="2204"/>
                  <String HEIGHT="202"
                          WIDTH="439"
                          VPOS="237"
                          HPOS="1985"
                          CONTENT="Decem¬"
                          SUBS_TYPE="HypPart1"
                          SUBS_CONTENT="December,"/>
                  <HYP CONTENT="-"/>
               </TextLine>
               <TextLine ID="r2l2"
                         BASELINE="586,482 675,480 765,476 855,473 945,470 1035,466 1124,464 1214,460 1304,457 1394,454 1484,450 1573,448 1663,444 1753,442 1843,439 1933,437 2022,434 2112,432 2202,430 2292,428 2382,426"
                         HEIGHT="148"
                         WIDTH="1820"
                         VPOS="383"
                         HPOS="572">
                  <String HEIGHT="148"
                          WIDTH="441"
                          VPOS="383"
                          HPOS="517"
                          CONTENT="ber,"
                          SUBS_TYPE="HypPart2"
                          SUBS_CONTENT="December,"/>
                  <SP HEIGHT="148" WIDTH="55" VPOS="383" HPOS="958"/>
                  <String HEIGHT="148"
                          WIDTH="607"
                          VPOS="383"
                          HPOS="793"
                          CONTENT="tecknad"/>
                  <SP HEIGHT="148" WIDTH="55" VPOS="383" HPOS="1399"/>
                  <String HEIGHT="148" WIDTH="276" VPOS="383" HPOS="1234" CONTENT="å"/>
                  <SP HEIGHT="148" WIDTH="55" VPOS="383" HPOS="1510"/>
                  <String HEIGHT="148"
                          WIDTH="772"
                          VPOS="383"
                          HPOS="1344"
                          CONTENT="härvarande"/>
                  <SP HEIGHT="148" WIDTH="55" VPOS="383" HPOS="2116"/>
                  <String HEIGHT="148"
                          WIDTH="496"
                          VPOS="383"
                          HPOS="1896"
                          CONTENT="fattig¬"
                          SUBS_TYPE="HypPart1"
                          SUBS_CONTENT="fattigvårdsstyrelses"/>
                  <HYP CONTENT="-"/>
               </TextLine>
               <TextLine ID="r2l3"
                         BASELINE="558,570 648,568 738,564 828,560 918,557 1009,553 1099,550 1189,548 1279,544 1369,541 1460,538 1550,536 1640,532 1730,530 1820,526 1911,524 2001,521 2091,518 2181,515 2271,512 2362,508"
                         HEIGHT="198"
                         WIDTH="1830"
                         VPOS="433"
                         HPOS="544">
                  <String HEIGHT="198"
                          WIDTH="941"
                          VPOS="433"
                          HPOS="492"
                          CONTENT="vårdsstyrelses"
                          SUBS_TYPE="HypPart2"
                          SUBS_CONTENT="fattigvårdsstyrelses"/>
                  <SP HEIGHT="198" WIDTH="52" VPOS="433" HPOS="1433"/>
                  <String HEIGHT="198"
                          WIDTH="732"
                          VPOS="433"
                          HPOS="1276"
                          CONTENT="förklaring"/>
                  <SP HEIGHT="198" WIDTH="52" VPOS="433" HPOS="2008"/>
                  <String HEIGHT="198"
                          WIDTH="314"
                          VPOS="433"
                          HPOS="1851"
                          CONTENT="af"/>
                  <SP HEIGHT="198" WIDTH="52" VPOS="433" HPOS="2165"/>
                  <String HEIGHT="198"
                          WIDTH="366"
                          VPOS="433"
                          HPOS="2008"
                          CONTENT="den"/>
                  <SP HEIGHT="198" WIDTH="52" VPOS="433" HPOS="2374"/>
                  <String HEIGHT="198"
                          WIDTH="209"
                          VPOS="433"
                          HPOS="2165"
                          CONTENT="22"/>
               </TextLine>
               <TextLine ID="r2l4"
                         BASELINE="566,664 655,662 744,658 833,656 922,652 1012,650 1101,647 1190,644 1279,640 1368,638 1458,636 1547,632 1636,629 1725,626 1814,622 1904,620 1993,616 2082,614 2171,610 2260,607 2350,604"
                         HEIGHT="217"
                         WIDTH="1808"
                         VPOS="522"
                         HPOS="554">
                  <String HEIGHT="217" WIDTH="283" VPOS="522" HPOS="498" CONTENT="i"/>
                  <SP HEIGHT="217" WIDTH="57" VPOS="522" HPOS="780"/>
                  <String HEIGHT="217"
                          WIDTH="509"
                          VPOS="522"
                          HPOS="611"
                          CONTENT="samma"/>
                  <SP HEIGHT="217" WIDTH="57" VPOS="522" HPOS="1119"/>
                  <String HEIGHT="217"
                          WIDTH="565"
                          VPOS="522"
                          HPOS="950"
                          CONTENT="månad,"/>
                  <SP HEIGHT="217" WIDTH="57" VPOS="522" HPOS="1515"/>
                  <String HEIGHT="217"
                          WIDTH="396"
                          VPOS="522"
                          HPOS="1345"
                          CONTENT="har"/>
                  <SP HEIGHT="217" WIDTH="57" VPOS="522" HPOS="1741"/>
                  <String HEIGHT="217"
                          WIDTH="396"
                          VPOS="522"
                          HPOS="1571"
                          CONTENT="Kgs"/>
                  <SP HEIGHT="217" WIDTH="57" VPOS="522" HPOS="1967"/>
                  <String HEIGHT="217"
                          WIDTH="509"
                          VPOS="522"
                          HPOS="1797"
                          CONTENT="Bfhde"/>
                  <SP HEIGHT="217" WIDTH="57" VPOS="522" HPOS="2306"/>
                  <String HEIGHT="217"
                          WIDTH="283"
                          VPOS="522"
                          HPOS="2080"
                          CONTENT="an¬"
                          SUBS_TYPE="HypPart1"
                          SUBS_CONTENT="anmanat"/>
                  <HYP CONTENT="-"/>
               </TextLine>
               <TextLine ID="r2l5"
                         BASELINE="562,766 653,762 744,758 835,754 926,751 1018,748 1109,746 1200,744 1291,742 1382,740 1474,738 1565,736 1656,734 1747,732 1838,730 1930,728 2021,726 2112,724 2203,720 2294,716 2386,712"
                         HEIGHT="174"
                         WIDTH="1848"
                         VPOS="628"
                         HPOS="550">
                  <String HEIGHT="174"
                          WIDTH="574"
                          VPOS="628"
                          HPOS="486"
                          CONTENT="manat"
                          SUBS_TYPE="HypPart2"
                          SUBS_CONTENT="anmanat"/>
                  <SP HEIGHT="174" WIDTH="64" VPOS="628" HPOS="1060"/>
                  <String HEIGHT="174"
                          WIDTH="446"
                          VPOS="628"
                          HPOS="869"
                          CONTENT="Pkn"/>
                  <SP HEIGHT="174" WIDTH="64" VPOS="628" HPOS="1315"/>
                  <String HEIGHT="174"
                          WIDTH="446"
                          VPOS="628"
                          HPOS="1124"
                          CONTENT="att"/>
                  <SP HEIGHT="174" WIDTH="64" VPOS="628" HPOS="1570"/>
                  <String HEIGHT="174"
                          WIDTH="574"
                          VPOS="628"
                          HPOS="1378"
                          CONTENT="genom"/>
                  <SP HEIGHT="174" WIDTH="64" VPOS="628" HPOS="1952"/>
                  <String HEIGHT="174"
                          WIDTH="574"
                          VPOS="628"
                          HPOS="1761"
                          CONTENT="föhör"/>
                  <SP HEIGHT="174" WIDTH="64" VPOS="628" HPOS="2334"/>
                  <String HEIGHT="174"
                          WIDTH="319"
                          VPOS="628"
                          HPOS="2079"
                          CONTENT="med"/>
               </TextLine>
               <TextLine ID="r2l6"
                         BASELINE="546,864 635,862 724,860 814,856 903,854 993,851 1082,848 1171,846 1261,843 1350,840 1440,838 1529,834 1618,832 1708,830 1797,826 1887,822 1976,819 2065,816 2155,811 2244,807 2334,802"
                         HEIGHT="170"
                         WIDTH="1813"
                         VPOS="738"
                         HPOS="533">
                  <String HEIGHT="170"
                          WIDTH="623"
                          VPOS="738"
                          HPOS="476"
                          CONTENT="aflidne"/>
                  <SP HEIGHT="170" WIDTH="57" VPOS="738" HPOS="1100"/>
                  <String HEIGHT="170"
                          WIDTH="510"
                          VPOS="738"
                          HPOS="930"
                          CONTENT="Johan"/>
                  <SP HEIGHT="170" WIDTH="57" VPOS="738" HPOS="1440"/>
                  <String HEIGHT="170"
                          WIDTH="510"
                          VPOS="738"
                          HPOS="1270"
                          CONTENT="Larms"/>
                  <SP HEIGHT="170" WIDTH="57" VPOS="738" HPOS="1779"/>
                  <String HEIGHT="170"
                          WIDTH="793"
                          VPOS="738"
                          HPOS="1553"
                          CONTENT="anförvandter"/>
               </TextLine>
               <TextLine ID="line_1584527725317_1364"
                         BASELINE="554,956 586,957 618,958 650,958 682,958 715,957 747,956 779,955 811,954 843,952 876,951 908,948 940,946 972,945 1004,944 1037,942 1069,941 1101,940 1133,940 1165,938 1198,938 1220,940 1275,940 1331,938 1387,936 1443,934 1499,932 1555,931 1611,928 1667,926 1723,924 1779,921 1834,919 1890,917 1946,916 2002,914 2058,912 2114,910 2170,910 2226,910 2282,910 2338,910"
                         HEIGHT="192"
                         WIDTH="1807"
                         VPOS="827"
                         HPOS="542">
                  <String HEIGHT="192"
                          WIDTH="482"
                          VPOS="827"
                          HPOS="482"
                          CONTENT="söka"/>
                  <SP HEIGHT="192" WIDTH="60" VPOS="827" HPOS="964"/>
                  <String HEIGHT="192"
                          WIDTH="843"
                          VPOS="827"
                          HPOS="783"
                          CONTENT="åstadkomma"/>
                  <SP HEIGHT="192" WIDTH="60" VPOS="827" HPOS="1626"/>
                  <String HEIGHT="192"
                          WIDTH="843"
                          VPOS="827"
                          HPOS="1446"
                          CONTENT="utredning,"/>
                  <SP HEIGHT="192" WIDTH="60" VPOS="827" HPOS="2289"/>
                  <String HEIGHT="192"
                          WIDTH="301"
                          VPOS="827"
                          HPOS="2048"
                          CONTENT="hu¬"
                          SUBS_TYPE="HypPart1"
                          SUBS_CONTENT="huruvida"/>
                  <HYP CONTENT="-"/>
               </TextLine>
               <TextLine ID="r2l9"
                         BASELINE="558,1044 647,1044 736,1042 825,1042 914,1040 1004,1038 1093,1036 1182,1034 1271,1031 1360,1028 1450,1024 1539,1022 1628,1019 1717,1015 1806,1012 1896,1008 1985,1006 2074,1002 2163,998 2252,996 2342,992"
                         HEIGHT="152"
                         WIDTH="1809"
                         VPOS="925"
                         HPOS="546">
                  <String HEIGHT="152"
                          WIDTH="548"
                          VPOS="925"
                          HPOS="491"
                          CONTENT="ruvida"
                          SUBS_TYPE="HypPart2"
                          SUBS_CONTENT="huruvida"/>
                  <SP HEIGHT="152" WIDTH="55" VPOS="925" HPOS="1039"/>
                  <String HEIGHT="152"
                          WIDTH="439"
                          VPOS="925"
                          HPOS="875"
                          CONTENT="Larm"/>
                  <SP HEIGHT="152" WIDTH="55" VPOS="925" HPOS="1313"/>
                  <String HEIGHT="152"
                          WIDTH="384"
                          VPOS="925"
                          HPOS="1149"
                          CONTENT="vid"/>
                  <SP HEIGHT="152" WIDTH="55" VPOS="925" HPOS="1533"/>
                  <String HEIGHT="152"
                          WIDTH="384"
                          VPOS="925"
                          HPOS="1368"
                          CONTENT="sin"/>
                  <SP HEIGHT="152" WIDTH="55" VPOS="925" HPOS="1752"/>
                  <String HEIGHT="152"
                          WIDTH="384"
                          VPOS="925"
                          HPOS="1588"
                          CONTENT="död"/>
                  <SP HEIGHT="152" WIDTH="55" VPOS="925" HPOS="1971"/>
                  <String HEIGHT="152"
                          WIDTH="603"
                          VPOS="925"
                          HPOS="1752"
                          CONTENT="tillhörde"/>
               </TextLine>
               <TextLine ID="r2l10"
                         BASELINE="564,1140 613,1142 663,1142 712,1141 762,1140 811,1140 861,1138 910,1136 960,1134 1009,1132 1059,1131 1108,1128 1158,1126 1207,1124 1257,1123 1306,1121 1356,1120 1405,1118 1455,1118 1504,1116 1554,1116"
                         HEIGHT="169"
                         WIDTH="1017"
                         VPOS="1036"
                         HPOS="551">
                  <String HEIGHT="169"
                          WIDTH="696"
                          VPOS="1036"
                          HPOS="497"
                          CONTENT="Göteborgs"/>
                  <SP HEIGHT="169" WIDTH="54" VPOS="1036" HPOS="1193"/>
                  <String HEIGHT="169"
                          WIDTH="589"
                          VPOS="1036"
                          HPOS="979"
                          CONTENT="samhälle."/>
               </TextLine>
               <TextLine ID="r2l11"
                         BASELINE="682,1240 766,1240 850,1238 935,1234 1019,1231 1104,1226 1188,1222 1272,1218 1357,1213 1441,1208 1526,1203 1610,1198 1694,1194 1779,1190 1863,1187 1948,1184 2032,1182 2116,1180 2201,1180 2285,1182 2370,1184"
                         HEIGHT="217"
                         WIDTH="1713"
                         VPOS="1096"
                         HPOS="669">
                  <String HEIGHT="217"
                          WIDTH="400"
                          VPOS="1096"
                          HPOS="612"
                          CONTENT="Vid"/>
                  <SP HEIGHT="217" WIDTH="57" VPOS="1096" HPOS="1012"/>
                  <String HEIGHT="217"
                          WIDTH="857"
                          VPOS="1096"
                          HPOS="840"
                          CONTENT="efterseende"/>
                  <SP HEIGHT="217" WIDTH="57" VPOS="1096" HPOS="1697"/>
                  <String HEIGHT="217"
                          WIDTH="286"
                          VPOS="1096"
                          HPOS="1526"
                          CONTENT="i"/>
                  <SP HEIGHT="217" WIDTH="57" VPOS="1096" HPOS="1811"/>
                  <String HEIGHT="217"
                          WIDTH="457"
                          VPOS="1096"
                          HPOS="1640"
                          CONTENT="Pkns"/>
                  <SP HEIGHT="217" WIDTH="57" VPOS="1096" HPOS="2097"/>
                  <String HEIGHT="217"
                          WIDTH="514"
                          VPOS="1096"
                          HPOS="1868"
                          CONTENT="minnes¬"
                          SUBS_TYPE="HypPart1"
                          SUBS_CONTENT="minnesböcker"/>
                  <HYP CONTENT="-"/>
               </TextLine>
               <TextLine ID="r2l12"
                         BASELINE="554,1336 645,1336 736,1334 827,1332 918,1329 1010,1325 1101,1322 1192,1316 1283,1312 1374,1307 1466,1302 1557,1296 1648,1292 1739,1286 1830,1282 1922,1278 2013,1276 2104,1272 2195,1270 2286,1269 2378,1268"
                         HEIGHT="159"
                         WIDTH="1852"
                         VPOS="1190"
                         HPOS="540">
                  <String HEIGHT="159"
                          WIDTH="639"
                          VPOS="1190"
                          HPOS="476"
                          CONTENT="böcker"
                          SUBS_TYPE="HypPart2"
                          SUBS_CONTENT="minnesböcker"/>
                  <SP HEIGHT="159" WIDTH="64" VPOS="1190" HPOS="1115"/>
                  <String HEIGHT="159"
                          WIDTH="639"
                          VPOS="1190"
                          HPOS="923"
                          CONTENT="finnes"/>
                  <SP HEIGHT="159" WIDTH="64" VPOS="1190" HPOS="1562"/>
                  <String HEIGHT="159"
                          WIDTH="383"
                          VPOS="1190"
                          HPOS="1370"
                          CONTENT="om"/>
                  <SP HEIGHT="159" WIDTH="64" VPOS="1190" HPOS="1753"/>
                  <String HEIGHT="159"
                          WIDTH="894"
                          VPOS="1190"
                          HPOS="1498"
                          CONTENT="Manspersonen"/>
               </TextLine>
               <TextLine ID="line_1589726460490_1518"
                         BASELINE="532,1438 622,1434 712,1428 802,1424 892,1421 982,1417 1072,1414 1162,1411 1252,1407 1342,1404 1433,1400 1523,1397 1613,1394 1664,1391 1735,1388 1793,1386 1883,1382 1973,1378 2063,1374 2153,1368 2243,1363 2334,1358"
                         HEIGHT="180"
                         WIDTH="1829"
                         VPOS="1298"
                         HPOS="517">
                  <String HEIGHT="180"
                          WIDTH="484"
                          VPOS="1298"
                          HPOS="463"
                          CONTENT="Johan"/>
                  <SP HEIGHT="180" WIDTH="54" VPOS="1298" HPOS="947"/>
                  <String HEIGHT="180"
                          WIDTH="646"
                          VPOS="1298"
                          HPOS="786"
                          CONTENT="Eriksson"/>
                  <SP HEIGHT="180" WIDTH="54" VPOS="1298" HPOS="1432"/>
                  <String HEIGHT="180"
                          WIDTH="430"
                          VPOS="1298"
                          HPOS="1270"
                          CONTENT="Larm"/>
                  <SP HEIGHT="180" WIDTH="54" VPOS="1298" HPOS="1700"/>
                  <String HEIGHT="180"
                          WIDTH="377"
                          VPOS="1298"
                          HPOS="1539"
                          CONTENT="och"/>
                  <SP HEIGHT="180" WIDTH="54" VPOS="1298" HPOS="1916"/>
                  <String HEIGHT="180"
                          WIDTH="646"
                          VPOS="1298"
                          HPOS="1700"
                          CONTENT="antecknadt"/>
               </TextLine>
               <TextLine ID="r2l15"
                         BASELINE="560,1532 648,1527 737,1522 825,1517 914,1512 1002,1508 1091,1504 1179,1500 1268,1496 1356,1492 1445,1488 1533,1484 1622,1480 1710,1476 1799,1472 1887,1467 1976,1463 2064,1458 2153,1453 2241,1448 2330,1442"
                         HEIGHT="179"
                         WIDTH="1797"
                         VPOS="1397"
                         HPOS="545">
                  <String HEIGHT="179"
                          WIDTH="406"
                          VPOS="1397"
                          HPOS="487"
                          CONTENT="att"/>
                  <SP HEIGHT="179" WIDTH="58" VPOS="1397" HPOS="893"/>
                  <String HEIGHT="179"
                          WIDTH="464"
                          VPOS="1397"
                          HPOS="719"
                          CONTENT="han,"/>
                  <SP HEIGHT="179" WIDTH="58" VPOS="1397" HPOS="1183"/>
                  <String HEIGHT="179"
                          WIDTH="406"
                          VPOS="1397"
                          HPOS="1009"
                          CONTENT="som"/>
                  <SP HEIGHT="179" WIDTH="58" VPOS="1397" HPOS="1415"/>
                  <String HEIGHT="179"
                          WIDTH="638"
                          VPOS="1397"
                          HPOS="1241"
                          CONTENT="tillhör"/>
                  <SP HEIGHT="179" WIDTH="58" VPOS="1397" HPOS="1878"/>
                  <String HEIGHT="179"
                          WIDTH="696"
                          VPOS="1397"
                          HPOS="1646"
                          CONTENT="härvarande"/>
               </TextLine>
               <TextLine ID="line_1584527791984_1413"
                         BASELINE="572,1628 635,1624 699,1618 762,1616 826,1612 890,1608 953,1606 1017,1604 1080,1601 1144,1600 1208,1597 1271,1595 1335,1591 1398,1589 1462,1585 1526,1582 1589,1578 1653,1572 1716,1565 1780,1559 1848,1562 1936,1552 1957,1550 1985,1556 2010,1554 2013,1553"
                         HEIGHT="192"
                         WIDTH="1468"
                         VPOS="1475"
                         HPOS="557">
                  <String HEIGHT="192"
                          WIDTH="621"
                          VPOS="1475"
                          HPOS="501"
                          CONTENT="Kronhus"/>
                  <SP HEIGHT="192" WIDTH="56" VPOS="1475" HPOS="1122"/>
                  <String HEIGHT="192"
                          WIDTH="790"
                          VPOS="1475"
                          HPOS="952"
                          CONTENT="Församling"/>
                  <SP HEIGHT="192" WIDTH="56" VPOS="1475" HPOS="1743"/>
                  <String HEIGHT="192"
                          WIDTH="339"
                          VPOS="1475"
                          HPOS="1573"
                          CONTENT="är"/>
                  <SP HEIGHT="192" WIDTH="56" VPOS="1475" HPOS="1912"/>
                  <String HEIGHT="192"
                          WIDTH="339"
                          VPOS="1475"
                          HPOS="1686"
                          CONTENT="född"/>
               </TextLine>
               <TextLine ID="r2l16"
                         BASELINE="1982,1500 2008,1500 2035,1500 2062,1499 2089,1498 2115,1497 2142,1495 2169,1494 2196,1492 2222,1492 2249,1491 2276,1490 2303,1490 2330,1492"
                         HEIGHT="109"
                         WIDTH="374"
                         VPOS="1450"
                         HPOS="1969">
                  <String HEIGHT="109"
                          WIDTH="218"
                          VPOS="1450"
                          HPOS="1938"
                          CONTENT="här"/>
                  <SP HEIGHT="109" WIDTH="31" VPOS="1450" HPOS="2156"/>
                  <String HEIGHT="109"
                          WIDTH="156"
                          VPOS="1450"
                          HPOS="2063"
                          CONTENT="i"/>
                  <SP HEIGHT="109" WIDTH="31" VPOS="1450" HPOS="2218"/>
                  <String HEIGHT="109"
                          WIDTH="249"
                          VPOS="1450"
                          HPOS="2094"
                          CONTENT="staden"/>
               </TextLine>
               <TextLine ID="line_1584527790880_1407"
                         BASELINE="2071,1548 2085,1548 2111,1546 2136,1546 2162,1542 2187,1542 2213,1542 2238,1542 2264,1542 2290,1542"
                         HEIGHT="79"
                         WIDTH="243"
                         VPOS="1479"
                         HPOS="2058">
                  <String HEIGHT="79"
                          WIDTH="405"
                          VPOS="1479"
                          HPOS="1896"
                          CONTENT="den"/>
               </TextLine>
               <TextLine ID="line_1584527803016_1427"
                         BASELINE="548,1716 638,1712 729,1709 820,1703 911,1700 1002,1695 1093,1689 1165,1685"
                         HEIGHT="134"
                         WIDTH="645"
                         VPOS="1636"
                         HPOS="534">
                  <String HEIGHT="134"
                          WIDTH="276"
                          VPOS="1636"
                          HPOS="488"
                          CONTENT="20"/>
                  <SP HEIGHT="134" WIDTH="46" VPOS="1636" HPOS="764"/>
                  <String HEIGHT="134"
                          WIDTH="415"
                          VPOS="1636"
                          HPOS="626"
                          CONTENT="Sept."/>
                  <SP HEIGHT="134" WIDTH="46" VPOS="1636" HPOS="1041"/>
                  <String HEIGHT="134"
                          WIDTH="323"
                          VPOS="1636"
                          HPOS="857"
                          CONTENT="1822;"/>
               </TextLine>
               <TextLine ID="line_1584527824353_1443"
                         BASELINE="1110,1654 1135,1648 1161,1641 1187,1636 1213,1633 1239,1630 1265,1628 1291,1628 1317,1628 1342,1626 1368,1626 1394,1626 1420,1624 1446,1622 1472,1620 1498,1616 1524,1612 1632,1608 1659,1605 1686,1602 1713,1600 1741,1599 1768,1596 1795,1593 1823,1592 1850,1591 1877,1590 1905,1588 1932,1587 1959,1586 1986,1586 2014,1584 2041,1582 2068,1582 2096,1581 2123,1578 2150,1578 2178,1576"
                         HEIGHT="125"
                         WIDTH="1095"
                         VPOS="1540"
                         HPOS="1095">
                  <String HEIGHT="125"
                          WIDTH="247"
                          VPOS="1540"
                          HPOS="1060"
                          CONTENT="och"/>
                  <SP HEIGHT="125" WIDTH="35" VPOS="1540" HPOS="1307"/>
                  <String HEIGHT="125"
                          WIDTH="247"
                          VPOS="1540"
                          HPOS="1201"
                          CONTENT="son"/>
                  <SP HEIGHT="125" WIDTH="35" VPOS="1540" HPOS="1448"/>
                  <String HEIGHT="125"
                          WIDTH="212"
                          VPOS="1540"
                          HPOS="1342"
                          CONTENT="af"/>
                  <SP HEIGHT="125" WIDTH="35" VPOS="1540" HPOS="1554"/>
                  <String HEIGHT="125"
                          WIDTH="212"
                          VPOS="1540"
                          HPOS="1448"
                          CONTENT="en"/>
                  <SP HEIGHT="125" WIDTH="35" VPOS="1540" HPOS="1660"/>
                  <String HEIGHT="125"
                          WIDTH="212"
                          VPOS="1540"
                          HPOS="1554"
                          CONTENT="f."/>
                  <SP HEIGHT="125" WIDTH="35" VPOS="1540" HPOS="1766"/>
                  <String HEIGHT="125"
                          WIDTH="212"
                          VPOS="1540"
                          HPOS="1660"
                          CONTENT="d."/>
                  <SP HEIGHT="125" WIDTH="35" VPOS="1540" HPOS="1872"/>
                  <String HEIGHT="125"
                          WIDTH="459"
                          VPOS="1540"
                          HPOS="1731"
                          CONTENT="artillerist"/>
               </TextLine>
               <TextLine ID="line_1584527802041_1421"
                         BASELINE="1199,1683 1275,1679 1366,1675 1457,1670 1547,1665 1638,1660 1729,1656 1820,1651 1911,1648 2002,1644 2093,1640 2184,1636 2275,1634 2366,1630"
                         HEIGHT="143"
                         WIDTH="1194"
                         VPOS="1591"
                         HPOS="1186">
                  <String HEIGHT="143"
                          WIDTH="334"
                          VPOS="1591"
                          HPOS="1138"
                          CONTENT="att"/>
                  <SP HEIGHT="143" WIDTH="48" VPOS="1591" HPOS="1473"/>
                  <String HEIGHT="143"
                          WIDTH="334"
                          VPOS="1591"
                          HPOS="1329"
                          CONTENT="han"/>
                  <SP HEIGHT="143" WIDTH="48" VPOS="1591" HPOS="1664"/>
                  <String HEIGHT="143"
                          WIDTH="430"
                          VPOS="1591"
                          HPOS="1520"
                          CONTENT="efter"/>
                  <SP HEIGHT="143" WIDTH="48" VPOS="1591" HPOS="1950"/>
                  <String HEIGHT="143"
                          WIDTH="621"
                          VPOS="1591"
                          HPOS="1759"
                          CONTENT="föreskrifne"/>
               </TextLine>
               <TextLine ID="r2l22"
                         BASELINE="556,1804 644,1803 732,1801 820,1797 908,1794 996,1790 1084,1786 1172,1780 1260,1776 1348,1769 1437,1764 1525,1758 1613,1752 1701,1746 1789,1739 1877,1734 1965,1728 2053,1722 2141,1717 2229,1712 2318,1706"
                         HEIGHT="160"
                         WIDTH="1792"
                         VPOS="1670"
                         HPOS="540">
                  <String HEIGHT="160"
                          WIDTH="685"
                          VPOS="1670"
                          HPOS="487"
                          CONTENT="varningar"/>
                  <SP HEIGHT="160" WIDTH="53" VPOS="1670" HPOS="1172"/>
                  <String HEIGHT="160"
                          WIDTH="369"
                          VPOS="1670"
                          HPOS="1014"
                          CONTENT="den"/>
                  <SP HEIGHT="160" WIDTH="53" VPOS="1670" HPOS="1383"/>
                  <String HEIGHT="160"
                          WIDTH="316"
                          VPOS="1670"
                          HPOS="1225"
                          CONTENT="16"/>
                  <SP HEIGHT="160" WIDTH="53" VPOS="1670" HPOS="1541"/>
                  <String HEIGHT="160"
                          WIDTH="422"
                          VPOS="1670"
                          HPOS="1383"
                          CONTENT="Nov."/>
                  <SP HEIGHT="160" WIDTH="53" VPOS="1670" HPOS="1805"/>
                  <String HEIGHT="160"
                          WIDTH="422"
                          VPOS="1670"
                          HPOS="1647"
                          CONTENT="1858"/>
                  <SP HEIGHT="160" WIDTH="53" VPOS="1670" HPOS="2068"/>
                  <String HEIGHT="160"
                          WIDTH="474"
                          VPOS="1670"
                          HPOS="1858"
                          CONTENT="blifvit"/>
               </TextLine>
               <TextLine ID="r2l23"
                         BASELINE="562,1898 651,1898 741,1896 831,1893 921,1888 1011,1884 1100,1878 1190,1873 1280,1866 1370,1858 1460,1851 1549,1845 1639,1838 1729,1831 1819,1826 1909,1822 1998,1818 2088,1816 2178,1814 2268,1814 2358,1816"
                         HEIGHT="223"
                         WIDTH="1824"
                         VPOS="1739"
                         HPOS="548">
                  <String HEIGHT="223"
                          WIDTH="365"
                          VPOS="1739"
                          HPOS="487"
                          CONTENT="af"/>
                  <SP HEIGHT="223" WIDTH="61" VPOS="1739" HPOS="852"/>
                  <String HEIGHT="223"
                          WIDTH="426"
                          VPOS="1739"
                          HPOS="670"
                          CONTENT="Pkn"/>
                  <SP HEIGHT="223" WIDTH="61" VPOS="1739" HPOS="1095"/>
                  <String HEIGHT="223"
                          WIDTH="486"
                          VPOS="1739"
                          HPOS="913"
                          CONTENT="dömd"/>
                  <SP HEIGHT="223" WIDTH="61" VPOS="1739" HPOS="1399"/>
                  <String HEIGHT="223"
                          WIDTH="486"
                          VPOS="1739"
                          HPOS="1217"
                          CONTENT="till"/>
                  <SP HEIGHT="223" WIDTH="61" VPOS="1739" HPOS="1703"/>
                  <String HEIGHT="223"
                          WIDTH="669"
                          VPOS="1739"
                          HPOS="1521"
                          CONTENT="allmänt"/>
                  <SP HEIGHT="223" WIDTH="61" VPOS="1739" HPOS="2190"/>
                  <String HEIGHT="223"
                          WIDTH="426"
                          VPOS="1739"
                          HPOS="1946"
                          CONTENT="arbe¬"
                          SUBS_TYPE="HypPart1"
                          SUBS_CONTENT="arbete;"/>
                  <HYP CONTENT="-"/>
               </TextLine>
               <TextLine ID="r2l24"
                         BASELINE="544,1996 629,1990 715,1985 801,1980 887,1976 973,1971 1058,1966 1144,1961 1230,1957 1316,1952 1402,1947 1487,1942 1573,1938 1659,1933 1745,1928 1831,1923 1916,1918 2002,1912 2088,1908 2174,1903 2260,1898"
                         HEIGHT="214"
                         WIDTH="1742"
                         VPOS="1817"
                         HPOS="528">
                  <String HEIGHT="214"
                          WIDTH="420"
                          VPOS="1817"
                          HPOS="468"
                          CONTENT="te;"
                          SUBS_TYPE="HypPart2"
                          SUBS_CONTENT="arbete;"/>
                  <SP HEIGHT="214" WIDTH="60" VPOS="1817" HPOS="888"/>
                  <String HEIGHT="214"
                          WIDTH="481"
                          VPOS="1817"
                          HPOS="708"
                          CONTENT="samt"/>
                  <SP HEIGHT="214" WIDTH="60" VPOS="1817" HPOS="1189"/>
                  <String HEIGHT="214"
                          WIDTH="420"
                          VPOS="1817"
                          HPOS="1009"
                          CONTENT="att"/>
                  <SP HEIGHT="214" WIDTH="60" VPOS="1817" HPOS="1429"/>
                  <String HEIGHT="214"
                          WIDTH="420"
                          VPOS="1817"
                          HPOS="1249"
                          CONTENT="han"/>
                  <SP HEIGHT="214" WIDTH="60" VPOS="1817" HPOS="1669"/>
                  <String HEIGHT="214"
                          WIDTH="541"
                          VPOS="1817"
                          HPOS="1489"
                          CONTENT="sista"/>
                  <SP HEIGHT="214" WIDTH="60" VPOS="1817" HPOS="2030"/>
                  <String HEIGHT="214"
                          WIDTH="481"
                          VPOS="1817"
                          HPOS="1789"
                          CONTENT="gången"/>
               </TextLine>
               <TextLine ID="r2l25"
                         BASELINE="554,2084 643,2080 732,2075 822,2069 911,2065 1001,2060 1090,2054 1179,2050 1269,2044 1358,2039 1448,2033 1537,2028 1626,2023 1716,2019 1805,2013 1895,2008 1984,2004 2073,1998 2163,1993 2252,1989 2342,1984"
                         HEIGHT="240"
                         WIDTH="1814"
                         VPOS="1893"
                         HPOS="541">
                  <String HEIGHT="240"
                          WIDTH="363"
                          VPOS="1893"
                          HPOS="489"
                          CONTENT="den"/>
                  <SP HEIGHT="240" WIDTH="52" VPOS="1893" HPOS="852"/>
                  <String HEIGHT="240" WIDTH="259" VPOS="1893" HPOS="696" CONTENT="4"/>
                  <SP HEIGHT="240" WIDTH="52" VPOS="1893" HPOS="956"/>
                  <String HEIGHT="240"
                          WIDTH="415"
                          VPOS="1893"
                          HPOS="800"
                          CONTENT="Nov."/>
                  <SP HEIGHT="240" WIDTH="52" VPOS="1893" HPOS="1215"/>
                  <String HEIGHT="240"
                          WIDTH="415"
                          VPOS="1893"
                          HPOS="1059"
                          CONTENT="1861"/>
                  <SP HEIGHT="240" WIDTH="52" VPOS="1893" HPOS="1474"/>
                  <String HEIGHT="240"
                          WIDTH="466"
                          VPOS="1893"
                          HPOS="1318"
                          CONTENT="varit"/>
                  <SP HEIGHT="240" WIDTH="52" VPOS="1893" HPOS="1785"/>
                  <String HEIGHT="240"
                          WIDTH="259"
                          VPOS="1893"
                          HPOS="1629"
                          CONTENT="i"/>
                  <SP HEIGHT="240" WIDTH="52" VPOS="1893" HPOS="1889"/>
                  <String HEIGHT="240"
                          WIDTH="363"
                          VPOS="1893"
                          HPOS="1733"
                          CONTENT="Pkn"/>
                  <SP HEIGHT="240" WIDTH="52" VPOS="1893" HPOS="2096"/>
                  <String HEIGHT="240"
                          WIDTH="466"
                          VPOS="1893"
                          HPOS="1889"
                          CONTENT="instäld"/>
               </TextLine>
               <TextLine ID="r2l26"
                         BASELINE="552,2174 616,2172 680,2170 744,2167 809,2164 873,2160 937,2157 1002,2152 1066,2148 1130,2145 1195,2140 1259,2136 1323,2133 1387,2130 1452,2127 1516,2124 1580,2121 1645,2120 1709,2118 1773,2116 1838,2116"
                         HEIGHT="204"
                         WIDTH="1311"
                         VPOS="2037"
                         HPOS="536">
                  <String HEIGHT="204" WIDTH="273" VPOS="2037" HPOS="481" CONTENT="i"/>
                  <SP HEIGHT="204" WIDTH="55" VPOS="2037" HPOS="755"/>
                  <String HEIGHT="204"
                          WIDTH="492"
                          VPOS="2037"
                          HPOS="591"
                          CONTENT="fråga"/>
                  <SP HEIGHT="204" WIDTH="55" VPOS="2037" HPOS="1082"/>
                  <String HEIGHT="204"
                          WIDTH="328"
                          VPOS="2037"
                          HPOS="918"
                          CONTENT="om"/>
                  <SP HEIGHT="204" WIDTH="55" VPOS="2037" HPOS="1246"/>
                  <String HEIGHT="204"
                          WIDTH="437"
                          VPOS="2037"
                          HPOS="1082"
                          CONTENT="laga"/>
                  <SP HEIGHT="204" WIDTH="55" VPOS="2037" HPOS="1519"/>
                  <String HEIGHT="204"
                          WIDTH="546"
                          VPOS="2037"
                          HPOS="1301"
                          CONTENT="försvar."/>
               </TextLine>
               <TextLine ID="r2l27"
                         BASELINE="682,2268 766,2264 850,2262 934,2258 1018,2256 1102,2252 1186,2248 1270,2245 1354,2241 1438,2238 1523,2234 1607,2230 1691,2226 1775,2222 1859,2216 1943,2213 2027,2208 2111,2203 2195,2199 2279,2193 2364,2188"
                         HEIGHT="228"
                         WIDTH="1708"
                         VPOS="2061"
                         HPOS="669">
                  <String HEIGHT="228"
                          WIDTH="723"
                          VPOS="2061"
                          HPOS="603"
                          CONTENT="Bemälde"/>
                  <SP HEIGHT="228" WIDTH="66" VPOS="2061" HPOS="1326"/>
                  <String HEIGHT="228"
                          WIDTH="591"
                          VPOS="2061"
                          HPOS="1129"
                          CONTENT="Larms"/>
                  <SP HEIGHT="228" WIDTH="66" VPOS="2061" HPOS="1720"/>
                  <String HEIGHT="228"
                          WIDTH="657"
                          VPOS="2061"
                          HPOS="1523"
                          CONTENT="hustru"/>
                  <SP HEIGHT="228" WIDTH="66" VPOS="2061" HPOS="2180"/>
                  <String HEIGHT="228"
                          WIDTH="460"
                          VPOS="2061"
                          HPOS="1917"
                          CONTENT="Lovi¬"
                          SUBS_TYPE="HypPart1"
                          SUBS_CONTENT="Lovisa"/>
                  <HYP CONTENT="-"/>
               </TextLine>
               <TextLine ID="r2l28"
                         BASELINE="556,2376 644,2372 733,2370 821,2366 910,2362 998,2358 1087,2354 1175,2351 1264,2346 1352,2343 1441,2339 1529,2334 1618,2330 1706,2326 1795,2320 1883,2316 1972,2311 2060,2305 2149,2302 2237,2296 2326,2290"
                         HEIGHT="191"
                         WIDTH="1795"
                         VPOS="2227"
                         HPOS="543">
                  <String HEIGHT="191"
                          WIDTH="414"
                          VPOS="2227"
                          HPOS="474"
                          CONTENT="sa"
                          SUBS_TYPE="HypPart2"
                          SUBS_CONTENT="Lovisa"/>
                  <SP HEIGHT="191" WIDTH="69" VPOS="2227" HPOS="888"/>
                  <String HEIGHT="191"
                          WIDTH="828"
                          VPOS="2227"
                          HPOS="681"
                          CONTENT="Mathilda"/>
                  <SP HEIGHT="191" WIDTH="69" VPOS="2227" HPOS="1510"/>
                  <String HEIGHT="191"
                          WIDTH="621"
                          VPOS="2227"
                          HPOS="1302"
                          CONTENT="Larm,"/>
                  <SP HEIGHT="191" WIDTH="69" VPOS="2227" HPOS="1924"/>
                  <String HEIGHT="191"
                          WIDTH="690"
                          VPOS="2227"
                          HPOS="1717"
                          CONTENT="boende"/>
                  <SP HEIGHT="191" WIDTH="69" VPOS="2227" HPOS="2407"/>
                  <String HEIGHT="191"
                          WIDTH="207"
                          VPOS="2227"
                          HPOS="2131"
                          CONTENT="i"/>
               </TextLine>
               <TextLine ID="r2l29"
                         BASELINE="524,2472 610,2470 697,2469 783,2465 870,2462 956,2458 1043,2454 1129,2450 1216,2446 1302,2440 1389,2434 1475,2430 1562,2425 1648,2419 1735,2413 1821,2408 1908,2402 1994,2397 2081,2390 2167,2386 2254,2380"
                         HEIGHT="227"
                         WIDTH="1756"
                         VPOS="2309"
                         HPOS="510">
                  <String HEIGHT="227"
                          WIDTH="494"
                          VPOS="2309"
                          HPOS="455"
                          CONTENT="huset"/>
                  <SP HEIGHT="227" WIDTH="55" VPOS="2309" HPOS="949"/>
                  <String HEIGHT="227"
                          WIDTH="329"
                          VPOS="2309"
                          HPOS="784"
                          CONTENT="No"/>
                  <SP HEIGHT="227" WIDTH="55" VPOS="2309" HPOS="1114"/>
                  <String HEIGHT="227"
                          WIDTH="329"
                          VPOS="2309"
                          HPOS="949"
                          CONTENT="16"/>
                  <SP HEIGHT="227" WIDTH="55" VPOS="2309" HPOS="1278"/>
                  <String HEIGHT="227"
                          WIDTH="329"
                          VPOS="2309"
                          HPOS="1114"
                          CONTENT="af"/>
                  <SP HEIGHT="227" WIDTH="55" VPOS="2309" HPOS="1443"/>
                  <String HEIGHT="227"
                          WIDTH="604"
                          VPOS="2309"
                          HPOS="1278"
                          CONTENT="Stadens"/>
                  <SP HEIGHT="227" WIDTH="55" VPOS="2309" HPOS="1882"/>
                  <String HEIGHT="227"
                          WIDTH="439"
                          VPOS="2309"
                          HPOS="1717"
                          CONTENT="13de"/>
                  <SP HEIGHT="227" WIDTH="55" VPOS="2309" HPOS="2156"/>
                  <String HEIGHT="227"
                          WIDTH="329"
                          VPOS="2309"
                          HPOS="1937"
                          CONTENT="Rote"/>
               </TextLine>
               <TextLine ID="r2l30"
                         BASELINE="548,2572 638,2569 729,2566 820,2563 911,2560 1002,2555 1093,2551 1184,2546 1275,2542 1366,2537 1457,2531 1547,2526 1638,2520 1729,2514 1820,2510 1911,2503 2002,2497 2093,2492 2184,2485 2275,2479 2366,2474"
                         HEIGHT="229"
                         WIDTH="1845"
                         VPOS="2396"
                         HPOS="534">
                  <String HEIGHT="229"
                          WIDTH="431"
                          VPOS="2396"
                          HPOS="473"
                          CONTENT="har"/>
                  <SP HEIGHT="229" WIDTH="62" VPOS="2396" HPOS="903"/>
                  <String HEIGHT="229"
                          WIDTH="677"
                          VPOS="2396"
                          HPOS="719"
                          CONTENT="blifvit"/>
                  <SP HEIGHT="229" WIDTH="62" VPOS="2396" HPOS="1395"/>
                  <String HEIGHT="229"
                          WIDTH="492"
                          VPOS="2396"
                          HPOS="1211"
                          CONTENT="hörd"/>
                  <SP HEIGHT="229" WIDTH="62" VPOS="2396" HPOS="1703"/>
                  <String HEIGHT="229"
                          WIDTH="431"
                          VPOS="2396"
                          HPOS="1518"
                          CONTENT="och"/>
                  <SP HEIGHT="229" WIDTH="62" VPOS="2396" HPOS="1949"/>
                  <String HEIGHT="229"
                          WIDTH="677"
                          VPOS="2396"
                          HPOS="1703"
                          CONTENT="uppgifvit"/>
               </TextLine>
               <TextLine ID="r2l31"
                         BASELINE="540,2668 629,2666 719,2663 809,2660 899,2658 989,2654 1079,2650 1169,2646 1259,2642 1349,2638 1439,2633 1528,2628 1618,2622 1708,2618 1798,2614 1888,2608 1978,2603 2068,2599 2158,2594 2248,2590 2338,2586"
                         HEIGHT="158"
                         WIDTH="1823"
                         VPOS="2527"
                         HPOS="528">
                  <String HEIGHT="158"
                          WIDTH="425"
                          VPOS="2527"
                          HPOS="467"
                          CONTENT="att"/>
                  <SP HEIGHT="158" WIDTH="61" VPOS="2527" HPOS="893"/>
                  <String HEIGHT="158"
                          WIDTH="608"
                          VPOS="2527"
                          HPOS="710"
                          CONTENT="hennes"/>
                  <SP HEIGHT="158" WIDTH="61" VPOS="2527" HPOS="1318"/>
                  <String HEIGHT="158"
                          WIDTH="425"
                          VPOS="2527"
                          HPOS="1136"
                          CONTENT="man"/>
                  <SP HEIGHT="158" WIDTH="61" VPOS="2527" HPOS="1561"/>
                  <String HEIGHT="158"
                          WIDTH="547"
                          VPOS="2527"
                          HPOS="1379"
                          CONTENT="Johan"/>
                  <SP HEIGHT="158" WIDTH="61" VPOS="2527" HPOS="1926"/>
                  <String HEIGHT="158"
                          WIDTH="547"
                          VPOS="2527"
                          HPOS="1743"
                          CONTENT="Larm,"/>
                  <SP HEIGHT="158" WIDTH="61" VPOS="2527" HPOS="2290"/>
                  <String HEIGHT="158"
                          WIDTH="304"
                          VPOS="2527"
                          HPOS="2047"
                          CONTENT="som"/>
               </TextLine>
               <TextLine ID="r2l32"
                         BASELINE="522,2766 610,2763 698,2759 787,2755 875,2750 964,2748 1052,2743 1140,2739 1229,2736 1317,2732 1406,2728 1494,2724 1582,2721 1671,2716 1759,2713 1848,2710 1936,2706 2024,2702 2113,2698 2201,2695 2290,2692"
                         HEIGHT="179"
                         WIDTH="1793"
                         VPOS="2605"
                         HPOS="509">
                  <String HEIGHT="179"
                          WIDTH="521"
                          VPOS="2605"
                          HPOS="451"
                          CONTENT="varit"/>
                  <SP HEIGHT="179" WIDTH="58" VPOS="2605" HPOS="972"/>
                  <String HEIGHT="179"
                          WIDTH="463"
                          VPOS="2605"
                          HPOS="798"
                          CONTENT="född"/>
                  <SP HEIGHT="179" WIDTH="58" VPOS="2605" HPOS="1261"/>
                  <String HEIGHT="179"
                          WIDTH="347"
                          VPOS="2605"
                          HPOS="1087"
                          CONTENT="år"/>
                  <SP HEIGHT="179" WIDTH="58" VPOS="2605" HPOS="1434"/>
                  <String HEIGHT="179"
                          WIDTH="521"
                          VPOS="2605"
                          HPOS="1261"
                          CONTENT="1822,"/>
                  <SP HEIGHT="179" WIDTH="58" VPOS="2605" HPOS="1781"/>
                  <String HEIGHT="179"
                          WIDTH="521"
                          VPOS="2605"
                          HPOS="1608"
                          CONTENT="varit"/>
                  <SP HEIGHT="179" WIDTH="58" VPOS="2605" HPOS="2128"/>
                  <String HEIGHT="179"
                          WIDTH="405"
                          VPOS="2605"
                          HPOS="1897"
                          CONTENT="enögd"/>
               </TextLine>
               <TextLine ID="r2l33"
                         BASELINE="530,2868 618,2864 707,2862 795,2857 884,2853 973,2848 1061,2843 1150,2838 1238,2833 1327,2827 1416,2822 1504,2816 1593,2812 1681,2806 1770,2802 1859,2796 1947,2793 2036,2789 2124,2786 2213,2784 2302,2782"
                         HEIGHT="187"
                         WIDTH="1797"
                         VPOS="2719"
                         HPOS="517">
                  <String HEIGHT="187" WIDTH="300" VPOS="2719" HPOS="457" CONTENT="i"/>
                  <SP HEIGHT="187" WIDTH="60" VPOS="2719" HPOS="757"/>
                  <String HEIGHT="187"
                          WIDTH="419"
                          VPOS="2719"
                          HPOS="577"
                          CONTENT="det"/>
                  <SP HEIGHT="187" WIDTH="60" VPOS="2719" HPOS="996"/>
                  <String HEIGHT="187"
                          WIDTH="419"
                          VPOS="2719"
                          HPOS="817"
                          CONTENT="han"/>
                  <SP HEIGHT="187" WIDTH="60" VPOS="2719" HPOS="1236"/>
                  <String HEIGHT="187"
                          WIDTH="599"
                          VPOS="2719"
                          HPOS="1056"
                          CONTENT="saknat"/>
                  <SP HEIGHT="187" WIDTH="60" VPOS="2719" HPOS="1655"/>
                  <String HEIGHT="187"
                          WIDTH="659"
                          VPOS="2719"
                          HPOS="1475"
                          CONTENT="vänstra"/>
                  <SP HEIGHT="187" WIDTH="60" VPOS="2719" HPOS="2134"/>
                  <String HEIGHT="187"
                          WIDTH="419"
                          VPOS="2719"
                          HPOS="1895"
                          CONTENT="ögat;"/>
               </TextLine>
               <TextLine ID="r2l34"
                         BASELINE="540,2964 629,2962 718,2957 807,2953 897,2950 986,2944 1075,2940 1165,2935 1254,2930 1343,2925 1433,2920 1522,2916 1611,2910 1700,2905 1790,2900 1879,2896 1968,2892 2058,2888 2147,2885 2236,2882 2326,2878"
                         HEIGHT="202"
                         WIDTH="1812"
                         VPOS="2807"
                         HPOS="526">
                  <String HEIGHT="202"
                          WIDTH="470"
                          VPOS="2807"
                          HPOS="459"
                          CONTENT="att"/>
                  <SP HEIGHT="202" WIDTH="67" VPOS="2807" HPOS="929"/>
                  <String HEIGHT="202"
                          WIDTH="537"
                          VPOS="2807"
                          HPOS="727"
                          CONTENT="Larm"/>
                  <SP HEIGHT="202" WIDTH="67" VPOS="2807" HPOS="1264"/>
                  <String HEIGHT="202"
                          WIDTH="671"
                          VPOS="2807"
                          HPOS="1063"
                          CONTENT="lemnat"/>
                  <SP HEIGHT="202" WIDTH="67" VPOS="2807" HPOS="1734"/>
                  <String HEIGHT="202"
                          WIDTH="805"
                          VPOS="2807"
                          HPOS="1533"
                          CONTENT="Göteborg"/>
                  <SP HEIGHT="202" WIDTH="67" VPOS="2807" HPOS="2338"/>
                  <String HEIGHT="202"
                          WIDTH="268"
                          VPOS="2807"
                          HPOS="2070"
                          CONTENT="år"/>
               </TextLine>
               <TextLine ID="r2l35"
                         BASELINE="528,3070 613,3066 699,3060 784,3056 870,3052 955,3047 1041,3043 1126,3038 1212,3036 1297,3030 1383,3026 1468,3022 1554,3017 1639,3012 1725,3008 1810,3002 1896,2996 1981,2990 2067,2983 2152,2977 2238,2968"
                         HEIGHT="231"
                         WIDTH="1732"
                         VPOS="2896"
                         HPOS="514">
                  <String HEIGHT="231"
                          WIDTH="520"
                          VPOS="2896"
                          HPOS="456"
                          CONTENT="1863;"/>
                  <SP HEIGHT="231" WIDTH="58" VPOS="2896" HPOS="976"/>
                  <String HEIGHT="231"
                          WIDTH="520"
                          VPOS="2896"
                          HPOS="803"
                          CONTENT="efter"/>
                  <SP HEIGHT="231" WIDTH="58" VPOS="2896" HPOS="1322"/>
                  <String HEIGHT="231"
                          WIDTH="635"
                          VPOS="2896"
                          HPOS="1149"
                          CONTENT="hvilken"/>
                  <SP HEIGHT="231" WIDTH="58" VPOS="2896" HPOS="1784"/>
                  <String HEIGHT="231"
                          WIDTH="404"
                          VPOS="2896"
                          HPOS="1611"
                          CONTENT="tid"/>
                  <SP HEIGHT="231" WIDTH="58" VPOS="2896" HPOS="2015"/>
                  <String HEIGHT="231"
                          WIDTH="404"
                          VPOS="2896"
                          HPOS="1842"
                          CONTENT="hon"/>
                  <SP HEIGHT="231" WIDTH="58" VPOS="2896" HPOS="2246"/>
                  <String HEIGHT="231"
                          WIDTH="231"
                          VPOS="2896"
                          HPOS="2015"
                          CONTENT="ej"/>
               </TextLine>
               <TextLine ID="r2l36"
                         BASELINE="534,3176 625,3173 717,3170 809,3166 901,3162 993,3158 1084,3153 1176,3147 1268,3143 1360,3138 1452,3132 1543,3126 1635,3120 1727,3114 1819,3110 1911,3105 2002,3100 2094,3095 2186,3090 2278,3086 2370,3082"
                         HEIGHT="208"
                         WIDTH="1864"
                         VPOS="3009"
                         HPOS="520">
                  <String HEIGHT="208"
                          WIDTH="678"
                          VPOS="3009"
                          HPOS="464"
                          CONTENT="återsett"/>
                  <SP HEIGHT="208" WIDTH="56" VPOS="3009" HPOS="1141"/>
                  <String HEIGHT="208"
                          WIDTH="565"
                          VPOS="3009"
                          HPOS="972"
                          CONTENT="honom;"/>
                  <SP HEIGHT="208" WIDTH="56" VPOS="3009" HPOS="1537"/>
                  <String HEIGHT="208"
                          WIDTH="395"
                          VPOS="3009"
                          HPOS="1367"
                          CONTENT="att"/>
                  <SP HEIGHT="208" WIDTH="56" VPOS="3009" HPOS="1763"/>
                  <String HEIGHT="208"
                          WIDTH="395"
                          VPOS="3009"
                          HPOS="1593"
                          CONTENT="han"/>
                  <SP HEIGHT="208" WIDTH="56" VPOS="3009" HPOS="1989"/>
                  <String HEIGHT="208"
                          WIDTH="339"
                          VPOS="3009"
                          HPOS="1819"
                          CONTENT="de"/>
                  <SP HEIGHT="208" WIDTH="56" VPOS="3009" HPOS="2158"/>
                  <String HEIGHT="208"
                          WIDTH="452"
                          VPOS="3009"
                          HPOS="1932"
                          CONTENT="första"/>
               </TextLine>
               <TextLine ID="r2l37"
                         BASELINE="540,3288 626,3280 713,3275 799,3270 886,3264 972,3258 1059,3254 1145,3249 1232,3245 1318,3242 1405,3238 1491,3234 1578,3231 1664,3227 1751,3224 1837,3219 1924,3216 2010,3212 2097,3206 2183,3201 2270,3196"
                         HEIGHT="210"
                         WIDTH="1759"
                         VPOS="3116"
                         HPOS="525">
                  <String HEIGHT="210"
                          WIDTH="485"
                          VPOS="3116"
                          HPOS="464"
                          CONTENT="åren"/>
                  <SP HEIGHT="210" WIDTH="61" VPOS="3116" HPOS="950"/>
                  <String HEIGHT="210"
                          WIDTH="364"
                          VPOS="3116"
                          HPOS="768"
                          CONTENT="af"/>
                  <SP HEIGHT="210" WIDTH="61" VPOS="3116" HPOS="1132"/>
                  <String HEIGHT="210"
                          WIDTH="425"
                          VPOS="3116"
                          HPOS="950"
                          CONTENT="sin"/>
                  <SP HEIGHT="210" WIDTH="61" VPOS="3116" HPOS="1374"/>
                  <String HEIGHT="210"
                          WIDTH="849"
                          VPOS="3116"
                          HPOS="1192"
                          CONTENT="bortavaro,"/>
                  <SP HEIGHT="210" WIDTH="61" VPOS="3116" HPOS="2041"/>
                  <String HEIGHT="210"
                          WIDTH="364"
                          VPOS="3116"
                          HPOS="1859"
                          CONTENT="då"/>
                  <SP HEIGHT="210" WIDTH="61" VPOS="3116" HPOS="2223"/>
                  <String HEIGHT="210"
                          WIDTH="303"
                          VPOS="3116"
                          HPOS="1981"
                          CONTENT="han"/>
               </TextLine>
               <TextLine ID="r2l38"
                         BASELINE="548,3390 635,3385 722,3378 809,3374 896,3368 983,3364 1070,3359 1157,3354 1244,3349 1331,3344 1419,3340 1506,3335 1593,3330 1680,3327 1767,3322 1854,3318 1941,3314 2028,3309 2115,3306 2202,3302 2290,3298"
                         HEIGHT="211"
                         WIDTH="1771"
                         VPOS="3237"
                         HPOS="533">
                  <String HEIGHT="211"
                          WIDTH="649"
                          VPOS="3237"
                          HPOS="474"
                          CONTENT="arbetat"/>
                  <SP HEIGHT="211" WIDTH="59" VPOS="3237" HPOS="1123"/>
                  <String HEIGHT="211"
                          WIDTH="413"
                          VPOS="3237"
                          HPOS="946"
                          CONTENT="vid"/>
                  <SP HEIGHT="211" WIDTH="59" VPOS="3237" HPOS="1359"/>
                  <String HEIGHT="211"
                          WIDTH="531"
                          VPOS="3237"
                          HPOS="1182"
                          CONTENT="olika"/>
                  <SP HEIGHT="211" WIDTH="59" VPOS="3237" HPOS="1714"/>
                  <String HEIGHT="211"
                          WIDTH="826"
                          VPOS="3237"
                          HPOS="1537"
                          CONTENT="brädgårdar"/>
                  <SP HEIGHT="211" WIDTH="59" VPOS="3237" HPOS="2363"/>
                  <String HEIGHT="211"
                          WIDTH="177"
                          VPOS="3237"
                          HPOS="2127"
                          CONTENT="i"/>
               </TextLine>
               <TextLine ID="r2l39"
                         BASELINE="524,3488 613,3484 703,3482 792,3478 882,3474 971,3470 1061,3466 1150,3462 1240,3458 1329,3454 1419,3448 1508,3444 1598,3439 1687,3435 1777,3430 1866,3426 1956,3420 2045,3416 2135,3412 2224,3407 2314,3402"
                         HEIGHT="208"
                         WIDTH="1811"
                         VPOS="3329"
                         HPOS="511">
                  <String HEIGHT="208"
                          WIDTH="805"
                          VPOS="3329"
                          HPOS="444"
                          CONTENT="Norrland"/>
                  <SP HEIGHT="208" WIDTH="67" VPOS="3329" HPOS="1249"/>
                  <String HEIGHT="208"
                          WIDTH="1073"
                          VPOS="3329"
                          HPOS="1048"
                          CONTENT="understundom"/>
                  <SP HEIGHT="208" WIDTH="67" VPOS="3329" HPOS="2121"/>
                  <String HEIGHT="208"
                          WIDTH="470"
                          VPOS="3329"
                          HPOS="1852"
                          CONTENT="till¬"
                          SUBS_TYPE="HypPart1"
                          SUBS_CONTENT="tillskrifvit"/>
                  <HYP CONTENT="-"/>
               </TextLine>
               <TextLine ID="r2l40"
                         BASELINE="510,3584 601,3578 693,3574 785,3569 877,3564 969,3559 1060,3554 1152,3550 1244,3544 1336,3538 1428,3533 1519,3529 1611,3524 1703,3518 1795,3512 1887,3509 1978,3504 2070,3498 2162,3494 2254,3489 2346,3484"
                         HEIGHT="231"
                         WIDTH="1864"
                         VPOS="3413"
                         HPOS="495">
                  <String HEIGHT="231"
                          WIDTH="799"
                          VPOS="3413"
                          HPOS="428"
                          CONTENT="skrifvit"
                          SUBS_TYPE="HypPart2"
                          SUBS_CONTENT="tillskrifvit"/>
                  <SP HEIGHT="231" WIDTH="67" VPOS="3413" HPOS="1227"/>
                  <String HEIGHT="231"
                          WIDTH="666"
                          VPOS="3413"
                          HPOS="1028"
                          CONTENT="henne,"/>
                  <SP HEIGHT="231" WIDTH="67" VPOS="3413" HPOS="1693"/>
                  <String HEIGHT="231"
                          WIDTH="466"
                          VPOS="3413"
                          HPOS="1494"
                          CONTENT="men"/>
                  <SP HEIGHT="231" WIDTH="67" VPOS="3413" HPOS="1960"/>
                  <String HEIGHT="231"
                          WIDTH="666"
                          VPOS="3413"
                          HPOS="1693"
                          CONTENT="derefter"/>
               </TextLine>
               <TextLine ID="r2l41"
                         BASELINE="558,3684 645,3681 732,3678 820,3673 907,3668 995,3664 1082,3658 1169,3653 1257,3649 1344,3643 1432,3637 1519,3632 1606,3625 1694,3620 1781,3616 1869,3609 1956,3605 2043,3599 2131,3594 2218,3588 2306,3584"
                         HEIGHT="225"
                         WIDTH="1777"
                         VPOS="3510"
                         HPOS="545">
                  <String HEIGHT="225"
                          WIDTH="551"
                          VPOS="3510"
                          HPOS="484"
                          CONTENT="under"/>
                  <SP HEIGHT="225" WIDTH="61" VPOS="3510" HPOS="1035"/>
                  <String HEIGHT="225"
                          WIDTH="551"
                          VPOS="3510"
                          HPOS="851"
                          CONTENT="några"/>
                  <SP HEIGHT="225" WIDTH="61" VPOS="3510" HPOS="1403"/>
                  <String HEIGHT="225"
                          WIDTH="368"
                          VPOS="3510"
                          HPOS="1219"
                          CONTENT="år"/>
                  <SP HEIGHT="225" WIDTH="61" VPOS="3510" HPOS="1587"/>
                  <String HEIGHT="225"
                          WIDTH="490"
                          VPOS="3510"
                          HPOS="1403"
                          CONTENT="icke"/>
                  <SP HEIGHT="225" WIDTH="61" VPOS="3510" HPOS="1893"/>
                  <String HEIGHT="225"
                          WIDTH="551"
                          VPOS="3510"
                          HPOS="1709"
                          CONTENT="låtit"/>
                  <SP HEIGHT="225" WIDTH="61" VPOS="3510" HPOS="2261"/>
                  <String HEIGHT="225"
                          WIDTH="306"
                          VPOS="3510"
                          HPOS="2016"
                          CONTENT="sig"/>
               </TextLine>
            </TextBlock>
            <TextBlock ID="TextRegion_1584527885098_1536"
                       HEIGHT="3123"
                       WIDTH="1876"
                       VPOS="288"
                       HPOS="2732">
               <Shape>
                  <Polygon POINTS="2732,288 4606,288 4608,3363 2732,3411"/>
               </Shape>
               <TextLine ID="r3l1"
                         BASELINE="2764,384 2854,384 2945,382 3036,380 3127,376 3218,374 3309,370 3400,364 3491,360 3582,357 3673,352 3763,348 3854,344 3945,340 4036,338 4127,335 4218,334 4309,332 4400,333 4491,334 4582,336"
                         HEIGHT="217"
                         WIDTH="1839"
                         VPOS="242"
                         HPOS="2752">
                  <String HEIGHT="217"
                          WIDTH="562"
                          VPOS="242"
                          HPOS="2701"
                          CONTENT="afhöra;"/>
                  <SP HEIGHT="217" WIDTH="51" VPOS="242" HPOS="3263"/>
                  <String HEIGHT="217"
                          WIDTH="358"
                          VPOS="242"
                          HPOS="3110"
                          CONTENT="att"/>
                  <SP HEIGHT="217" WIDTH="51" VPOS="242" HPOS="3467"/>
                  <String HEIGHT="217"
                          WIDTH="358"
                          VPOS="242"
                          HPOS="3314"
                          CONTENT="för"/>
                  <SP HEIGHT="217" WIDTH="51" VPOS="242" HPOS="3672"/>
                  <String HEIGHT="217"
                          WIDTH="307"
                          VPOS="242"
                          HPOS="3518"
                          CONTENT="11"/>
                  <SP HEIGHT="217" WIDTH="51" VPOS="242" HPOS="3825"/>
                  <String HEIGHT="217"
                          WIDTH="307"
                          VPOS="242"
                          HPOS="3672"
                          CONTENT="år"/>
                  <SP HEIGHT="217" WIDTH="51" VPOS="242" HPOS="3978"/>
                  <String HEIGHT="217"
                          WIDTH="460"
                          VPOS="242"
                          HPOS="3825"
                          CONTENT="sedan"/>
                  <SP HEIGHT="217" WIDTH="51" VPOS="242" HPOS="4285"/>
                  <String HEIGHT="217"
                          WIDTH="511"
                          VPOS="242"
                          HPOS="4080"
                          CONTENT="makarnas"/>
               </TextLine>
               <TextLine ID="r3l2"
                         BASELINE="2748,498 2835,494 2922,490 3009,486 3096,482 3183,478 3270,473 3357,470 3444,466 3531,461 3619,458 3706,454 3793,450 3880,448 3967,444 4054,440 4141,436 4228,434 4315,430 4402,428 4490,424"
                         HEIGHT="206"
                         WIDTH="1768"
                         VPOS="343"
                         HPOS="2735">
                  <String HEIGHT="206"
                          WIDTH="442"
                          VPOS="343"
                          HPOS="2672"
                          CONTENT="son"/>
                  <SP HEIGHT="206" WIDTH="63" VPOS="343" HPOS="3114"/>
                  <String HEIGHT="206"
                          WIDTH="631"
                          VPOS="343"
                          HPOS="2924"
                          CONTENT="Ludvig"/>
                  <SP HEIGHT="206" WIDTH="63" VPOS="343" HPOS="3556"/>
                  <String HEIGHT="206"
                          WIDTH="505"
                          VPOS="343"
                          HPOS="3366"
                          CONTENT="Larm"/>
                  <SP HEIGHT="206" WIDTH="63" VPOS="343" HPOS="3872"/>
                  <String HEIGHT="206" WIDTH="316" VPOS="343" HPOS="3682" CONTENT="i"/>
                  <SP HEIGHT="206" WIDTH="63" VPOS="343" HPOS="3998"/>
                  <String HEIGHT="206"
                          WIDTH="758"
                          VPOS="343"
                          HPOS="3745"
                          CONTENT="Norrköping"/>
               </TextLine>
               <TextLine ID="r3l3"
                         BASELINE="2752,604 2840,601 2929,596 3017,592 3106,588 3194,584 3283,580 3371,574 3460,570 3548,566 3637,561 3725,556 3814,551 3902,548 3991,543 4079,538 4168,534 4256,530 4345,528 4433,524 4522,522"
                         HEIGHT="208"
                         WIDTH="1795"
                         VPOS="462"
                         HPOS="2740">
                  <String HEIGHT="208"
                          WIDTH="838"
                          VPOS="462"
                          HPOS="2680"
                          CONTENT="oförmodadt"/>
                  <SP HEIGHT="208" WIDTH="60" VPOS="462" HPOS="3518"/>
                  <String HEIGHT="208"
                          WIDTH="658"
                          VPOS="462"
                          HPOS="3338"
                          CONTENT="träffat"/>
                  <SP HEIGHT="208" WIDTH="60" VPOS="462" HPOS="3997"/>
                  <String HEIGHT="208"
                          WIDTH="658"
                          VPOS="462"
                          HPOS="3817"
                          CONTENT="fadren,"/>
                  <SP HEIGHT="208" WIDTH="60" VPOS="462" HPOS="4475"/>
                  <String HEIGHT="208"
                          WIDTH="299"
                          VPOS="462"
                          HPOS="4236"
                          CONTENT="som"/>
               </TextLine>
               <TextLine ID="line_1584527842456_1475"
                         BASELINE="2746,698 2798,698 2850,697 2902,696 2954,695 3006,692 3058,692 3110,690 3162,686 3214,684 3266,682 3318,680 3370,677 3422,674 3474,672 3526,669 3578,666 3630,664 3682,663 3734,660 3786,658 3810,656 3847,658 3884,656 3922,656 3959,653 3997,651 4034,647 4071,644 4109,639 4146,635 4184,631 4221,627 4258,626 4296,622 4333,622 4371,622 4408,622 4445,624 4483,628 4520,634 4558,642"
                         HEIGHT="154"
                         WIDTH="1839"
                         VPOS="558"
                         HPOS="2733">
                  <String HEIGHT="154"
                          WIDTH="368"
                          VPOS="558"
                          HPOS="2672"
                          CONTENT="då"/>
                  <SP HEIGHT="154" WIDTH="61" VPOS="558" HPOS="3040"/>
                  <String HEIGHT="154"
                          WIDTH="797"
                          VPOS="558"
                          HPOS="2856"
                          CONTENT="vanndrade"/>
                  <SP HEIGHT="154" WIDTH="61" VPOS="558" HPOS="3653"/>
                  <String HEIGHT="154"
                          WIDTH="674"
                          VPOS="558"
                          HPOS="3469"
                          CONTENT="omkring"/>
                  <SP HEIGHT="154" WIDTH="61" VPOS="558" HPOS="4143"/>
                  <String HEIGHT="154"
                          WIDTH="429"
                          VPOS="558"
                          HPOS="3959"
                          CONTENT="med"/>
                  <SP HEIGHT="154" WIDTH="61" VPOS="558" HPOS="4388"/>
                  <String HEIGHT="154"
                          WIDTH="429"
                          VPOS="558"
                          HPOS="4143"
                          CONTENT="någon"/>
               </TextLine>
               <TextLine ID="r3l6"
                         BASELINE="2758,802 2846,800 2934,800 3023,798 3111,794 3200,791 3288,786 3376,781 3465,775 3553,770 3642,765 3730,758 3818,754 3907,749 3995,743 4084,739 4172,735 4260,732 4349,730 4437,728 4526,728"
                         HEIGHT="161"
                         WIDTH="1793"
                         VPOS="653"
                         HPOS="2745">
                  <String HEIGHT="161"
                          WIDTH="657"
                          VPOS="653"
                          HPOS="2685"
                          CONTENT="handel;"/>
                  <SP HEIGHT="161" WIDTH="60" VPOS="653" HPOS="3343"/>
                  <String HEIGHT="161"
                          WIDTH="418"
                          VPOS="653"
                          HPOS="3163"
                          CONTENT="att"/>
                  <SP HEIGHT="161" WIDTH="60" VPOS="653" HPOS="3582"/>
                  <String HEIGHT="161"
                          WIDTH="418"
                          VPOS="653"
                          HPOS="3402"
                          CONTENT="två"/>
                  <SP HEIGHT="161" WIDTH="60" VPOS="653" HPOS="3821"/>
                  <String HEIGHT="161"
                          WIDTH="359"
                          VPOS="653"
                          HPOS="3642"
                          CONTENT="år"/>
                  <SP HEIGHT="161" WIDTH="60" VPOS="653" HPOS="4000"/>
                  <String HEIGHT="161"
                          WIDTH="717"
                          VPOS="653"
                          HPOS="3821"
                          CONTENT="derefter"/>
                  <SP HEIGHT="161" WIDTH="60" VPOS="653" HPOS="4538"/>
                  <String HEIGHT="161"
                          WIDTH="239"
                          VPOS="653"
                          HPOS="4299"
                          CONTENT="en"/>
               </TextLine>
               <TextLine ID="r3l7"
                         BASELINE="2762,908 2851,904 2940,901 3029,898 3118,892 3208,889 3297,884 3386,880 3475,874 3564,870 3654,864 3743,858 3832,854 3921,850 4010,844 4100,840 4189,836 4278,831 4367,826 4456,823 4546,820"
                         HEIGHT="209"
                         WIDTH="1812"
                         VPOS="742"
                         HPOS="2747">
                  <String HEIGHT="209"
                          WIDTH="585"
                          VPOS="742"
                          HPOS="2689"
                          CONTENT="person"/>
                  <SP HEIGHT="209" WIDTH="58" VPOS="742" HPOS="3273"/>
                  <String HEIGHT="209"
                          WIDTH="526"
                          VPOS="742"
                          HPOS="3098"
                          CONTENT="ifrån"/>
                  <SP HEIGHT="209" WIDTH="58" VPOS="742" HPOS="3624"/>
                  <String HEIGHT="209"
                          WIDTH="760"
                          VPOS="742"
                          HPOS="3448"
                          CONTENT="Göteborg;"/>
                  <SP HEIGHT="209" WIDTH="58" VPOS="742" HPOS="4208"/>
                  <String HEIGHT="209"
                          WIDTH="585"
                          VPOS="742"
                          HPOS="3974"
                          CONTENT="hvilkens"/>
               </TextLine>
               <TextLine ID="line_1589726414276_1455"
                         BASELINE="3288,988 3374,985 3462,980 3551,974 3640,970 3728,965 3817,959 3905,954 3994,948 4083,943 4171,936 4260,932 4348,927 4437,921 4526,916"
                         HEIGHT="145"
                         WIDTH="1247"
                         VPOS="847"
                         HPOS="3288">
                  <String HEIGHT="145"
                          WIDTH="459"
                          VPOS="847"
                          HPOS="3222"
                          CONTENT="hon"/>
                  <SP HEIGHT="145" WIDTH="66" VPOS="847" HPOS="3682"/>
                  <String HEIGHT="145"
                          WIDTH="394"
                          VPOS="847"
                          HPOS="3485"
                          CONTENT="nu"/>
                  <SP HEIGHT="145" WIDTH="66" VPOS="847" HPOS="3879"/>
                  <String HEIGHT="145"
                          WIDTH="525"
                          VPOS="847"
                          HPOS="3682"
                          CONTENT="icke"/>
                  <SP HEIGHT="145" WIDTH="66" VPOS="847" HPOS="4207"/>
                  <String HEIGHT="145"
                          WIDTH="591"
                          VPOS="847"
                          HPOS="3944"
                          CONTENT="erinrar"/>
               </TextLine>
               <TextLine ID="r3l9"
                         BASELINE="2748,1110 2836,1110 2925,1107 3014,1104 3102,1100 3191,1096 3280,1092 3368,1087 3457,1082 3546,1076 3635,1070 3723,1063 3812,1057 3901,1050 3989,1045 4078,1038 4167,1033 4255,1028 4344,1024 4433,1020 4522,1018"
                         HEIGHT="225"
                         WIDTH="1801"
                         VPOS="935"
                         HPOS="2734">
                  <String HEIGHT="225"
                          WIDTH="465"
                          VPOS="935"
                          HPOS="2676"
                          CONTENT="sig,"/>
                  <SP HEIGHT="225" WIDTH="58" VPOS="935" HPOS="3141"/>
                  <String HEIGHT="225"
                          WIDTH="639"
                          VPOS="935"
                          HPOS="2966"
                          CONTENT="träffat"/>
                  <SP HEIGHT="225" WIDTH="58" VPOS="935" HPOS="3605"/>
                  <String HEIGHT="225"
                          WIDTH="523"
                          VPOS="935"
                          HPOS="3431"
                          CONTENT="Johan"/>
                  <SP HEIGHT="225" WIDTH="58" VPOS="935" HPOS="3954"/>
                  <String HEIGHT="225"
                          WIDTH="465"
                          VPOS="935"
                          HPOS="3780"
                          CONTENT="Larm"/>
                  <SP HEIGHT="225" WIDTH="58" VPOS="935" HPOS="4245"/>
                  <String HEIGHT="225" WIDTH="290" VPOS="935" HPOS="4070" CONTENT="i"/>
                  <SP HEIGHT="225" WIDTH="58" VPOS="935" HPOS="4361"/>
                  <String HEIGHT="225"
                          WIDTH="407"
                          VPOS="935"
                          HPOS="4128"
                          CONTENT="Gefle"/>
               </TextLine>
               <TextLine ID="r3l10"
                         BASELINE="2756,1228 2844,1226 2933,1224 3022,1220 3110,1215 3199,1210 3288,1203 3376,1197 3465,1192 3554,1185 3643,1179 3731,1171 3820,1164 3909,1158 3997,1152 4086,1145 4175,1140 4263,1134 4352,1128 4441,1124 4530,1122"
                         HEIGHT="190"
                         WIDTH="1799"
                         VPOS="1061"
                         HPOS="2740">
                  <String HEIGHT="190"
                          WIDTH="682"
                          VPOS="1061"
                          HPOS="2678"
                          CONTENT="hvarvid"/>
                  <SP HEIGHT="190" WIDTH="62" VPOS="1061" HPOS="3360"/>
                  <String HEIGHT="190"
                          WIDTH="434"
                          VPOS="1061"
                          HPOS="3174"
                          CONTENT="han"/>
                  <SP HEIGHT="190" WIDTH="62" VPOS="1061" HPOS="3608"/>
                  <String HEIGHT="190"
                          WIDTH="806"
                          VPOS="1061"
                          HPOS="3422"
                          CONTENT="fortfarit"/>
                  <SP HEIGHT="190" WIDTH="62" VPOS="1061" HPOS="4229"/>
                  <String HEIGHT="190"
                          WIDTH="434"
                          VPOS="1061"
                          HPOS="4043"
                          CONTENT="med"/>
                  <SP HEIGHT="190" WIDTH="62" VPOS="1061" HPOS="4477"/>
                  <String HEIGHT="190"
                          WIDTH="310"
                          VPOS="1061"
                          HPOS="4229"
                          CONTENT="sin"/>
               </TextLine>
               <TextLine ID="r3l11"
                         BASELINE="2748,1338 2837,1336 2927,1332 3016,1327 3106,1322 3195,1316 3285,1311 3374,1305 3464,1298 3553,1292 3643,1286 3732,1279 3822,1272 3911,1267 4001,1261 4090,1254 4180,1251 4269,1246 4359,1242 4448,1239 4538,1238"
                         HEIGHT="226"
                         WIDTH="1814"
                         VPOS="1165"
                         HPOS="2734">
                  <String HEIGHT="226"
                          WIDTH="688"
                          VPOS="1165"
                          HPOS="2671"
                          CONTENT="handel;"/>
                  <SP HEIGHT="226" WIDTH="63" VPOS="1165" HPOS="3360"/>
                  <String HEIGHT="226"
                          WIDTH="438"
                          VPOS="1165"
                          HPOS="3172"
                          CONTENT="att"/>
                  <SP HEIGHT="226" WIDTH="63" VPOS="1165" HPOS="3610"/>
                  <String HEIGHT="226"
                          WIDTH="438"
                          VPOS="1165"
                          HPOS="3422"
                          CONTENT="hon"/>
                  <SP HEIGHT="226" WIDTH="63" VPOS="1165" HPOS="3860"/>
                  <String HEIGHT="226"
                          WIDTH="751"
                          VPOS="1165"
                          HPOS="3672"
                          CONTENT="derefter"/>
                  <SP HEIGHT="226" WIDTH="63" VPOS="1165" HPOS="4423"/>
                  <String HEIGHT="226"
                          WIDTH="375"
                          VPOS="1165"
                          HPOS="4173"
                          CONTENT="icke"/>
               </TextLine>
               <TextLine ID="r3l12"
                         BASELINE="2744,1444 2835,1441 2926,1438 3017,1436 3109,1431 3200,1428 3291,1422 3383,1415 3474,1410 3565,1405 3657,1398 3748,1392 3839,1385 3930,1379 4022,1374 4113,1366 4204,1362 4296,1357 4387,1351 4478,1348 4570,1344"
                         HEIGHT="223"
                         WIDTH="1853"
                         VPOS="1235"
                         HPOS="2730">
                  <String HEIGHT="223"
                          WIDTH="529"
                          VPOS="1235"
                          HPOS="2664"
                          CONTENT="hört"/>
                  <SP HEIGHT="223" WIDTH="66" VPOS="1235" HPOS="3193"/>
                  <String HEIGHT="223"
                          WIDTH="596"
                          VPOS="1235"
                          HPOS="2995"
                          CONTENT="talas"/>
                  <SP HEIGHT="223" WIDTH="66" VPOS="1235" HPOS="3590"/>
                  <String HEIGHT="223"
                          WIDTH="397"
                          VPOS="1235"
                          HPOS="3392"
                          CONTENT="om"/>
                  <SP HEIGHT="223" WIDTH="66" VPOS="1235" HPOS="3789"/>
                  <String HEIGHT="223"
                          WIDTH="463"
                          VPOS="1235"
                          HPOS="3590"
                          CONTENT="sin"/>
                  <SP HEIGHT="223" WIDTH="66" VPOS="1235" HPOS="4054"/>
                  <String HEIGHT="223"
                          WIDTH="463"
                          VPOS="1235"
                          HPOS="3855"
                          CONTENT="man"/>
                  <SP HEIGHT="223" WIDTH="66" VPOS="1235" HPOS="4318"/>
                  <String HEIGHT="223"
                          WIDTH="529"
                          VPOS="1235"
                          HPOS="4054"
                          CONTENT="förrän"/>
               </TextLine>
               <TextLine ID="r3l13"
                         BASELINE="2752,1556 2843,1552 2934,1549 3025,1546 3116,1540 3207,1536 3298,1529 3389,1523 3480,1516 3571,1510 3663,1504 3754,1497 3845,1490 3936,1483 4027,1476 4118,1470 4209,1464 4300,1459 4391,1454 4482,1449 4574,1444"
                         HEIGHT="228"
                         WIDTH="1849"
                         VPOS="1371"
                         HPOS="2736">
                  <String HEIGHT="228"
                          WIDTH="308"
                          VPOS="1371"
                          HPOS="2674"
                          CONTENT="i"/>
                  <SP HEIGHT="228" WIDTH="62" VPOS="1371" HPOS="2983"/>
                  <String HEIGHT="228"
                          WIDTH="616"
                          VPOS="1371"
                          HPOS="2798"
                          CONTENT="sistl."/>
                  <SP HEIGHT="228" WIDTH="62" VPOS="1371" HPOS="3414"/>
                  <String HEIGHT="228"
                          WIDTH="493"
                          VPOS="1371"
                          HPOS="3229"
                          CONTENT="Juli"/>
                  <SP HEIGHT="228" WIDTH="62" VPOS="1371" HPOS="3722"/>
                  <String HEIGHT="228"
                          WIDTH="616"
                          VPOS="1371"
                          HPOS="3537"
                          CONTENT="månad,"/>
                  <SP HEIGHT="228" WIDTH="62" VPOS="1371" HPOS="4154"/>
                  <String HEIGHT="228"
                          WIDTH="370"
                          VPOS="1371"
                          HPOS="3969"
                          CONTENT="då"/>
                  <SP HEIGHT="228" WIDTH="62" VPOS="1371" HPOS="4338"/>
                  <String HEIGHT="228"
                          WIDTH="493"
                          VPOS="1371"
                          HPOS="4092"
                          CONTENT="Pastor"/>
               </TextLine>
               <TextLine ID="line_1589726433127_1468"
                         BASELINE="2772,1664 2861,1662 2951,1658 3040,1655 3130,1649 3219,1643 3309,1636 3398,1629 3488,1621 3577,1614 3667,1608 3756,1600 3846,1592 3935,1587 4025,1580 4114,1574 4204,1570 4293,1568 4294,1567"
                         HEIGHT="162"
                         WIDTH="1540"
                         VPOS="1531"
                         HPOS="2754">
                  <String HEIGHT="162"
                          WIDTH="803"
                          VPOS="1531"
                          HPOS="2687"
                          CONTENT="Lönegren"/>
                  <SP HEIGHT="162" WIDTH="67" VPOS="1531" HPOS="3491"/>
                  <String HEIGHT="162"
                          WIDTH="469"
                          VPOS="1531"
                          HPOS="3290"
                          CONTENT="vid"/>
                  <SP HEIGHT="162" WIDTH="67" VPOS="1531" HPOS="3758"/>
                  <String HEIGHT="162"
                          WIDTH="803"
                          VPOS="1531"
                          HPOS="3491"
                          CONTENT="härvarande"/>
               </TextLine>
               <TextLine ID="r3l15"
                         BASELINE="2786,1720 2873,1728 2960,1734 3047,1738 3134,1740 3221,1740 3308,1740 3395,1737 3482,1733 3569,1729 3656,1725 3743,1718 3830,1711 3917,1704 4004,1697 4091,1691 4178,1684 4265,1678 4352,1671 4439,1666 4526,1662"
                         HEIGHT="209"
                         WIDTH="1768"
                         VPOS="1618"
                         HPOS="2771">
                  <String HEIGHT="209"
                          WIDTH="1280"
                          VPOS="1618"
                          HPOS="2710"
                          CONTENT="Kronhusförsamling"/>
                  <SP HEIGHT="209" WIDTH="61" VPOS="1618" HPOS="3990"/>
                  <String HEIGHT="209"
                          WIDTH="793"
                          VPOS="1618"
                          HPOS="3746"
                          CONTENT="underrättat"/>
               </TextLine>
               <TextLine ID="r3l16"
                         BASELINE="2740,1876 2828,1873 2917,1870 3006,1867 3095,1864 3184,1860 3273,1854 3362,1850 3451,1844 3540,1839 3629,1832 3717,1827 3806,1821 3895,1814 3984,1807 4073,1799 4162,1793 4251,1785 4340,1777 4429,1771 4518,1762"
                         HEIGHT="222"
                         WIDTH="1808"
                         VPOS="1683"
                         HPOS="2724">
                  <String HEIGHT="222"
                          WIDTH="651"
                          VPOS="1683"
                          HPOS="2652"
                          CONTENT="henne"/>
                  <SP HEIGHT="222" WIDTH="72" VPOS="1683" HPOS="3303"/>
                  <String HEIGHT="222"
                          WIDTH="506"
                          VPOS="1683"
                          HPOS="3086"
                          CONTENT="att"/>
                  <SP HEIGHT="222" WIDTH="72" VPOS="1683" HPOS="3592"/>
                  <String HEIGHT="222"
                          WIDTH="723"
                          VPOS="1683"
                          HPOS="3375"
                          CONTENT="mannen"/>
                  <SP HEIGHT="222" WIDTH="72" VPOS="1683" HPOS="4098"/>
                  <String HEIGHT="222"
                          WIDTH="723"
                          VPOS="1683"
                          HPOS="3809"
                          CONTENT="aflidit;"/>
               </TextLine>
               <TextLine ID="r3l17"
                         BASELINE="2762,1986 2853,1983 2944,1978 3035,1973 3126,1968 3217,1962 3308,1956 3399,1949 3490,1943 3581,1935 3672,1929 3763,1923 3854,1916 3945,1910 4036,1902 4127,1898 4218,1892 4309,1888 4400,1883 4491,1880 4582,1878"
                         HEIGHT="246"
                         WIDTH="1849"
                         VPOS="1798"
                         HPOS="2746">
                  <String HEIGHT="246"
                          WIDTH="446"
                          VPOS="1798"
                          HPOS="2682"
                          CONTENT="att"/>
                  <SP HEIGHT="246" WIDTH="64" VPOS="1798" HPOS="3129"/>
                  <String HEIGHT="246"
                          WIDTH="574"
                          VPOS="1798"
                          HPOS="2937"
                          CONTENT="Johan"/>
                  <SP HEIGHT="246" WIDTH="64" VPOS="1798" HPOS="3511"/>
                  <String HEIGHT="246"
                          WIDTH="510"
                          VPOS="1798"
                          HPOS="3320"
                          CONTENT="Larm"/>
                  <SP HEIGHT="246" WIDTH="64" VPOS="1798" HPOS="3830"/>
                  <String HEIGHT="246"
                          WIDTH="574"
                          VPOS="1798"
                          HPOS="3639"
                          CONTENT="jemte"/>
                  <SP HEIGHT="246" WIDTH="64" VPOS="1798" HPOS="4212"/>
                  <String HEIGHT="246"
                          WIDTH="638"
                          VPOS="1798"
                          HPOS="3957"
                          CONTENT="familjen"/>
               </TextLine>
               <TextLine ID="r3l18"
                         BASELINE="2774,2092 2865,2089 2956,2086 3048,2081 3139,2076 3231,2071 3322,2064 3413,2057 3505,2050 3596,2042 3688,2036 3779,2029 3870,2022 3962,2016 4053,2010 4145,2004 4236,2000 4327,1997 4419,1994 4510,1994 4602,1994"
                         HEIGHT="209"
                         WIDTH="1851"
                         VPOS="1917"
                         HPOS="2761">
                  <String HEIGHT="209"
                          WIDTH="830"
                          VPOS="1917"
                          HPOS="2697"
                          CONTENT="oafbrutet"/>
                  <SP HEIGHT="209" WIDTH="64" VPOS="1917" HPOS="3527"/>
                  <String HEIGHT="209"
                          WIDTH="574"
                          VPOS="1917"
                          HPOS="3335"
                          CONTENT="varit"/>
                  <SP HEIGHT="209" WIDTH="64" VPOS="1917" HPOS="3910"/>
                  <String HEIGHT="209"
                          WIDTH="957"
                          VPOS="1917"
                          HPOS="3655"
                          CONTENT="kyrkoskrifvne"/>
               </TextLine>
               <TextLine ID="r3l19"
                         BASELINE="2770,2184 2860,2175 2951,2167 3041,2160 3132,2152 3223,2147 3313,2142 3404,2139 3494,2135 3585,2132 3676,2130 3766,2126 3857,2124 3947,2121 4038,2118 4129,2116 4219,2111 4310,2107 4400,2101 4491,2095 4582,2088"
                         HEIGHT="191"
                         WIDTH="1841"
                         VPOS="2026"
                         HPOS="2755">
                  <String HEIGHT="191"
                          WIDTH="307"
                          VPOS="2026"
                          HPOS="2694"
                          CONTENT="i"/>
                  <SP HEIGHT="191" WIDTH="61" VPOS="2026" HPOS="3000"/>
                  <String HEIGHT="191"
                          WIDTH="1411"
                          VPOS="2026"
                          HPOS="2816"
                          CONTENT="Kronhus-församling,"/>
                  <SP HEIGHT="191" WIDTH="61" VPOS="2026" HPOS="4228"/>
                  <String HEIGHT="191"
                          WIDTH="614"
                          VPOS="2026"
                          HPOS="3982"
                          CONTENT="hvaremot"/>
               </TextLine>
               <TextLine ID="r3l20"
                         BASELINE="2782,2294 2871,2290 2960,2286 3049,2282 3138,2278 3227,2271 3316,2265 3405,2259 3494,2252 3583,2246 3672,2240 3761,2233 3850,2226 3939,2220 4028,2214 4117,2208 4206,2203 4295,2198 4384,2194 4473,2189 4562,2186"
                         HEIGHT="184"
                         WIDTH="1802"
                         VPOS="2150"
                         HPOS="2769">
                  <String HEIGHT="184"
                          WIDTH="407"
                          VPOS="2150"
                          HPOS="2711"
                          CONTENT="vid"/>
                  <SP HEIGHT="184" WIDTH="58" VPOS="2150" HPOS="3118"/>
                  <String HEIGHT="184"
                          WIDTH="349"
                          VPOS="2150"
                          HPOS="2943"
                          CONTENT="de"/>
                  <SP HEIGHT="184" WIDTH="58" VPOS="2150" HPOS="3292"/>
                  <String HEIGHT="184"
                          WIDTH="639"
                          VPOS="2150"
                          HPOS="3118"
                          CONTENT="mantals"/>
                  <SP HEIGHT="184" WIDTH="58" VPOS="2150" HPOS="3757"/>
                  <String HEIGHT="184"
                          WIDTH="930"
                          VPOS="2150"
                          HPOS="3583"
                          CONTENT="skrifningar,"/>
                  <SP HEIGHT="184" WIDTH="58" VPOS="2150" HPOS="4513"/>
                  <String HEIGHT="184"
                          WIDTH="291"
                          VPOS="2150"
                          HPOS="4280"
                          CONTENT="som"/>
               </TextLine>
               <TextLine ID="line_1584527861304_1504"
                         BASELINE="2780,2396 2868,2391 2956,2384 3044,2378 3133,2371 3198,2365"
                         HEIGHT="125"
                         WIDTH="444"
                         VPOS="2324"
                         HPOS="2765">
                  <String HEIGHT="125"
                          WIDTH="444"
                          VPOS="2324"
                          HPOS="2702"
                          CONTENT="egt"/>
                  <SP HEIGHT="125" WIDTH="63" VPOS="2324" HPOS="3146"/>
                  <String HEIGHT="125"
                          WIDTH="317"
                          VPOS="2324"
                          HPOS="2892"
                          CONTENT="rum"/>
               </TextLine>
               <TextLine ID="line_1584527855672_1494"
                         BASELINE="3082,2326 3108,2328 3134,2327 3160,2325 3186,2323 3212,2320 3238,2317 3264,2314 3290,2310 3344,2302 3378,2305 3412,2306"
                         HEIGHT="84"
                         WIDTH="355"
                         VPOS="2264"
                         HPOS="3069">
                  <String HEIGHT="84"
                          WIDTH="434"
                          VPOS="2264"
                          HPOS="2990"
                          CONTENT="härstädes"/>
               </TextLine>
               <TextLine ID="line_1584527860376_1498"
                         BASELINE="3251,2361 3309,2357 3398,2350 3486,2345 3574,2338 3663,2333 3751,2327 3839,2321 3927,2315 4016,2309 4104,2304 4192,2300 4281,2295 4369,2292 4457,2288 4546,2284"
                         HEIGHT="183"
                         WIDTH="1320"
                         VPOS="2197"
                         HPOS="3238">
                  <String HEIGHT="183"
                          WIDTH="517"
                          VPOS="2197"
                          HPOS="3181"
                          CONTENT="sedan"/>
                  <SP HEIGHT="183" WIDTH="57" VPOS="2197" HPOS="3697"/>
                  <String HEIGHT="183"
                          WIDTH="459"
                          VPOS="2197"
                          HPOS="3525"
                          CONTENT="hans"/>
                  <SP HEIGHT="183" WIDTH="57" VPOS="2197" HPOS="3984"/>
                  <String HEIGHT="183"
                          WIDTH="574"
                          VPOS="2197"
                          HPOS="3812"
                          CONTENT="afresa"/>
                  <SP HEIGHT="183" WIDTH="57" VPOS="2197" HPOS="4386"/>
                  <String HEIGHT="183"
                          WIDTH="402"
                          VPOS="2197"
                          HPOS="4156"
                          CONTENT="häri¬"
                          SUBS_TYPE="HypPart1"
                          SUBS_CONTENT="härifrån,"/>
                  <HYP CONTENT="-"/>
               </TextLine>
               <TextLine ID="r3l24"
                         BASELINE="2764,2496 2853,2488 2942,2481 3031,2473 3120,2466 3209,2459 3298,2451 3387,2444 3476,2437 3565,2430 3655,2424 3744,2417 3833,2411 3922,2406 4011,2400 4100,2394 4189,2390 4278,2385 4367,2382 4456,2378 4546,2376"
                         HEIGHT="245"
                         WIDTH="1803"
                         VPOS="2315"
                         HPOS="2750">
                  <String HEIGHT="245"
                          WIDTH="560"
                          VPOS="2315"
                          HPOS="2688"
                          CONTENT="från,"
                          SUBS_TYPE="HypPart2"
                          SUBS_CONTENT="härifrån,"/>
                  <SP HEIGHT="245" WIDTH="62" VPOS="2315" HPOS="3247"/>
                  <String HEIGHT="245"
                          WIDTH="435"
                          VPOS="2315"
                          HPOS="3061"
                          CONTENT="hon"/>
                  <SP HEIGHT="245" WIDTH="62" VPOS="2315" HPOS="3496"/>
                  <String HEIGHT="245"
                          WIDTH="497"
                          VPOS="2315"
                          HPOS="3310"
                          CONTENT="icke"/>
                  <SP HEIGHT="245" WIDTH="62" VPOS="2315" HPOS="3807"/>
                  <String HEIGHT="245"
                          WIDTH="560"
                          VPOS="2315"
                          HPOS="3620"
                          CONTENT="låtit"/>
                  <SP HEIGHT="245" WIDTH="62" VPOS="2315" HPOS="4180"/>
                  <String HEIGHT="245"
                          WIDTH="622"
                          VPOS="2315"
                          HPOS="3931"
                          CONTENT="mantals¬"
                          SUBS_TYPE="HypPart1"
                          SUBS_CONTENT="mantalsskrifva"/>
                  <HYP CONTENT="-"/>
               </TextLine>
               <TextLine ID="r3l25"
                         BASELINE="2774,2594 2860,2587 2946,2578 3032,2571 3118,2564 3205,2557 3291,2551 3377,2544 3463,2538 3549,2532 3636,2526 3722,2521 3808,2516 3894,2510 3980,2505 4067,2498 4153,2493 4239,2487 4325,2481 4411,2474 4498,2466"
                         HEIGHT="230"
                         WIDTH="1754"
                         VPOS="2422"
                         HPOS="2759">
                  <String HEIGHT="230"
                          WIDTH="742"
                          VPOS="2422"
                          HPOS="2692"
                          CONTENT="skrifva"
                          SUBS_TYPE="HypPart2"
                          SUBS_CONTENT="mantalsskrifva"/>
                  <SP HEIGHT="230" WIDTH="67" VPOS="2422" HPOS="3434"/>
                  <String HEIGHT="230"
                          WIDTH="675"
                          VPOS="2422"
                          HPOS="3231"
                          CONTENT="honom,"/>
                  <SP HEIGHT="230" WIDTH="67" VPOS="2422" HPOS="3906"/>
                  <String HEIGHT="230"
                          WIDTH="540"
                          VPOS="2422"
                          HPOS="3703"
                          CONTENT="utan"/>
                  <SP HEIGHT="230" WIDTH="67" VPOS="2422" HPOS="4243"/>
                  <String HEIGHT="230"
                          WIDTH="540"
                          VPOS="2422"
                          HPOS="3973"
                          CONTENT="endast"/>
               </TextLine>
               <TextLine ID="r3l26"
                         BASELINE="2784,2698 2869,2691 2954,2683 3039,2676 3124,2669 3209,2661 3294,2654 3379,2648 3464,2643 3549,2636 3635,2631 3720,2626 3805,2620 3890,2616 3975,2612 4060,2606 4145,2603 4230,2599 4315,2595 4400,2591 4486,2588"
                         HEIGHT="230"
                         WIDTH="1730"
                         VPOS="2519"
                         HPOS="2770">
                  <String HEIGHT="230"
                          WIDTH="466"
                          VPOS="2519"
                          HPOS="2703"
                          CONTENT="sig"/>
                  <SP HEIGHT="230" WIDTH="67" VPOS="2519" HPOS="3169"/>
                  <String HEIGHT="230"
                          WIDTH="599"
                          VPOS="2519"
                          HPOS="2970"
                          CONTENT="sjelf"/>
                  <SP HEIGHT="230" WIDTH="67" VPOS="2519" HPOS="3568"/>
                  <String HEIGHT="230"
                          WIDTH="466"
                          VPOS="2519"
                          HPOS="3369"
                          CONTENT="och"/>
                  <SP HEIGHT="230" WIDTH="67" VPOS="2519" HPOS="3835"/>
                  <String HEIGHT="230"
                          WIDTH="798"
                          VPOS="2519"
                          HPOS="3635"
                          CONTENT="makarnes"/>
                  <SP HEIGHT="230" WIDTH="67" VPOS="2519" HPOS="4433"/>
                  <String HEIGHT="230"
                          WIDTH="333"
                          VPOS="2519"
                          HPOS="4167"
                          CONTENT="fem"/>
               </TextLine>
               <TextLine ID="r3l27"
                         BASELINE="2800,2802 2883,2796 2966,2789 3049,2784 3132,2778 3215,2771 3298,2765 3381,2759 3464,2753 3547,2746 3631,2741 3714,2733 3797,2728 3880,2722 3963,2715 4046,2710 4129,2705 4212,2700 4295,2696 4378,2690 4462,2686"
                         HEIGHT="251"
                         WIDTH="1691"
                         VPOS="2607"
                         HPOS="2785">
                  <String HEIGHT="251"
                          WIDTH="585"
                          VPOS="2607"
                          HPOS="2720"
                          CONTENT="barn;"/>
                  <SP HEIGHT="251" WIDTH="65" VPOS="2607" HPOS="3305"/>
                  <String HEIGHT="251"
                          WIDTH="455"
                          VPOS="2607"
                          HPOS="3110"
                          CONTENT="att"/>
                  <SP HEIGHT="251" WIDTH="65" VPOS="2607" HPOS="3565"/>
                  <String HEIGHT="251"
                          WIDTH="455"
                          VPOS="2607"
                          HPOS="3370"
                          CONTENT="hon"/>
                  <SP HEIGHT="251" WIDTH="65" VPOS="2607" HPOS="3826"/>
                  <String HEIGHT="251"
                          WIDTH="520"
                          VPOS="2607"
                          HPOS="3631"
                          CONTENT="icke"/>
                  <SP HEIGHT="251" WIDTH="65" VPOS="2607" HPOS="4151"/>
                  <String HEIGHT="251"
                          WIDTH="520"
                          VPOS="2607"
                          HPOS="3956"
                          CONTENT="vet,"/>
                  <SP HEIGHT="251" WIDTH="65" VPOS="2607" HPOS="4476"/>
                  <String HEIGHT="251"
                          WIDTH="260"
                          VPOS="2607"
                          HPOS="4216"
                          CONTENT="om"/>
               </TextLine>
               <TextLine ID="line_1584527873352_1519"
                         BASELINE="2780,2898 2834,2896 2888,2896 2943,2894 2997,2892 3052,2888 3106,2886 3160,2882 3215,2879 3269,2874 3324,2870 3378,2867 3432,2862 3487,2858 3541,2853 3596,2848 3650,2843 3704,2840 3759,2835 3813,2831 3868,2828 3892,2828 3923,2826 3955,2822 3987,2820 4019,2818 4051,2815 4083,2811 4115,2808 4147,2805 4179,2802 4211,2798 4242,2795 4274,2794 4306,2791 4338,2790 4370,2788 4402,2788 4434,2788 4466,2788 4498,2790 4530,2792"
                         HEIGHT="233"
                         WIDTH="1772"
                         VPOS="2712"
                         HPOS="2766">
                  <String HEIGHT="233"
                          WIDTH="545"
                          VPOS="2712"
                          HPOS="2698"
                          CONTENT="Larm"/>
                  <SP HEIGHT="233" WIDTH="68" VPOS="2712" HPOS="3243"/>
                  <String HEIGHT="233"
                          WIDTH="613"
                          VPOS="2712"
                          HPOS="3039"
                          CONTENT="under"/>
                  <SP HEIGHT="233" WIDTH="68" VPOS="2712" HPOS="3652"/>
                  <String HEIGHT="233"
                          WIDTH="613"
                          VPOS="2712"
                          HPOS="3448"
                          CONTENT="tiden"/>
                  <SP HEIGHT="233" WIDTH="68" VPOS="2712" HPOS="4061"/>
                  <String HEIGHT="233"
                          WIDTH="613"
                          VPOS="2712"
                          HPOS="3856"
                          CONTENT="varit"/>
                  <SP HEIGHT="233" WIDTH="68" VPOS="2712" HPOS="4470"/>
                  <String HEIGHT="233"
                          WIDTH="341"
                          VPOS="2712"
                          HPOS="4197"
                          CONTENT="an¬"
                          SUBS_TYPE="HypPart1"
                          SUBS_CONTENT="annorstädes"/>
                  <HYP CONTENT="-"/>
               </TextLine>
               <TextLine ID="r3l30"
                         BASELINE="2786,2986 2870,2986 2955,2983 3040,2980 3125,2976 3210,2974 3294,2969 3379,2965 3464,2958 3549,2953 3634,2947 3718,2941 3803,2935 3888,2928 3973,2922 4058,2917 4142,2912 4227,2907 4312,2903 4397,2900 4482,2896"
                         HEIGHT="175"
                         WIDTH="1726"
                         VPOS="2837"
                         HPOS="2772">
                  <String HEIGHT="175"
                          WIDTH="863"
                          VPOS="2837"
                          HPOS="2706"
                          CONTENT="norstädes"
                          SUBS_TYPE="HypPart2"
                          SUBS_CONTENT="annorstädes"/>
                  <SP HEIGHT="175" WIDTH="66" VPOS="2837" HPOS="3569"/>
                  <String HEIGHT="175"
                          WIDTH="1195"
                          VPOS="2837"
                          HPOS="3303"
                          CONTENT="mantalsskrifven,"/>
               </TextLine>
               <TextLine ID="r3l31"
                         BASELINE="2762,3094 2851,3093 2940,3090 3029,3087 3118,3084 3208,3078 3297,3074 3386,3068 3475,3064 3564,3059 3654,3052 3743,3048 3832,3042 3921,3038 4010,3032 4100,3029 4189,3026 4278,3023 4367,3021 4456,3020 4546,3020"
                         HEIGHT="198"
                         WIDTH="1811"
                         VPOS="2946"
                         HPOS="2749">
                  <String HEIGHT="198"
                          WIDTH="483"
                          VPOS="2946"
                          HPOS="2689"
                          CONTENT="samt"/>
                  <SP HEIGHT="198" WIDTH="60" VPOS="2946" HPOS="3172"/>
                  <String HEIGHT="198"
                          WIDTH="423"
                          VPOS="2946"
                          HPOS="2990"
                          CONTENT="att"/>
                  <SP HEIGHT="198" WIDTH="60" VPOS="2946" HPOS="3413"/>
                  <String HEIGHT="198"
                          WIDTH="423"
                          VPOS="2946"
                          HPOS="3232"
                          CONTENT="hon"/>
                  <SP HEIGHT="198" WIDTH="60" VPOS="2946" HPOS="3655"/>
                  <String HEIGHT="198"
                          WIDTH="483"
                          VPOS="2946"
                          HPOS="3473"
                          CONTENT="icke"/>
                  <SP HEIGHT="198" WIDTH="60" VPOS="2946" HPOS="3956"/>
                  <String HEIGHT="198"
                          WIDTH="724"
                          VPOS="2946"
                          HPOS="3775"
                          CONTENT="medföljt"/>
                  <SP HEIGHT="198" WIDTH="60" VPOS="2946" HPOS="4500"/>
                  <String HEIGHT="198"
                          WIDTH="302"
                          VPOS="2946"
                          HPOS="4258"
                          CONTENT="ho¬"
                          SUBS_TYPE="HypPart1"
                          SUBS_CONTENT="honom"/>
                  <HYP CONTENT="-"/>
               </TextLine>
               <TextLine ID="r3l32"
                         BASELINE="2780,3200 2849,3200 2919,3200 2988,3198 3058,3194 3127,3192 3197,3188 3266,3184 3336,3178 3405,3173 3475,3168 3544,3163 3614,3159 3683,3155 3753,3148 3822,3145 3892,3141 3961,3138 4031,3136 4100,3136 4170,3134"
                         HEIGHT="190"
                         WIDTH="1418"
                         VPOS="3073"
                         HPOS="2767">
                  <String HEIGHT="190"
                          WIDTH="522"
                          VPOS="3073"
                          HPOS="2692"
                          CONTENT="nom"
                          SUBS_TYPE="HypPart2"
                          SUBS_CONTENT="honom"/>
                  <SP HEIGHT="190" WIDTH="75" VPOS="3073" HPOS="3215"/>
                  <String HEIGHT="190"
                          WIDTH="448"
                          VPOS="3073"
                          HPOS="2991"
                          CONTENT="på"/>
                  <SP HEIGHT="190" WIDTH="75" VPOS="3073" HPOS="3439"/>
                  <String HEIGHT="190"
                          WIDTH="672"
                          VPOS="3073"
                          HPOS="3215"
                          CONTENT="några"/>
                  <SP HEIGHT="190" WIDTH="75" VPOS="3073" HPOS="3886"/>
                  <String HEIGHT="190"
                          WIDTH="597"
                          VPOS="3073"
                          HPOS="3588"
                          CONTENT="resor."/>
               </TextLine>
               <TextLine ID="r3l33"
                         BASELINE="2822,3294 2903,3290 2985,3286 3067,3282 3149,3280 3231,3277 3313,3274 3395,3270 3477,3267 3559,3264 3641,3262 3722,3258 3804,3256 3886,3254 3968,3251 4050,3248 4132,3246 4214,3243 4296,3240 4378,3238 4460,3236"
                         HEIGHT="181"
                         WIDTH="1666"
                         VPOS="3155"
                         HPOS="2808">
                  <String HEIGHT="181"
                          WIDTH="1357"
                          VPOS="3155"
                          HPOS="2746"
                          CONTENT="Remisshandlingarne"/>
                  <SP HEIGHT="181" WIDTH="62" VPOS="3155" HPOS="4104"/>
                  <String HEIGHT="181"
                          WIDTH="617"
                          VPOS="3155"
                          HPOS="3857"
                          CONTENT="bifogas."/>
               </TextLine>
               <TextLine ID="r3l34"
                         BASELINE="2756,3382 2810,3382 2865,3382 2920,3382 2974,3382 3029,3380 3084,3378 3138,3377 3193,3374 3248,3371 3303,3369 3357,3366 3412,3363 3467,3360 3521,3358 3576,3355 3631,3352 3685,3350 3740,3348 3795,3348 3850,3346"
                         HEIGHT="186"
                         WIDTH="1117"
                         VPOS="3273"
                         HPOS="2744">
                  <String HEIGHT="186"
                          WIDTH="391"
                          VPOS="3273"
                          HPOS="2688"
                          CONTENT="Gtg"/>
                  <SP HEIGHT="186" WIDTH="56" VPOS="3273" HPOS="3079"/>
                  <String HEIGHT="186"
                          WIDTH="391"
                          VPOS="3273"
                          HPOS="2912"
                          CONTENT="den"/>
                  <SP HEIGHT="186" WIDTH="56" VPOS="3273" HPOS="3303"/>
                  <String HEIGHT="186"
                          WIDTH="279"
                          VPOS="3273"
                          HPOS="3135"
                          CONTENT="7"/>
                  <SP HEIGHT="186" WIDTH="56" VPOS="3273" HPOS="3414"/>
                  <String HEIGHT="186"
                          WIDTH="447"
                          VPOS="3273"
                          HPOS="3247"
                          CONTENT="Jan."/>
                  <SP HEIGHT="186" WIDTH="56" VPOS="3273" HPOS="3693"/>
                  <String HEIGHT="186"
                          WIDTH="391"
                          VPOS="3273"
                          HPOS="3470"
                          CONTENT="1880."/>
               </TextLine>
            </TextBlock>
            <TextBlock ID="r4" HEIGHT="269" WIDTH="394" VPOS="3355" HPOS="4602">
               <Shape>
                  <Polygon POINTS="4602,3355 4602,3624 4996,3624 4996,3355"/>
               </Shape>
               <TextLine ID="r4l1"
                         BASELINE="4602,3418 4627,3416 4652,3418 4678,3419 4703,3421 4728,3423 4754,3426 4779,3427 4804,3428 4830,3428"
                         HEIGHT="128"
                         WIDTH="257"
                         VPOS="3325"
                         HPOS="4590">
                  <String HEIGHT="128"
                          WIDTH="308"
                          VPOS="3325"
                          HPOS="4539"
                          CONTENT="No"/>
                  <SP HEIGHT="128" WIDTH="51" VPOS="3325" HPOS="4847"/>
                  <String HEIGHT="128"
                          WIDTH="206"
                          VPOS="3325"
                          HPOS="4641"
                          CONTENT="6."/>
               </TextLine>
               <TextLine ID="r4l2"
                         BASELINE="4610,3562 4635,3560 4661,3558 4687,3556 4712,3554 4738,3553 4764,3552 4790,3550 4815,3550 4841,3548 4867,3548 4893,3547 4918,3546 4944,3546 4970,3546 4996,3548"
                         HEIGHT="193"
                         WIDTH="415"
                         VPOS="3433"
                         HPOS="4594">
                  <String HEIGHT="193"
                          WIDTH="249"
                          VPOS="3433"
                          HPOS="4566"
                          CONTENT="Claes"/>
                  <SP HEIGHT="193" WIDTH="28" VPOS="3433" HPOS="4815"/>
                  <String HEIGHT="193"
                          WIDTH="304"
                          VPOS="3433"
                          HPOS="4705"
                          CONTENT="Johansson"/>
               </TextLine>
            </TextBlock>
            <TextBlock ID="TextRegion_1584527884250_1531"
                       HEIGHT="446"
                       WIDTH="1874"
                       VPOS="3424"
                       HPOS="2732">
               <Shape>
                  <Polygon POINTS="2732,3424 4606,3424 4606,3870 2732,3870"/>
               </Shape>
               <TextLine ID="r3l35"
                         BASELINE="2824,3504 2910,3500 2996,3498 3082,3495 3168,3492 3254,3489 3340,3487 3426,3486 3512,3483 3598,3482 3685,3480 3771,3478 3857,3476 3943,3476 4029,3474 4115,3473 4201,3472 4287,3472 4373,3470 4459,3470 4546,3470"
                         HEIGHT="214"
                         WIDTH="1748"
                         VPOS="3357"
                         HPOS="2811">
                  <String HEIGHT="214"
                          WIDTH="194"
                          VPOS="3357"
                          HPOS="2772"
                          CONTENT="I"/>
                  <SP HEIGHT="214" WIDTH="39" VPOS="3357" HPOS="2966"/>
                  <String HEIGHT="214"
                          WIDTH="272"
                          VPOS="3357"
                          HPOS="2850"
                          CONTENT="den"/>
                  <SP HEIGHT="214" WIDTH="39" VPOS="3357" HPOS="3122"/>
                  <String HEIGHT="214"
                          WIDTH="233"
                          VPOS="3357"
                          HPOS="3005"
                          CONTENT="af"/>
                  <SP HEIGHT="214" WIDTH="39" VPOS="3357" HPOS="3238"/>
                  <String HEIGHT="214"
                          WIDTH="660"
                          VPOS="3357"
                          HPOS="3122"
                          CONTENT="Poliskammaren"/>
                  <SP HEIGHT="214" WIDTH="39" VPOS="3357" HPOS="3782"/>
                  <String HEIGHT="214"
                          WIDTH="272"
                          VPOS="3357"
                          HPOS="3666"
                          CONTENT="den"/>
                  <SP HEIGHT="214" WIDTH="39" VPOS="3357" HPOS="3937"/>
                  <String HEIGHT="214"
                          WIDTH="194"
                          VPOS="3357"
                          HPOS="3821"
                          CONTENT="2"/>
                  <SP HEIGHT="214" WIDTH="39" VPOS="3357" HPOS="4015"/>
                  <String HEIGHT="214"
                          WIDTH="388"
                          VPOS="3357"
                          HPOS="3899"
                          CONTENT="dennes"/>
                  <SP HEIGHT="214" WIDTH="39" VPOS="3357" HPOS="4287"/>
                  <String HEIGHT="214"
                          WIDTH="311"
                          VPOS="3357"
                          HPOS="4171"
                          CONTENT="till"/>
                  <SP HEIGHT="214" WIDTH="39" VPOS="3357" HPOS="4481"/>
                  <String HEIGHT="214"
                          WIDTH="233"
                          VPOS="3357"
                          HPOS="4326"
                          CONTENT="Råd¬"
                          SUBS_TYPE="HypPart1"
                          SUBS_CONTENT="RådhusRätten"/>
                  <HYP CONTENT="-"/>
               </TextLine>
               <TextLine ID="r3l36"
                         BASELINE="2732,3628 2821,3626 2911,3622 3001,3619 3090,3616 3180,3613 3270,3611 3359,3609 3449,3608 3539,3606 3629,3604 3718,3602 3808,3600 3898,3598 3987,3596 4077,3595 4167,3594 4256,3592 4346,3589 4436,3587 4526,3584"
                         HEIGHT="170"
                         WIDTH="1819"
                         VPOS="3499"
                         HPOS="2719">
                  <String HEIGHT="170"
                          WIDTH="401"
                          VPOS="3499"
                          HPOS="2688"
                          CONTENT="husRätten"
                          SUBS_TYPE="HypPart2"
                          SUBS_CONTENT="RådhusRätten"/>
                  <SP HEIGHT="170" WIDTH="31" VPOS="3499" HPOS="3089"/>
                  <String HEIGHT="170"
                          WIDTH="493"
                          VPOS="3499"
                          HPOS="2996"
                          CONTENT="öfverlemnade"/>
                  <SP HEIGHT="170" WIDTH="31" VPOS="3499" HPOS="3490"/>
                  <String HEIGHT="170"
                          WIDTH="370"
                          VPOS="3499"
                          HPOS="3397"
                          CONTENT="rapport,"/>
                  <SP HEIGHT="170" WIDTH="31" VPOS="3499" HPOS="3767"/>
                  <String HEIGHT="170"
                          WIDTH="370"
                          VPOS="3499"
                          HPOS="3675"
                          CONTENT="angående"/>
                  <SP HEIGHT="170" WIDTH="31" VPOS="3499" HPOS="4045"/>
                  <String HEIGHT="170"
                          WIDTH="493"
                          VPOS="3499"
                          HPOS="3952"
                          CONTENT="arbetskarlen"/>
                  <SP HEIGHT="170" WIDTH="31" VPOS="3499" HPOS="4446"/>
                  <String HEIGHT="170"
                          WIDTH="216"
                          VPOS="3499"
                          HPOS="4322"
                          CONTENT="Claes"/>
               </TextLine>
               <TextLine ID="r3l37"
                         BASELINE="2734,3750 2824,3746 2914,3740 3005,3736 3095,3732 3186,3728 3276,3726 3366,3724 3457,3722 3547,3720 3638,3718 3728,3716 3818,3714 3909,3712 3999,3710 4090,3708 4180,3704 4270,3701 4361,3698 4451,3692 4542,3688"
                         HEIGHT="185"
                         WIDTH="1832"
                         VPOS="3622"
                         HPOS="2721">
                  <String HEIGHT="185"
                          WIDTH="420"
                          VPOS="3622"
                          HPOS="2691"
                          CONTENT="Johansson,"/>
                  <SP HEIGHT="185" WIDTH="30" VPOS="3622" HPOS="3111"/>
                  <String HEIGHT="185"
                          WIDTH="360"
                          VPOS="3622"
                          HPOS="3021"
                          CONTENT="angifven"/>
                  <SP HEIGHT="185" WIDTH="30" VPOS="3622" HPOS="3382"/>
                  <String HEIGHT="185"
                          WIDTH="210"
                          VPOS="3622"
                          HPOS="3292"
                          CONTENT="för"/>
                  <SP HEIGHT="185" WIDTH="30" VPOS="3622" HPOS="3502"/>
                  <String HEIGHT="185"
                          WIDTH="360"
                          VPOS="3622"
                          HPOS="3412"
                          CONTENT="olofligt"/>
                  <SP HEIGHT="185" WIDTH="30" VPOS="3622" HPOS="3772"/>
                  <String HEIGHT="185"
                          WIDTH="390"
                          VPOS="3622"
                          HPOS="3682"
                          CONTENT="tillgrepp"/>
                  <SP HEIGHT="185" WIDTH="30" VPOS="3622" HPOS="4072"/>
                  <String HEIGHT="185"
                          WIDTH="180"
                          VPOS="3622"
                          HPOS="3982"
                          CONTENT="af"/>
                  <SP HEIGHT="185" WIDTH="30" VPOS="3622" HPOS="4163"/>
                  <String HEIGHT="185"
                          WIDTH="180"
                          VPOS="3622"
                          HPOS="4072"
                          CONTENT="en"/>
                  <SP HEIGHT="185" WIDTH="30" VPOS="3622" HPOS="4253"/>
                  <String HEIGHT="185"
                          WIDTH="420"
                          VPOS="3622"
                          HPOS="4133"
                          CONTENT="kaffekittel,"/>
               </TextLine>
               <TextLine ID="r3l38"
                         BASELINE="2738,3848 2831,3844 2924,3840 3018,3837 3111,3834 3205,3832 3298,3828 3391,3826 3485,3825 3578,3824 3672,3822 3765,3821 3858,3820 3952,3818 4045,3818 4139,3816 4232,3814 4325,3812 4419,3810 4512,3808 4606,3806"
                         HEIGHT="202"
                         WIDTH="1894"
                         VPOS="3713"
                         HPOS="2724">
                  <String HEIGHT="202"
                          WIDTH="186"
                          VPOS="3713"
                          HPOS="2693"
                          CONTENT="en"/>
                  <SP HEIGHT="202" WIDTH="31" VPOS="3713" HPOS="2879"/>
                  <String HEIGHT="202"
                          WIDTH="435"
                          VPOS="3713"
                          HPOS="2786"
                          CONTENT="kaffegryta"/>
                  <SP HEIGHT="202" WIDTH="31" VPOS="3713" HPOS="3221"/>
                  <String HEIGHT="202"
                          WIDTH="217"
                          VPOS="3713"
                          HPOS="3128"
                          CONTENT="och"/>
                  <SP HEIGHT="202" WIDTH="31" VPOS="3713" HPOS="3345"/>
                  <String HEIGHT="202"
                          WIDTH="186"
                          VPOS="3713"
                          HPOS="3252"
                          CONTENT="en"/>
                  <SP HEIGHT="202" WIDTH="31" VPOS="3713" HPOS="3438"/>
                  <String HEIGHT="202"
                          WIDTH="528"
                          VPOS="3713"
                          HPOS="3345"
                          CONTENT="kaffebrännare"/>
                  <SP HEIGHT="202" WIDTH="31" VPOS="3713" HPOS="3873"/>
                  <String HEIGHT="202"
                          WIDTH="248"
                          VPOS="3713"
                          HPOS="3780"
                          CONTENT="från"/>
                  <SP HEIGHT="202" WIDTH="31" VPOS="3713" HPOS="4028"/>
                  <String HEIGHT="202"
                          WIDTH="310"
                          VPOS="3713"
                          HPOS="3935"
                          CONTENT="ogifta"/>
                  <SP HEIGHT="202" WIDTH="31" VPOS="3713" HPOS="4245"/>
                  <String HEIGHT="202"
                          WIDTH="373"
                          VPOS="3713"
                          HPOS="4152"
                          CONTENT="Mathilda"/>
                  <SP HEIGHT="202" WIDTH="31" VPOS="3713" HPOS="4525"/>
                  <String HEIGHT="202"
                          WIDTH="217"
                          VPOS="3713"
                          HPOS="4401"
                          CONTENT="Lars¬"/>
               </TextLine>
            </TextBlock>
         </PrintSpace>
      </Page>
   </Layout>
</alto>
