4948 4060
467 192 387 180 stående
748 192 493 180 mjölkkärra
1135 192 457 180 olofligen
1487 192 493 180 tillgripit
1874 192 211 180 en
1980 192 352 180 större
2191 192 211 180 brun

468 316 442 175 torgkorg,
808 316 544 175 innehållande
1250 316 170 175 5
1318 316 170 175 ℔
1386 316 306 175 brunt
1591 316 544 175 pudersocker,
2033 316 170 175 5
2101 316 170 175 ℔
2135 316 238 175 kaffe

465 451 224 123 och
593 451 160 123 3
657 451 160 123 ℔
721 451 256 123 snus
881 451 224 123 och
1009 451 416 123 tillhörig
1329 451 416 123 ynglingen
1650 451 288 123 Johan
1842 451 320 123 Ludvig
2034 451 384 123 Johansson,

480 537 231 148 son
612 537 198 148 af
711 537 297 148 enkan
909 537 264 148 Anna
1074 537 462 148 Johansson,
1437 537 330 148 boende
1668 537 165 148 i
1734 537 297 148 huset
1932 537 198 148 No
2031 537 198 148 10
2130 537 231 148 vid
2229 537 165 148 Ka¬-

417 668 600 123 puniergatan.

605 720 226 155 Wid
734 720 226 155 det
863 720 226 155 med
992 720 419 155 Petersson
1314 720 161 155 i
1379 720 419 155 anledning
1701 720 290 155 häraf
1894 720 419 155 anställde
2185 720 193 155 för¬-

473 858 230 179 hör
605 858 230 179 har
736 858 230 179 han
868 858 460 179 uppgifvit,
1229 858 230 179 att
1361 858 230 179 han
1492 858 296 179 sagde
1690 858 230 179 dag
1821 858 197 179 på
1920 858 263 179 f.m.
2084 858 230 179 vid
2183 858 230 179 Baza¬-

479 966 253 188 ren
624 966 615 188 sammanträffat
1130 966 253 188 med
1275 966 543 188 ofvannämnde
1709 966 506 188 Lindqvist,
2070 966 326 188 hvilken

450 1113 412 156 anmodat
749 1113 337 156 honom
974 1113 299 156 taga
1161 1113 561 156 ifrågakomne
1610 1113 299 156 korg
1797 1113 299 156 från
1984 1113 374 156 kärran
2209 1113 187 156 och

449 1208 286 160 bära
628 1208 429 160 densamma
950 1208 286 160 till
1129 1208 501 160 Handlanden
1522 1208 322 160 Jonas
1736 1208 429 160 Ohlsson;
2058 1208 286 160 samt
2201 1208 179 160 att

445 1311 276 216 han,
617 1311 241 216 som
755 1311 310 216 trott
962 1311 345 216 korgen
1203 1311 414 216 tillhöra
1513 1311 483 216 Lindqvist,
1892 1311 310 216 tagit
2064 1311 345 216 densamme

460 1431 234 214 och
593 1431 301 214 burit
794 1431 234 214 den
928 1431 301 214 bort,
1129 1431 368 214 hvarvid
1397 1431 268 214 dock
1564 1431 435 214 Lindqvist
1899 1431 335 214 kommit
2099 1431 268 214 sprin¬-

465 1589 306 192 gande
669 1589 306 192 efter
873 1589 238 192 och
1009 1589 442 192 fråntagit
1350 1589 306 192 honom
1520 1589 306 192 korgen.

664 1694 406 165 Följande
969 1694 406 165 personer
1273 1694 305 165 hafva
1443 1694 338 165 upplyst:

463 1800 193 137 1o
559 1800 610 137 Handelsbiträdet
1073 1800 321 137 Alfred
1298 1800 385 137 Hörberg,
1587 1800 321 137 boende
1812 1800 161 137 i
1876 1800 289 137 huset
2069 1800 193 137 No
2165 1800 193 137 26
2229 1800 161 137 vid

476 1910 526 174 Vestergatan,
904 1910 230 174 att
1035 1910 230 174 han
1167 1910 493 174 oftaberörde
1561 1910 230 174 dag
1693 1910 230 174 vid
1824 1910 526 174 middagstiden
2219 1910 164 174 vid

483 2012 358 185 Bazaren
744 2012 293 185 stått
939 2012 228 185 och
1069 2012 390 185 samtalat
1362 2012 228 185 med
1492 2012 455 185 Lindqvist,
1850 2012 325 185 dervid
2045 2012 358 185 Petersson

470 2136 258 195 gått
631 2136 290 195 förbi
824 2136 258 195 utan
986 2136 226 195 att
1115 2136 193 195 då
1211 2136 419 195 innehafva
1534 2136 290 195 någon
1727 2136 290 195 korg;
1921 2136 226 195 att
2017 2136 355 195 Lindqvist

462 2286 260 173 kort
625 2286 391 173 derefter
918 2286 293 173 gjort
1113 2286 358 173 Hörberg
1374 2286 456 173 uppmärksam
1732 2286 293 173 derå,
1927 2286 228 173 att
2025 2286 358 173 Petersson

451 2374 271 189 från
620 2374 237 189 ett
756 2374 305 189 åkdon
959 2374 474 189 tillgripit
1332 2374 203 189 en
1433 2374 305 189 korg,
1637 2374 237 189 som
1772 2374 237 189 han
1908 2374 203 189 då
1975 2374 373 189 innehaft;

443 2526 293 163 samt
626 2526 256 163 att
773 2526 476 163 Lindqvist
1138 2526 219 163 på
1248 2526 439 163 Hörbergs
1577 2526 512 163 uppmaning,
1943 2526 366 163 sprungit

455 2628 285 217 efter
645 2628 412 217 Petersson
962 2628 222 217 och
1089 2628 412 217 fasttagit
1405 2628 412 217 Petersson
1722 2628 317 217 denne;
1912 2628 158 217 och

469 3062 198 146 2o
568 3062 298 146 Förre
767 3062 728 146 Trädgårdsarbetaren
1395 3062 265 146 Nils
1560 3062 298 146 Oskar
1759 3062 298 146 Reis,
1957 3062 364 146 hvilken
2189 3062 165 146 för

466 3170 451 195 närvarande
820 3170 193 195 år
917 3170 355 195 intagen
1175 3170 161 195 å
1240 3170 355 195 stadens
1465 3170 871 195 Fattigförsörjningsinrätt¬-

445 3294 302 159 ning,
647 3294 235 159 att
781 3294 268 159 han,
949 3294 235 159 som
1083 3294 302 159 sagde
1284 3294 235 159 dag
1419 3294 235 159 vid
1553 3294 537 159 middagstiden
1955 3294 403 159 uppehållit

451 3424 230 204 sig
582 3424 164 204 å
648 3424 525 204 Kungstorget,
1074 3424 262 204 sett
1238 3424 426 204 Petersson
1566 3424 230 204 vid
1697 3424 230 204 det
1828 3424 230 204 han
1960 3424 262 204 gått
2091 3424 262 204 förbi¬-

432 3525 209 184 en
537 3525 348 184 kärra,
780 3525 418 184 derifrån
1094 3525 453 184 tillgripa
1442 3525 487 184 Johanssons
1825 3525 313 184 korg;
2034 3525 279 184 samt
2173 3525 174 184 att

455 3615 436 209 Lindqvist,
797 3615 218 209 som
922 3615 311 209 jemväl
1139 3615 280 209 åsett
1326 3615 498 209 tillgreppet,
1731 3615 373 209 sprungit
2011 3615 280 209 efter
2166 3615 156 209 och

435 3759 414 174 fasttagit
722 3759 382 174 Petersson.

2665 194 352 198 Korgen
2911 194 246 198 med
3052 194 422 198 innehåll
3369 194 246 198 har
3509 194 528 198 återlemnats
3932 194 282 198 till
4108 194 387 198 egaren,
4354 194 176 198 som

2578 318 396 172 värderat
2875 318 330 172 korgen
3105 318 264 172 till
3270 318 198 172 En
3369 318 330 172 Krona,
3600 318 363 172 sockret
3864 318 264 172 till
4029 318 198 172 En
4127 318 297 172 Krona
4325 318 198 172 75
4391 318 165 172 öre

2595 423 321 214 kaffet
2819 423 256 214 till
2980 423 224 214 Tre
3108 423 321 214 Kronor
3332 423 192 214 50
3428 423 224 214 öre
3556 423 224 214 och
3685 423 321 214 snuset
3909 423 256 214 till
4069 423 160 214 2
4133 423 224 214 Kr.
4262 423 192 214 97
4326 423 192 214 öre.

2751 544 263 181 Vid
2902 544 563 181 anhållandet
3352 544 413 181 kastade
3653 544 488 181 Petersson
4028 544 300 181 från
4216 544 263 181 sig
4329 544 150 181 på

2581 682 309 206 gatan
2787 682 241 206 två
2924 682 344 206 större
3165 682 378 206 nycklar
3440 682 241 206 och
3577 682 275 206 fyra
3749 682 653 206 hänglåsnycklar,
4264 682 241 206 hvil¬-

2575 799 209 170 ka
2680 799 244 170 han
2819 799 454 170 uppgifvit
3168 799 244 170 sig
3308 799 314 170 hafva
3517 799 349 170 hittat
3761 799 174 170 i
3831 799 209 170 en
3936 799 314 170 pråm,
4145 799 244 170 som
4250 799 279 170 ligger

2553 938 202 175 i
2633 938 364 175 Stora
2836 938 566 175 hamnkanalen.

2758 979 230 187 På
2873 979 346 187 grund
3103 979 230 187 af
3218 979 307 187 hvad
3410 979 422 187 sålunda
3717 979 576 187 förekommit,
4140 979 307 187 kommer

2569 1141 323 167 Thure
2785 1141 467 167 Petersson
3144 1141 251 167 att
3287 1141 323 167 denna
3503 1141 251 167 dag
3647 1141 251 167 för
3790 1141 251 167 PKn
3898 1141 431 167 inställas.

3037 1238 441 185 Göteborg
3368 1238 257 185 den
3515 1238 220 185 19
3625 1238 257 185 Maj
3735 1238 257 185 1880.

4461 1279 267 128 No
4549 1279 267 128 116.

4464 1377 238 162 Anna
4583 1377 298 162 Katarina

4431 1509 296 123 Östberg.

2679 1307 352 192 Hustrun
2935 1307 320 192 Lorisa
3159 1307 384 192 Nilsson,
3447 1307 320 192 boende
3672 1307 160 192 i
3736 1307 288 192 huset
3928 1307 192 192 No
4024 1307 192 192 73
4120 1307 256 192 Litt
4280 1307 160 192 D
4312 1307 128 192 af

2585 1407 370 245 Majornas
2862 1407 216 245 5te
2986 1407 277 245 rote,
3170 1407 216 245 har
3294 1407 216 245 den
3417 1407 185 245 16
3509 1407 308 245 dennes
3725 1407 339 245 anmält,
3971 1407 246 245 att,
4125 1407 185 245 då
4218 1407 216 245 hon
4310 1407 154 245 der

2580 1551 461 203 förutgångne
2949 1551 277 203 afton
3134 1551 400 203 hemkommit
3441 1551 246 203 till
3595 1551 215 203 sin
3718 1551 338 203 bostad,
3964 1551 215 203 hon
4087 1551 154 203 i
4149 1551 308 203 sängen
4333 1551 154 203 un¬-

2593 1659 226 219 der
2722 1659 518 219 hufvudgården
3143 1659 259 219 lagt
3304 1659 194 219 en
3401 1659 421 219 lösficka,
3725 1659 226 219 som
3854 1659 453 219 innehållit
4178 1659 291 219 omkring

2593 1762 184 182 45
2685 1762 337 182 Kronor;
2931 1762 215 182 att
3053 1762 184 182 ur
3145 1762 368 182 densamma
3421 1762 276 182 under
3605 1762 307 182 natten
3820 1762 460 182 tillgripits
4187 1762 153 182 8
4218 1762 276 182 Kronor,

2569 1878 385 166 bestående
2865 1878 148 166 i
2924 1878 177 166 en
3013 1878 266 166 sedel
3191 1878 148 166 å
3250 1878 148 166 5
3309 1878 325 166 Kronor,
3546 1878 207 166 tre
3664 1878 207 166 st.
3782 1878 503 166 silfverkronor
4196 1878 207 166 och
4285 1878 207 166 åter¬-

2578 1978 297 206 stoden
2786 1978 149 206 i
2846 1978 446 206 kopparmynt,
3202 1978 238 206 samt
3351 1978 208 206 att
3469 1978 208 206 hon
3588 1978 208 206 för
3707 1978 267 206 detta
3885 1978 386 206 tillgrepp
4153 1978 356 206 misstänkte

2565 2060 243 218 hos
2704 2060 312 218 henne
2912 2060 486 218 inneboende
3294 2060 382 218 hustrun
3571 2060 277 218 Anna
3745 2060 416 218 Katarina
4022 2060 347 218 Östberg.

2709 2147 208 252 Wid
2828 2147 208 252 det
2947 2147 208 252 med
3067 2147 298 252 hustru
3275 2147 328 252 Östberg
3513 2147 149 252 i
3573 2147 387 252 anledning
3871 2147 268 252 häraf
4049 2147 387 252 anställde
4317 2147 179 252 för¬-

2585 2292 195 222 hör
2697 2292 195 222 har
2808 2292 195 222 hon
2920 2292 335 222 vidgått,
3171 2292 195 222 att
3283 2292 195 222 hon
3394 2292 307 222 berörde
3618 2292 251 222 natt,
3785 2292 251 222 under
3953 2292 195 222 det
4064 2292 279 222 hustru
4232 2292 251 222 Nilsson

2589 2382 325 269 sofvit,
2826 2382 385 269 uppstigit
3122 2382 207 269 och
3240 2382 178 269 ur
3329 2382 355 269 Nilssons
3595 2382 237 269 säng
3743 2382 266 269 undan
3921 2382 473 269 hufvudgärden
4276 2382 207 269 tagit

2595 2515 442 234 ifrågakomne
2948 2515 383 234 lösficka,
3243 2515 324 234 hvarmed
3479 2515 206 234 hon
3597 2515 295 234 utgått
3804 2515 177 234 på
3892 2515 413 234 förstugan,
4217 2515 236 234 samt
4335 2515 147 234 att

2575 2639 205 194 hon
2692 2639 205 194 der
2809 2639 175 194 ur
2896 2639 380 194 lösfickan
3189 2639 263 194 tagit
3364 2639 234 194 fyra
3510 2639 322 194 stycken
3744 2639 526 194 silfverkronor,
4153 2639 322 194 hvarefter

2585 2740 213 200 hon
2706 2740 243 200 lagt
2858 2740 304 200 fickan
3071 2740 243 200 åter
3223 2740 152 200 i
3284 2740 335 200 sängen;
3527 2740 426 200 förnekande
3862 2740 304 200 hustru
4075 2740 365 200 Östberg,
4318 2740 152 200 att

2570 2858 209 213 hon
2689 2858 417 213 tillgripit
3017 2858 268 213 något
3166 2858 268 213 vidare.

2709 2964 210 205 Af
2814 2964 210 205 de
2919 2964 490 205 tillgripne
3304 2964 525 205 penningarne
3724 2964 280 205 hade
3899 2964 420 205 innehade
4179 2964 280 205 hustru

2580 3103 376 205 Östberg
2854 3103 240 205 vid
2990 3103 513 205 anhållandet
3401 3103 205 205 66
3504 3103 274 205 öre,
3675 3103 411 205 hvaremot
3983 3103 240 205 hon
4086 3103 376 205 förklarat

2573 3243 253 159 det
2718 3243 253 159 hon
2862 3243 398 159 användt
3152 3243 253 159 det
3297 3243 362 159 öfriga
3550 3243 290 159 till
3695 3243 217 159 mat.

2716 3351 240 195 På
2836 3351 360 195 grund
3076 3351 240 195 af
3197 3351 320 195 hvad
3397 3351 441 195 sålunda
3717 3351 601 195 förekommit,
4158 3351 320 195 kommer

2543 3485 314 190 Anna
2739 3485 470 190 Katarina
3091 3485 431 190 Östberg
3405 3485 274 190 att
3562 3485 353 190 denna
3797 3485 274 190 dag
3954 3485 353 190 inför
4150 3485 314 190 Polis¬-

2563 3600 493 186 kammaren
2932 3600 575 186 inställas.
3384 3600 493 186 Göteborg
3753 3600 287 186 den
3917 3600 246 186 19
4041 3600 287 186 Maj
4164 3600 287 186 1880.
