5113 4042
499 174 207 110 af
603 174 242 110 dem
741 174 380 110 medhafd
1018 174 311 110 säck,
1225 174 380 110 hvarvid
1501 174 311 110 Börje
1709 174 484 110 Andersson,
2089 174 242 110 som
2192 174 242 110 blif¬-

490 258 236 130 vit
625 258 370 130 skrämd,
894 258 404 130 sprungit
1198 258 236 130 sin
1332 258 269 130 väg;
1501 258 236 130 att
1635 258 505 130 Zetterqvist
2040 258 236 130 och
2174 258 303 130 Apel¬

513 361 297 118 qvist
711 361 397 118 medtagit
1009 361 297 118 ullen
1207 361 264 118 till
1372 361 297 118 deras
1571 361 364 118 bostad,
1835 361 231 118 der
1967 361 198 118 de
2066 361 264 118 gömt
2199 361 231 118 ullen

503 463 265 111 till
668 463 463 111 påföljande
1033 463 265 111 dag,
1198 463 199 111 då
1297 463 199 111 de
1397 463 298 111 deraf
1562 463 298 111 försålt

496 564 291 128 till
677 564 400 128 hustrun
968 564 472 128 Albertina
1331 564 436 128 Lindberg
1658 564 254 128 för

2117 557 136 78 4
2171 557 164 78 kr
2253 557 164 78 50
2308 557 136 78 öre

421 666 223 126 och
548 666 254 126 till
707 666 350 126 hustrun
962 666 413 126 Charlotta
1280 666 350 126 Larsson
1534 666 159 126 4
1598 666 223 126 1/2
1725 666 159 126 ℔
1757 666 159 126 för

2118 659 120 76 2
2142 659 120 76 kr.

482 750 224 133 att
610 750 192 133 de
706 750 288 133 dagen
898 750 288 133 derpå
1090 750 192 133 på
1186 750 352 133 aftonen
1442 750 160 133 i
1506 750 384 133 sällskap
1794 750 224 133 med
1922 750 416 133 Andersson
2210 750 192 133 åter

476 850 408 140 begifvit
782 850 238 140 sig
918 850 272 140 till
1089 850 477 140 Stationen,
1463 850 238 140 der
1599 850 204 140 de
1701 850 204 140 på
1803 850 306 140 samma
2008 850 340 140 ställe
2212 850 170 140 som

509 941 279 150 förut
695 941 466 150 ytterligare
1068 941 434 150 tillgripit
1409 941 217 150 ull
1533 941 186 150 ur
1626 941 186 150 en
1719 941 248 150 bal,
1874 941 217 150 som
1999 941 403 150 Andersson
2278 941 124 150 då

477 1038 564 165 sönderskurit;
941 1038 232 165 att
1074 1038 464 165 Andersson,
1439 1038 232 165 som
1572 1038 265 165 ånyo
1737 1038 365 165 blifvit
2003 1038 299 165 rädd,
2169 1038 265 165 sprun¬-

512 1132 237 155 git
647 1132 237 155 sin
783 1132 271 155 väg,
952 1132 406 155 hvaremot
1256 1132 507 155 Zetterqvist
1662 1132 237 155 och
1797 1132 440 155 Apelqvist
2102 1132 304 155 stannat

503 1233 293 157 qvar,
699 1233 228 157 och
829 1233 293 157 tagit
1025 1233 261 157 ull,
1188 1233 228 157 som
1318 1233 196 157 de
1416 1233 359 157 stoppat
1677 1233 163 157 i
1742 1233 228 157 två
1872 1233 326 157 säckar
2101 1233 228 157 och
2198 1233 196 157 med¬-

510 1335 288 144 tagit
702 1335 256 144 till
862 1335 224 144 sin
990 1335 352 144 bostad;
1247 1335 224 144 att
1375 1335 192 144 de
1471 1335 448 144 påföljande
1823 1335 224 144 dag
1951 1335 288 144 deraf
2112 1335 320 144 försålt:

506 1440 152 131 2
566 1440 213 131 1/2
688 1440 152 131 ℔
749 1440 244 131 till
902 1440 274 131 enkan
1085 1440 274 131 Brita
1267 1440 396 131 Andersson
1542 1440 152 131 för

2131 1423 241 65 1,25.

494 1524 168 139 2
562 1524 236 139 3/4
696 1524 168 139 ℔
764 1524 270 139 till
932 1524 371 139 hustrun
1202 1524 270 139 Anna
1370 1524 438 139 Johansson
1674 1524 168 139 för

2059 1500 325 72 1,50.

515 1617 167 129 4
581 1617 234 129 1/2
715 1617 167 129 ℔
782 1617 267 129 till
949 1617 367 129 hustrun
1216 1617 434 129 Charlotta
1549 1617 367 129 Larsson
1783 1617 167 129 för

2039 1600 325 76 1,50.

504 1718 168 119 1
572 1718 236 119 1/2
706 1718 168 119 ℔
774 1718 269 119 till
942 1718 370 119 hustrun
1211 1718 370 119 Johanna
1481 1718 404 119 Eriksson
1784 1718 236 119 för

2101 1708 255 70 1.08.

512 1814 179 117 4
584 1814 179 117 ℔
655 1814 286 117 till
834 1814 358 117 ogifta
1085 1814 322 117 Stina
1299 1814 322 117 Kajsa
1514 1814 322 117 Kling
1693 1814 179 117 för

2113 1794 249 86 2,07.

513 1914 177 117 4
583 1914 177 117 ℔
654 1914 284 117 till
832 1914 390 117 hustrun
1116 1914 461 117 Charlotta
1471 1914 426 117 Svensson
1755 1914 177 117 för

2109 1894 225 78 1.08

507 2007 183 118 2
581 2007 183 118 ℔
654 2007 293 118 till
837 2007 403 118 hustrun
1130 2007 330 118 Beata
1350 2007 476 118 Niklasson
1717 2007 257 118 för

2098 2001 232 67 3.08.

494 2095 161 113 1
558 2095 161 113 ℔
623 2095 258 113 till
784 2095 613 113 Bryggaredrängen
1301 2095 323 113 Anders
1527 2095 323 113 Martin
1753 2095 355 113 Brogren
2011 2095 226 113 för
2108 2095 226 113 0,56.

491 2188 208 123 18
595 2188 173 123 ℔
664 2188 277 123 till
837 2188 380 123 hustrun
1114 2188 450 123 Albertina
1460 2188 415 123 Lindberg
1771 2188 242 123 för

2134 2172 240 59 9,00
2254 2172 150 59 och

502 2276 180 119 3
574 2276 180 119 ℔
646 2276 287 119 till
825 2276 395 119 hustrun
1113 2276 467 119 Magdalena
1472 2276 431 119 Hallberg
1795 2276 287 119 från
1938 2276 180 119 An¬-

670 2342 413 147 derstorp,
988 2342 350 147 Lindome
1242 2342 318 147 Socken
1465 2342 159 147 i
1528 2342 413 147 Elfsborgs
1846 2342 222 147 län
1973 2342 222 147 för
2100 2342 254 147 1,50
2227 2342 191 147 öre;

496 2456 224 160 att
624 2456 513 160 Zetterqvist,
1041 2456 417 160 Apelqvist
1362 2456 224 160 och
1490 2456 417 160 Andersson
1811 2456 385 160 Tisdagen
2099 2456 224 160 den
2228 2456 160 160 2
2260 2456 128 160 ds

498 2568 607 146 sammanträffat
998 2568 250 146 wid
1141 2568 393 146 cirkus,
1426 2568 464 146 hvarifrån
1783 2568 214 146 de
1891 2568 321 146 gjort
2069 2568 357 146 sällskap

495 2666 266 146 till
661 2666 533 146 Kungstorget,
1094 2666 233 146 der
1227 2666 200 146 de
1327 2666 599 146 öfverenskommit
1827 2666 233 146 att
1960 2666 300 146 bryta
2160 2666 233 146 upp
2260 2666 166 146 lå¬-

486 2768 237 156 set
622 2768 271 156 till
791 2768 204 156 en
893 2768 237 156 der
1029 2768 373 156 stående
1300 2768 407 156 ostvagn;
1606 2768 237 156 att
1741 2768 509 156 Zetterqvist
2149 2768 237 156 med
2250 2768 136 156 en

498 2872 357 166 medhafd
757 2872 357 166 hoftång
1016 2872 454 166 frånbrutit
1373 2872 324 166 låset,
1600 2872 421 166 hvarefter
1924 2872 421 166 Apelqvist
2216 2872 194 166 gått

494 2982 192 168 in
590 2982 160 168 i
654 2982 320 168 vagnen
878 2982 224 168 och
1006 2982 224 168 der
1134 2982 288 168 tagit
1326 2982 288 168 några
1518 2982 320 168 ostar,
1742 2982 224 168 som
1870 2982 224 168 han
1998 2982 320 168 lemnat
2190 2982 192 168 till

475 3082 442 178 Zetterqvist
828 3082 206 178 och
946 3082 413 178 Andersson,
1270 3082 295 178 hvilka
1476 3082 236 178 lagt
1624 3082 206 178 dem
1742 3082 147 178 i
1801 3082 206 178 två
1919 3082 324 178 säckar;
2154 3082 206 178 att
2243 3082 147 178 An¬-

495 3186 345 174 dersson
746 3186 282 174 burit
934 3186 220 174 den
1059 3186 220 174 ena
1185 3186 314 174 säcken
1405 3186 220 174 hem
1530 3186 251 174 till
1687 3186 282 174 deras
1875 3186 345 174 bostad,
2095 3186 251 174 hvare¬-

492 3298 207 172 mot
611 3298 444 172 Zetterqvist
966 3298 207 172 och
1085 3298 385 172 Apelqvist
1381 3298 267 172 tagit
1558 3298 207 172 den
1677 3298 296 172 andra,
1884 3298 326 172 hvilken
2121 3298 178 172 de
2180 3298 178 172 tur¬-

491 3414 218 158 vis
616 3414 281 158 burit
803 3414 281 158 tills
990 3414 187 158 de
1083 3414 312 158 hunnit
1302 3414 249 158 till
1458 3414 468 158 Mellangatan
1832 3414 156 158 i
1863 3414 499 158 Landalabergen,

479 3506 218 167 der
604 3506 187 167 de
697 3506 250 167 mött
853 3506 187 167 en
947 3506 593 167 Poliskonstapel,
1446 3506 218 167 som
1571 3506 312 167 frågat
1789 3506 218 167 dem
1914 3506 250 167 hvad
2070 3506 187 167 de
2164 3506 250 167 hade
2288 3506 94 167 i

481 3624 316 143 säcken;
711 3624 201 143 att
826 3624 403 143 Apelqvist,
1143 3624 201 143 som
1258 3624 173 143 då
1344 3624 259 143 burit
1517 3624 316 143 säcken,
1747 3624 288 143 kastat
1948 3624 201 143 den
2064 3624 259 143 ifrån
2207 3624 173 143 sig,

499 3750 409 106 hvarefter
813 3750 189 106 de
908 3750 378 106 sprungit
1191 3750 220 106 sin
1317 3750 252 106 väg,
1474 3750 220 106 men
1600 3750 252 106 kort
1758 3750 283 106 derpå
1946 3750 535 106 sammanträffat
2356 3750 94 106 i

2699 189 455 150 bostaden;
3049 189 280 150 samt
3224 189 280 150 att,
3399 189 210 150 på
3504 189 385 150 förslag
3784 189 210 150 af
3889 189 490 150 Andersson,
4274 189 245 150 som
4379 189 175 150 var

2699 307 502 164 hemkommen
3085 307 270 164 med
3240 307 270 164 den
3394 307 270 164 ost
3548 307 270 164 han
3703 307 386 164 burit,
3973 307 232 164 de
4088 307 309 164 gömt
4243 307 347 164 densam¬-

2700 423 216 168 ma
2808 423 324 168 bland
3024 423 360 168 bergen
3277 423 180 168 i
3349 423 432 168 Landala,
3673 423 469 168 hvarifrån
4033 423 216 168 de
4142 423 288 168 dock
4286 423 288 168 påföl¬-

2679 518 332 193 jande
2900 518 258 193 dag
3048 518 368 193 hemtat
3305 518 258 193 och
3453 518 295 193 sålt
3637 518 332 193 denna
3858 518 295 193 ost,
4042 518 258 193 som
4190 518 295 193 vägt
4374 518 221 193 39
4447 518 111 193 ℔

2709 673 247 134 till
2864 673 309 134 hustru
3080 673 371 134 Lindberg
3358 673 216 134 för
3481 673 216 134 Nio
3574 673 278 134 Kronor.

2702 733 190 180 2o
2797 733 253 180 Carl
2956 733 412 180 Apelqvist
3272 733 222 180 och
3399 733 285 180 Börje
3589 733 443 180 Andersson,
3937 733 158 180 i
4000 733 317 180 likhet
4222 733 222 180 med
4317 733 285 180 Zetter¬-

2709 857 315 162 qvist
2919 857 175 162 i
2989 857 280 162 hvad
3164 857 245 162 som
3305 857 245 162 dem
3445 857 420 162 anginge,
3760 857 456 162 Andersson
4111 857 245 162 med
4216 857 350 162 tillägg,

2686 959 238 174 att
2822 959 238 174 han
2958 959 306 174 ensam
3162 959 408 174 Fredagen
3468 959 238 174 den
3604 959 204 174 27
3706 959 306 174 Sist.
3910 959 408 174 Februari
4216 959 204 174 på
4284 959 306 174 aftonen

2693 1067 493 190 tillgripit
3080 1067 352 190 fårull
3326 1067 211 190 ur
3432 1067 211 190 en
3537 1067 387 190 söndrig
3819 1067 282 190 bal,
3995 1067 246 190 som
4136 1067 317 190 legat
4312 1067 246 190 invid

2689 1167 515 196 Packhuset,
3094 1167 294 196 samt
3278 1167 257 196 att
3425 1167 257 196 han
3572 1167 331 196 samma
3793 1167 331 196 afton
4013 1167 294 196 sålt
4197 1167 331 196 denna
4381 1167 221 196 ull,

2686 1286 227 198 som
2815 1286 260 198 vägt
2978 1286 195 198 15
3075 1286 162 198 ℔
3140 1286 260 198 till
3303 1286 325 198 hustru
3530 1286 390 198 Lindberg
3823 1286 227 198 för
3953 1286 227 198 Två
4083 1286 325 198 Kronor
4310 1286 195 198 75
4375 1286 195 198 öre.

2794 1408 288 148 Någon
2986 1408 288 148 egare
3178 1408 256 148 till
3338 1408 224 148 den
3466 1408 192 148 af
3562 1408 416 148 Andersson
3882 1408 224 148 den
4010 1408 192 148 27
4106 1408 288 148 sist.
4266 1408 320 148 Februari

2681 1537 490 136 tillgripne
3066 1537 315 136 ullen
3276 1537 245 136 har
3415 1537 210 136 ej
3520 1537 350 136 anmält
3730 1537 210 136 sig,

2802 1607 429 144 Härjemte
3124 1607 322 144 hörde
3339 1607 322 144 hafva
3553 1607 429 144 följande
3875 1607 429 144 personer
4161 1607 393 144 berättat:

2702 1727 395 144 Hustrun
2989 1727 287 144 Anna
3169 1727 503 144 Johansson,
3564 1727 359 144 boende
3816 1727 180 144 i
3888 1727 323 144 Huset
4103 1727 216 144 No
4211 1727 180 144 2
4283 1727 287 144 samt
4426 1727 180 144 en¬-

2679 1829 256 158 kan
2826 1829 329 158 Brita
3045 1829 512 158 Andersson,
3447 1829 402 158 hustrun
3739 1829 292 158 Anna
3922 1829 512 158 Johansson,
4287 1829 329 158 hustrun

2683 1941 432 164 Charlotta
3015 1941 399 164 Larsson,
3314 1941 366 164 hustrun
3580 1941 366 164 Johanna
3846 1941 432 164 Eriksson,
4178 1941 332 164 ogifta
4377 1941 233 164 Stina

2690 2055 344 180 Kajsa
2919 2055 382 180 Kling,
3187 2055 420 180 hustrun
3492 2055 497 180 Charlotta
3874 2055 497 180 Svensson,
4218 2055 344 180 hustrun

2694 2173 309 166 Beata
2899 2173 480 166 Niklasson,
3277 2173 343 166 boende
3517 2173 171 166 i
3585 2173 309 166 huset
3791 2173 206 166 No
3894 2173 206 166 3,
3997 2173 411 166 samtliga
4305 2173 240 166 vid
4408 2173 240 166 Lång¬-

2694 2305 308 156 gatan
2899 2305 171 156 i
2968 2305 582 156 Landalabergen
3447 2305 240 156 och
3583 2305 650 156 Bryggaredrängen
4131 2305 342 156 Anders
4336 2305 274 156 Martin

2684 2417 374 158 Bogren,
2956 2417 340 158 boende
3194 2417 170 158 i
3262 2417 306 158 huset
3466 2417 204 158 No
3568 2417 170 158 1
3636 2417 238 158 vid
3772 2417 374 158 Almedal
4044 2417 170 158 i
4112 2417 374 158 Örgryte
4350 2417 272 158 Socken

2706 2543 205 154 tt
2808 2543 205 154 de
2911 2543 205 154 af
3013 2543 546 154 Zetterqvist,
3457 2543 444 154 Apelqvist
3799 2543 239 154 och
3935 2543 444 154 Andersson
4277 2543 273 154 köpt
4413 2543 205 154 får¬-

2697 2663 292 140 ull,
2880 2663 219 140 på
2990 2663 292 140 sätt
3173 2663 219 140 de
3282 2663 512 140 uppgifvit;
3684 2663 475 140 hvarjemte
4050 2663 402 140 hustrun
4306 2663 292 140 Alber¬-

2674 2785 269 156 tina
2842 2785 436 156 Lindberg,
3178 2785 336 156 boende
3413 2785 168 156 i
3480 2785 302 156 huset
3681 2785 201 156 No
3782 2785 201 156 27
3883 2785 269 156 Litt
4051 2785 201 156 C.
4151 2785 235 156 vid
4252 2785 302 156 Långga¬-

2702 2897 239 150 tan
2839 2897 171 150 i
2907 2897 581 150 Landalabergen
3386 2897 479 150 uppgifvit,
3762 2897 239 150 att
3898 2897 444 150 Andersson
4206 2897 342 150 onsdagen

2699 3001 262 160 den
2848 3001 224 160 25
2960 3001 486 160 sistlidne
3334 3001 448 160 Februari
3670 3001 224 160 på
3782 3001 448 160 morgonen
4118 3001 448 160 infunnit
4417 3001 187 160 sig

2711 3103 185 166 i
2785 3103 370 166 hennes
3044 3103 333 166 butik
3266 3103 185 166 i
3340 3103 592 166 ofvanberörde
3822 3103 296 166 hus,
4007 3103 555 166 medhafvande
4414 3103 148 166 en

2701 3205 311 176 säck,
2909 3205 553 176 innehållande
3358 3205 380 176 fårull,
3635 3205 242 176 som
3773 3205 242 176 han
3912 3205 415 176 erbjudit
4188 3205 346 176 Lindberg

2685 3322 297 168 köpa,
2883 3322 429 168 hvarefter
3213 3322 330 168 ullen,
3444 3322 231 168 som
3576 3322 264 168 vägt
3740 3322 165 168 9
3806 3322 198 168 ℔,
3905 3322 198 168 af
4004 3322 297 168 henne
4202 3322 363 168 betalts
4433 3322 165 168 med

2687 3430 233 162 Två
2820 3430 333 162 Kronor
3053 3430 200 162 75
3153 3430 267 162 öre;
3320 3430 233 162 att
3453 3430 467 162 Andersson,
3820 3430 200 162 på
3920 3430 467 162 tillfrågan
4286 3430 200 162 af
4353 3430 233 162 Lind¬-

2690 3540 285 155 berg
2868 3540 214 155 på
2975 3540 285 155 hvad
3153 3540 285 155 sätt
3331 3540 249 155 han
3474 3540 427 155 bekommit
3794 3540 356 155 ullen,
4044 3540 356 155 svarat
4293 3540 249 155 att
4400 3540 178 155 han

2678 3633 401 164 plockat
2969 3633 255 164 den
3115 3633 292 164 nere
3297 3633 255 164 vid
3443 3633 401 164 kajerna
3735 3633 219 164 ur
3844 3633 219 164 en
3954 3633 583 164 sönderrifven
4391 3633 219 164 bal,
