4956 4056
505 269 260 175 i
609 269 468 175 huset
921 269 312 175 No
1077 269 260 175 5
1181 269 364 175 vid
1389 269 728 175 Wallgatan,
1962 269 364 175 har
2118 269 260 175 De¬-

485 381 1356 187 tektivpoliskonstapeln
1678 381 380 187 Joh
1841 381 542 187 Engqvist

501 455 357 171 för
705 455 459 171 detta
1011 455 663 171 tillgrepp
1520 455 357 171 den
1724 455 255 171 1
1826 455 510 171 dennes
2132 455 255 171 an¬-

519 563 441 176 hållit
828 563 750 176 Artilleristen
1446 563 309 176 vid
1623 563 309 176 8de
1799 563 309 176 Btt
1976 563 265 176 af
2064 563 309 176 Kong.

521 673 374 187 Göta
755 673 608 187 Artilleri
1223 673 374 187 Reg.
1457 673 281 187 No
1597 673 281 187 39
1738 673 468 187 Anders
2019 673 374 187 Herder

507 776 680 174 Lindgren,
1030 776 575 174 hvilken
1448 776 366 174 vid
1657 776 366 174 det
1866 776 366 174 med
2023 776 366 174 honom

491 900 640 203 anstälda
970 900 533 203 förhör
1343 900 693 203 uppgifvit
1876 900 373 203 och
2036 900 320 203 för¬-

501 1022 540 191 klarat
879 1022 378 191 att
1095 1022 648 191 Lördagen
1581 1022 378 191 den
1797 1022 324 191 13
1905 1022 432 191 sistl.

487 1171 760 101 November
1056 1171 380 101 på
1246 1171 317 101 e
1373 1171 317 101 m
1500 1171 380 101 då
1690 1171 443 101 han
1880 1171 506 101 kommit

513 1269 528 136 gående
883 1269 475 136 förbi
1200 1269 317 136 de
1358 1269 475 136 under
1622 1269 739 136 Artillerika¬-

466 1371 459 184 sern
753 1371 631 184 belägna
1212 1371 689 184 källare,
1729 1371 402 184 han
1901 1371 459 184 funnit

492 1493 393 185 ett
716 1493 393 185 par
941 1493 617 185 stöflar
1390 1493 617 185 stående
1783 1493 505 185 utanför

498 1603 341 165 en
669 1603 455 165 låst
953 1603 854 165 kallardörr,
1636 1603 398 165 att
1864 1603 398 165 han
2034 1603 285 165 som

488 1700 599 207 antagit
923 1700 381 207 att
1141 1700 708 207 stöflerne
1632 1700 708 207 qvarglömts,

470 1805 506 182 eller
807 1805 618 182 tappats
1257 1805 506 182 tagit
1594 1805 394 182 dem
1819 1805 450 182 till
2044 1805 281 182 sig

490 1935 423 196 för
731 1935 423 196 att
973 1935 1087 196 tillhandahålla
1819 1935 483 196 egaren

490 2053 708 139 desamme,
1021 2053 413 139 men
1257 2053 472 139 enär
1553 2053 413 139 han
1789 2053 472 139 icke
2025 2053 295 139 ve¬-

474 2167 420 125 lat
714 2167 660 125 medföra
1194 2167 420 125 dem
1433 2167 480 125 till
1673 2167 600 125 Kasernen

514 2257 551 176 genast
900 2257 661 176 pantsatt
1395 2257 386 176 dem
1616 2257 386 176 för
1836 2257 275 176 3
1891 2257 441 176 kronor

473 2381 476 174 hos
745 2381 951 174 ofvannämde
1424 2381 544 174 Karth.

540 2495 708 189 Lindgren
1071 2495 413 189 har
1307 2495 590 189 utlöst
1662 2495 649 189 stöflarne

481 2638 383 166 som
700 2638 602 166 blifvit
1138 2638 438 166 till
1411 2638 766 166 målsegaren
1958 2638 383 166 åter¬-

403 2715 651 127 lemnade.

665 2773 325 206 På
827 2773 488 206 grund
1153 2773 325 206 af
1316 2773 434 206 hvad
1587 2773 597 206 sålunda
1966 2773 380 206 före¬-

468 2907 612 171 kommit
896 2907 367 171 är
1080 2907 612 171 Anders
1508 2907 612 171 Herder
1876 2907 428 171 Lind¬-

499 2996 412 149 gren
756 2996 721 149 reqvirerad
1322 2996 412 149 till
1579 2996 772 149 inställelse
2146 2996 154 149 i

470 3096 1078 174 Poliskammaren
1357 3096 571 174 denna
1675 3096 381 174 dag.

984 3182 635 160 Göteborg
1460 3182 370 160 den
1672 3182 264 160 2
1777 3182 370 160 Dec
1936 3182 370 160 1880.

76 3273 275 130 No
168 3273 275 130 254.

63 3431 259 82 Axel
192 3431 259 82 Patrik

50 3504 308 144 Petersson.

557 3231 430 191 Följande
880 3231 430 191 personer
1203 3231 323 191 hafva
1382 3231 323 191 anmält:

480 3366 204 173 1o
582 3366 883 173 Ammunitionsförvaltaren
1363 3366 204 173 F.
1464 3366 204 173 O.
1566 3366 407 173 Mellbin,
1872 3366 339 173 boende
2109 3366 170 173 i
2143 3366 170 173 hu¬-

475 3495 231 182 set
607 3495 198 182 No
706 3495 198 182 40
805 3495 231 182 vid
937 3495 264 182 Haga
1101 3495 461 182 Kyrkogata,
1464 3495 231 182 att
1596 3495 297 182 någon
1794 3495 231 182 dag
1925 3495 165 182 i
1991 3495 297 182 sist.
2156 3495 165 182 Ju¬-

450 3617 214 142 li
557 3617 321 142 månad
771 3617 214 142 då
878 3617 392 142 Mellbin
1163 3617 249 142 för
1305 3617 499 142 tillfället
1697 3617 321 142 varit
1911 3617 321 142 borta
2089 3617 214 142 från

461 3702 241 172 sin
598 3702 344 172 bostad
839 3702 206 172 en
942 3702 378 172 obekant
1217 3702 275 172 karl
1389 3702 447 172 ditkommit
1733 3702 241 172 och
1870 3702 241 172 med
1973 3702 344 172 helsning

2589 179 292 231 från
2772 179 402 231 Mellbin
3065 179 292 231 bedt
3248 179 256 231 att
3394 179 256 231 för
3540 179 292 231 hans
3723 179 402 231 räkning
4015 179 219 231 få
4125 179 219 231 en
4198 179 256 231 rock,

2616 319 304 232 under
2819 319 406 232 uppgift,
3124 319 237 232 att
3259 319 372 232 Mellbin
3530 319 338 232 skulle
3766 319 271 232 resa
3936 319 271 232 till
4071 319 372 232 Majnabbe;

2601 425 234 227 att
2734 425 167 227 i
2801 425 435 227 anledning
3136 425 301 227 deraf
3336 425 201 227 en
3436 425 267 227 rock
3604 425 201 227 af
3704 425 401 227 Mellbins
4005 425 267 227 piga
4172 425 267 227 till
4306 425 167 227 den

2605 568 404 164 obekante
2909 568 472 164 utlemnats;
3279 568 270 164 samt
3448 568 236 164 att
3583 568 303 164 några
3785 568 303 164 dagar
3987 568 404 164 derefter
4257 568 202 164 till

2597 671 380 208 Mellbin
2874 671 415 208 ankommit
3185 671 242 208 ett
3323 671 380 208 anonymt
3600 671 311 208 bref,
3807 671 276 208 deri
3945 671 553 208 brefskrifvaren

2616 776 271 220 bedt
2785 776 203 220 om
2887 776 474 220 förlåtelse
3259 776 237 220 för
3395 776 237 220 det
3530 776 339 220 rocken
3767 776 372 220 blifvit
4038 776 372 220 Mellbin
4275 776 237 220 från¬-

2621 879 374 189 narrad,
2893 879 170 189 i
2961 879 374 189 hvilket
3234 879 272 189 bref
3404 879 477 189 närslutits
3778 879 238 189 ett
3914 879 170 189 å
3982 879 306 189 samma
4187 879 272 189 rock
4323 879 170 189 den

2617 1007 231 207 27
2732 1007 192 207 i
2809 1007 346 207 samma
3039 1007 346 207 månad
3270 1007 231 207 af
3385 1007 576 207 Pantlånaren
3846 1007 384 207 Patrik
4077 1007 384 207 Larsson,

2621 1122 357 189 boende
2871 1122 178 189 i
2942 1122 321 189 huset
3157 1122 214 189 No
3264 1122 214 189 26
3371 1122 250 189 vid
3513 1122 535 189 Vestergatan
3942 1122 178 189 i
4013 1122 428 189 Annedahl
4299 1122 178 189 ut¬-

2622 1237 355 232 färdadt
2880 1237 484 232 pantqvitto,
3267 1237 420 232 utvisande
3590 1237 226 232 att
3719 1237 323 232 rocken
3945 1237 226 232 hos
4074 1237 355 232 Larsson
4300 1237 226 232 pant¬-

2622 1377 279 166 satts
2808 1377 217 166 för
2932 1377 217 166 Två
3056 1377 310 166 Kronor
3273 1377 186 166 50
3335 1377 186 166 öre;

2611 1435 218 196 2o
2720 1435 691 196 Skeppsstufvaren
3302 1435 218 196 O.
3411 1435 546 196 Hermansson,
3848 1435 364 196 boende
4103 1435 182 196 i
4175 1435 328 196 huset
4357 1435 146 196 No

2615 1574 215 215 79
2723 1574 179 215 i
2794 1574 430 215 Majornas
3117 1574 322 215 Andre
3332 1574 322 215 rote,
3547 1574 251 215 att
3690 1574 430 215 Onsdagen
4012 1574 251 215 den
4156 1574 215 215 24
4227 1574 287 215 Novem¬-

2617 1716 251 171 ber
2761 1716 215 171 en
2868 1716 394 171 obekant
3155 1716 287 171 karl
3334 1716 430 171 infunnit
3657 1716 251 171 sig
3801 1716 179 171 i
3872 1716 287 171 hans
4052 1716 359 171 bostad
4267 1716 179 171 och

2619 1817 313 211 under
2828 1817 417 211 uppgift,
3140 1817 243 211 att
3279 1817 486 211 Hermansson
3661 1817 452 211 uppehölle
4009 1817 243 211 sig
4147 1817 347 211 ombord
4356 1817 104 211 å

2627 1918 217 195 en
2735 1918 397 195 Ångbåt,
3024 1918 433 195 liggande
3349 1918 253 195 vid
3493 1918 505 195 Skeppsbron
3890 1918 289 195 samt
4071 1918 253 195 der
4179 1918 253 195 råkat

2617 2034 527 181 sönderrifva
3038 2034 246 181 det
3179 2034 246 181 ena
3319 2034 211 181 af
3425 2034 281 181 sina
3600 2034 386 181 påhafde
3881 2034 457 181 skoplagg,
4197 2034 281 181 begärt

2619 2175 244 186 och
2759 2175 279 186 fått
2933 2175 279 186 till
3108 2175 244 186 sig
3248 2175 454 186 utlemnade
3597 2175 244 186 ett
3736 2175 244 186 par
3841 2175 489 186 resårpjexor,

2631 2253 202 198 3o
2732 2253 370 198 Hustrun
3001 2253 403 198 Josefina
3304 2253 471 198 Kjerrberg,
3673 2253 336 198 boende
3909 2253 168 198 i
3976 2253 303 198 huset
4178 2253 202 198 No
4278 2253 235 198 142
4379 2253 101 198 i

2634 2354 379 209 Majornas
2919 2354 221 209 5te
3045 2354 284 209 rote,
3234 2354 221 209 att
3361 2354 379 209 tisdagen
3645 2354 221 209 den
3771 2354 189 209 30
3866 2354 379 209 November
4150 2354 189 209 en
4213 2354 284 209 obekant

2627 2475 285 204 karl
2806 2475 464 204 ditkommit
3162 2475 250 204 och
3305 2475 321 204 under
3519 2475 428 204 uppgift,
3840 2475 250 204 att
3982 2475 250 204 han
4089 2475 357 204 erhållit

2624 2683 286 88 hos
2747 2683 286 88 henne

2934 2627 216 77 inne¬-

3054 2573 330 208 boende
3285 2573 529 208 plåtslagaren
3715 2573 264 208 Axel
3880 2573 463 208 Peterssons
4211 2573 231 208 löfte

2635 2661 246 214 att
2775 2661 211 214 af
2881 2661 316 214 denne
3092 2661 281 214 låna
3267 2661 246 214 ett
3408 2661 246 214 par
3548 2661 351 214 byxor,
3794 2661 351 214 begärt
4040 2661 246 214 att
4146 2661 316 214 bekomma

2631 2820 357 229 dylika;
2890 2820 227 229 att
3020 2820 324 229 hustru
3246 2820 421 229 Kjerrberg
3571 2820 162 229 i
3635 2820 421 229 anledning
3959 2820 292 229 deraf
4154 2820 259 229 till
4284 2820 194 229 kar¬-

2618 2911 224 224 len
2746 2911 383 224 utlemnat
3033 2911 224 224 ett
3161 2911 224 224 par
3289 2911 415 224 Petersson
3608 2911 447 224 tillhöriga
3959 2911 319 224 byxor;
4183 2911 224 224 att
4278 2911 192 224 sam¬-

2618 3017 208 207 ma
2722 3017 243 207 dag
2861 3017 278 207 till
3035 3017 278 207 Axel
3208 3017 451 207 Petersson
3555 3017 416 207 ankommit
3867 3017 243 207 ett
4006 3017 382 207 anonymt
4249 3017 243 207 bref,

2633 3127 525 201 innefattande
3060 3127 230 201 bön
3191 3127 197 201 om
3290 3127 460 201 förlåtelse
3651 3127 230 201 för
3782 3127 230 201 det
3914 3127 361 201 byxorna
4144 3127 296 201 blifvit

2628 3261 314 182 honom
2838 3261 558 182 frånnarrade,
3291 3261 244 182 vid
3431 3261 384 182 hvilket
3710 3261 279 182 bref
3885 3261 349 182 fogats
4129 3261 244 182 ett
4234 3261 244 182 samma

2622 3350 252 227 dag
2766 3350 216 227 af
2874 3350 539 227 Pantlånaren
3305 3350 216 227 G.
3413 3350 431 227 Bergman,
3736 3350 359 227 boende
3988 3350 180 227 i
4060 3350 323 227 huset
4275 3350 216 227 No
4347 3350 144 227 37

2634 3475 228 196 vid
2765 3475 293 196 Breda
2960 3475 293 196 vägen
3156 3475 423 196 utfärdadt
3481 3475 489 196 pantqvitto,
3872 3475 456 196 utvisande,
4230 3475 228 196 att
4328 3475 163 196 by¬-

2636 3590 314 160 xorna
2846 3590 384 160 blifvit
3125 3590 244 160 för
3265 3590 175 160 5
3334 3590 349 160 Kronor
3579 3590 454 160 pantsatte
3928 3590 244 160 hos
4033 3590 349 160 Bergman.

2723 3680 305 216 Såsom
2926 3680 440 216 misstänkt
3265 3680 237 216 för
3400 3680 575 216 ifrågavarande
3874 3680 542 216 bedrägerier,
4280 3680 237 216 hafva
