5113 4087
536 257 190 102 i
612 257 493 102 Skolhuset
992 257 304 102 inom
1181 257 380 102 Lundby
1447 257 380 102 Socken
1713 257 531 102 tillgripit
2092 257 304 102 sjalen

534 377 254 104 och
679 377 472 104 bajadèren
1042 377 254 104 som
1187 377 508 104 påtraffats
1587 377 182 104 i
1660 377 363 104 hennes
1877 377 291 104 bostad

694 503 250 108 På
819 503 374 108 grund
1069 503 250 108 af
1194 503 333 108 hvad
1402 503 458 108 sålunda
1734 503 582 108 förekommit
2150 503 250 108 kom¬-

522 623 283 104 mer
683 623 324 104 Anna
886 623 364 104 Beata
1128 623 526 104 Olsdotter
1533 623 283 104 som
1694 623 485 104 förvaras
2058 623 202 104 å
2099 623 283 104 Cell¬-

530 745 523 88 fängelset
932 745 281 88 att
1093 745 362 88 denna
1334 745 281 88 dag
1494 745 281 88 för
1655 745 281 88 PKn
1776 745 442 88 inställas

1436 868 377 63 Göteborg
1718 868 220 63 den
1844 868 188 63 16
1938 868 346 63 Januari
2158 868 220 63 1880.

139 906 244 69 No
221 906 203 69 12.

84 1014 258 74 Gustaf
239 1014 283 74 Andersson

106 1088 174 74 Lund
215 1088 196 74 eller
324 1088 196 74 Thelin.

566 946 454 100 Handlanden
922 946 195 100 E.
1020 946 454 100 Petersson,
1377 946 324 100 boende
1604 946 162 100 i
1669 946 292 100 Huset
1863 946 195 100 No
1961 946 195 100 53
2058 946 227 100 vid
2155 946 195 100 Öfra

517 1061 691 83 Sprängkullegatan
1105 1061 242 83 har
1243 1061 484 83 Thorsdagen
1623 1061 242 83 den
1761 1061 207 83 15
1864 1061 173 83 i
1934 1061 311 83 denna
2106 1061 242 83 månad

534 1163 348 94 anmält,
788 1163 222 94 att
914 1163 570 94 derförutgångne
1389 1163 222 94 dag
1515 1163 190 94 på
1610 1163 348 94 aftonen
1864 1163 158 94 å
1927 1163 190 94 en
1990 1163 380 94 handkärra,

501 1255 246 124 som
641 1255 246 124 var
782 1255 386 124 stående
1063 1255 386 124 utanför
1344 1255 281 124 hans
1519 1255 492 124 handelsbod
1905 1255 176 124 i
1976 1255 316 124 huset
2186 1255 211 124 No
2257 1255 105 124 7

529 1378 219 107 vid
654 1378 438 107 Kungsgatan
998 1378 313 107 torget
1217 1378 250 107 från
1373 1378 281 107 honom
1561 1378 469 107 tillgripits
1936 1378 188 107 en
2030 1378 281 107 säck,
2186 1378 188 107 inne

511 1474 399 131 hållande
810 1474 166 131 3
877 1474 200 131 L℔
976 1474 166 131 5
1043 1474 166 131 ℔
1110 1474 399 131 rågmjöl,
1409 1474 299 131 värdt
1608 1474 166 131 5
1675 1474 333 131 kronor
1908 1474 200 131 25
1974 1474 200 131 öre.

611 1575 297 146 Sedan
809 1575 330 146 säcken
1040 1575 231 146 med
1172 1575 264 146 deri
1337 1575 429 146 förvarade
1668 1575 264 146 mjöl
1833 1575 495 146 återfunnits
2196 1575 198 146 stå¬-

528 1686 259 151 ende
690 1686 162 151 i
754 1686 194 151 en
852 1686 389 151 förstuga
1143 1686 162 151 i
1208 1686 227 151 ett
1338 1686 227 151 hus
1467 1686 162 151 i
1532 1686 551 151 Galgkrogarne,
1986 1686 227 151 har
2083 1686 259 151 Polis¬-

519 1795 460 141 konstapeln
880 1795 197 141 No
979 1795 197 141 66
1077 1795 394 141 Jonasson
1373 1795 525 141 förstberörde
1800 1795 230 141 dag
1931 1795 197 141 på
1997 1795 361 141 eftermid¬-

519 1911 293 125 dagen
715 1911 228 125 för
845 1911 293 125 detta
1041 1911 424 125 tillgrepp
1367 1911 391 125 anhållit
1661 1911 293 125 förre
1856 1911 391 125 Soldaten
2117 1911 261 125 Gustaf

523 2015 432 136 Andersson
855 2015 266 136 Lund
1021 2015 299 136 eller
1220 2015 332 136 Thelin
1452 2015 266 136 från
1618 2015 332 136 gården
1851 2015 266 136 Torp
2017 2015 166 136 i
2050 2015 332 136 Berghems

523 2125 334 124 Socken
756 2125 200 124 af
856 2125 434 124 Elfsborgs
1190 2125 267 124 län,
1357 2125 367 124 hvilken
1624 2125 234 124 vid
1757 2125 234 124 det
1891 2125 234 124 med
2024 2125 300 124 honom
2191 2125 167 124 an¬-

493 2221 367 136 ställde
760 2221 334 136 förhör
994 2221 468 136 uppgifvit,
1361 2221 234 136 att
1495 2221 234 136 han
1628 2221 334 136 kommit
1862 2221 234 136 hit
1996 2221 267 136 till
2130 2221 200 136 sta¬-

506 2327 237 130 den
642 2327 237 130 för
777 2327 237 130 att
912 2327 271 130 söka
1082 2327 372 130 arbete;
1352 2327 237 130 att
1488 2327 237 130 han
1623 2327 237 130 den
1759 2327 203 130 14
1860 2327 237 130 ds,
1996 2327 203 130 då
2097 2327 237 130 han
2199 2327 169 130 va¬-

498 2435 238 126 rit
634 2435 204 126 af
736 2435 340 126 starka
974 2435 374 126 drycker
1245 2435 408 126 berusad,
1551 2435 306 126 tagit
1755 2435 509 126 ifrågakomne
2128 2435 238 126 säck,

493 2559 247 126 som
634 2559 247 126 han
775 2559 317 126 trott
986 2559 423 126 tillhöra
1304 2559 212 126 en
1409 2559 353 126 bekant
1656 2559 423 126 landtbo,
1973 2559 247 126 med
2079 2559 247 126 hvil¬-

489 2667 258 136 ken
637 2667 258 136 han
784 2667 517 136 sällskapat
1190 2667 258 136 och
1338 2667 258 136 som
1486 2667 369 136 straxt
1744 2667 332 136 förut
1966 2667 258 136 åkt
2077 2667 222 136 hem,

480 2773 281 140 men
640 2773 441 140 hvilken
961 2773 281 140 han
1121 2773 361 140 ämnat
1362 2773 481 140 upphinna
1723 2773 200 140 i
1763 2773 561 140 Galgkrogarne

501 2893 244 130 för
641 2893 244 130 att
780 2893 279 130 till
954 2893 314 130 honom
1163 2893 314 130 lemna
1372 2893 348 130 säcken
1616 2893 244 130 med
1756 2893 383 130 mjölet;
2034 2893 244 130 att
2139 2893 209 130 han,

513 3005 210 120 då
618 3005 246 120 han
758 3005 210 120 ej
864 3005 386 120 träffat
1144 3005 351 120 denne,
1390 3005 351 120 insatt
1635 3005 351 120 säcken
1881 3005 175 120 i
1916 3005 456 120 ofvannämnde

477 3123 408 126 förstuga,
791 3123 408 126 hvarefter
1105 3123 220 126 han
1231 3123 251 126 åter
1388 3123 377 126 begifvit
1670 3123 220 126 sig
1796 3123 251 126 till
1953 3123 346 126 staden,
2173 3123 157 126 der

492 3242 239 108 han
629 3242 308 108 legat
834 3242 308 108 öfver
1039 3242 376 108 natten;
1312 3242 274 108 samt
1483 3242 239 108 att
1620 3242 239 108 han
1757 3242 410 108 påföljde
2065 3242 239 108 dag
2167 3242 137 108 på

488 3335 544 111 eftermiddagen
936 3335 416 111 återvändt
1256 3335 256 111 till
1416 3335 512 111 Galgkrogarne
1832 3335 224 111 för
1960 3335 224 111 att
2056 3335 288 111 afhemta

480 3433 360 105 säcken
732 3433 252 105 och
876 3433 396 105 förvara
1163 3433 432 105 densamma
1487 3433 324 105 tills
1703 3433 252 105 han
1847 3433 432 105 träffade
2134 3433 180 105 den

474 3530 372 113 bekante
744 3530 439 113 landtbon,
1082 3530 203 113 om
1183 3530 372 113 hvilken
1454 3530 236 113 han
1589 3530 338 113 endast
1825 3530 270 113 vet,
1994 3530 236 113 att
2129 3530 236 113 han

500 3644 321 87 heter
714 3644 285 87 Erik
893 3644 250 87 och
1035 3644 214 87 är
1142 3644 285 87 från
1321 3644 357 87 Hajoms
1535 3644 321 87 socken.

556 3729 359 126 Säcken
807 3729 251 126 med
951 3729 359 126 mjölet
1202 3729 215 126 är
1310 3729 502 126 återlemnad
1704 3729 287 126 till
1848 3729 466 126 målsegaren.

2789 265 245 106 På
2912 265 368 106 grund
3157 265 245 106 af
3280 265 327 106 hvad
3484 265 450 106 sålunda
3811 265 613 106 förekommit,
4261 265 327 106 kommer

2717 374 350 114 Gustaf
2962 374 456 114 Andersson
3313 374 280 114 Lund
3488 374 315 114 eller
3698 374 350 114 Thelin
3943 374 245 114 att
4083 374 315 114 denna
4294 374 245 114 dag
4399 374 175 114 för

2712 468 620 138 Poliskammaren
3222 468 511 138 inställas.
3624 468 438 138 Göteborg
3952 468 255 138 den
4098 468 219 138 16
4207 468 255 138 Jan
4317 468 255 138 1880.

4553 569 280 78 No
4647 569 233 78 13.

4579 694 223 64 Johan
4728 694 223 64 Adolf
4852 694 149 64 Jons

4559 770 146 68 son
4643 770 146 68 och
4726 770 188 68 Josef
4831 770 167 68 Victor

4545 856 318 65 Emanuel
4748 856 260 65 Majgren

4559 937 148 63 m.
4609 937 123 63 fl.

2852 600 410 83 Följade
3150 600 447 83 personer
3485 600 335 83 hafva
3672 600 335 83 anmält:

2719 677 195 134 1o
2817 677 520 134 Bokhandlaren
3240 677 195 134 N.
3337 677 195 134 P.
3435 677 390 134 Persson,
3727 677 228 134 som
3857 677 228 134 har
3987 677 358 134 boklåda
4247 677 163 134 i
4312 677 293 134 huset

2719 788 196 132 No
2817 788 196 132 23
2915 788 229 132 vid
3046 788 294 132 Södra
3242 788 457 132 Hamngatan,
3601 788 229 132 att
3732 788 229 132 den
3863 788 196 132 23
3961 788 425 132 sistlidne
4255 788 261 132 Novem¬-

2716 884 207 150 ber
2835 884 207 150 kl.
2953 884 326 150 omkring
3191 884 148 150 8
3250 884 178 150 e.
3339 884 178 150 m.
3428 884 326 150 inbrott
3665 884 385 150 föröfvats
3961 884 148 150 å
4020 884 296 150 vinden
4228 884 148 150 i
4257 884 267 150 berörde

2695 999 229 154 hus
2826 999 393 154 sålunda,
3121 999 229 154 att
3252 999 197 154 en
3351 999 393 154 glasruta
3645 999 164 154 å
3711 999 328 154 dörren
3940 999 426 154 derstädes
4235 999 295 154 sönder¬-

2726 1111 363 142 slagits,
2998 1111 393 142 hvarefter
3300 1111 242 142 inne
3452 1111 151 142 i
3512 1111 302 142 vinden
3724 1111 454 142 tillgripits
4087 1111 181 142 en
4177 1111 212 142 del
4268 1111 242 142 böcker

2711 1229 265 142 till
2876 1229 232 142 ett
3009 1229 298 142 värde
3207 1229 199 142 af
3307 1229 199 142 30
3406 1229 364 142 Kronor;
3671 1229 232 142 att
3803 1229 265 142 hans
3968 1229 364 142 biträde
4200 1229 364 142 ynglingen

2713 1337 251 138 Axel
2869 1337 407 138 Sandberg,
3183 1337 345 138 hvilken
3433 1337 219 138 vid
3558 1337 439 138 tillfället
3903 1337 439 138 uppehållit
4247 1337 219 138 sig
4373 1337 157 138 å
4404 1337 188 138 går¬-

2718 1447 302 146 den,
2907 1447 453 146 förmärkt
3247 1447 227 146 en
3361 1447 416 146 obekant
3663 1447 416 146 yngling
3965 1447 340 146 komma
4192 1447 265 146 ned
4305 1447 227 146 från

2718 1565 362 138 vinden
2971 1565 254 138 och
3116 1565 435 138 medhafva
3442 1565 217 138 en
3551 1565 326 138 mängd
3769 1565 362 138 böcker
4022 1565 326 138 under
4240 1565 254 138 sin
4348 1565 254 138 rock,

2712 1677 355 142 hvarvid
2970 1677 388 142 Sandberg
3261 1677 420 142 fasttagit
3584 1677 226 142 och
3713 1677 420 142 fråntagit
4037 1677 291 142 honom
4231 1677 162 142 7
4295 1677 226 142 st.
4392 1677 194 142 böc¬-

2718 1785 269 154 ker,
2887 1785 236 154 men
3021 1785 236 154 att
3156 1785 236 154 den
3291 1785 404 154 obekante
3594 1785 404 154 yngligen
3896 1785 337 154 slitit
4132 1785 236 154 sig
4267 1785 236 154 lös
4368 1785 168 154 och

2707 1891 398 158 sprungit
3006 1891 299 158 bort;
3205 1891 266 158 samt
3371 1891 232 158 att
3504 1891 232 158 vid
3636 1891 232 158 två
3769 1891 365 158 sednare
4035 1891 465 158 tillfällen
4367 1891 199 158 kort

2698 1999 376 160 efteråt
2972 1999 171 160 i
3040 1999 308 160 samma
3245 1999 274 160 vind
3416 1999 342 160 böcker
3656 1999 513 160 tillgripits
4067 1999 274 160 till
4238 1999 240 160 ett
4340 1999 240 160 värde

2711 2154 188 121 af
2805 2154 345 121 omkring
3055 2154 188 121 15
3118 2154 282 121 Kronor;

2701 2213 212 168 2o
2807 2213 635 168 Grosshandlaren
3336 2213 353 168 Herman
3583 2213 529 168 Josephsson,
4007 2213 353 168 boende
4254 2213 176 168 i
4289 2213 247 168 huset

2686 2313 206 169 No
2789 2313 206 169 17
2892 2313 241 169 vid
3030 2313 310 169 Östra
3236 2313 482 169 Hamngatan,
3615 2313 241 169 att
3752 2313 241 169 den
3890 2313 206 169 23
3993 2313 447 169 sistlidne
4303 2313 275 169 Decem¬-

2698 2415 239 165 ber
2834 2415 205 165 på
2937 2415 273 165 f.m.
3107 2415 205 165 14
3210 2415 239 165 st.
3346 2415 682 165 messingsstänger,
3926 2415 341 165 hvilka
4165 2415 341 165 tjenat
4369 2415 171 165 att

2704 2525 465 164 fasthålla
3062 2525 430 164 mattorna
3384 2525 179 164 i
3456 2525 644 164 trappuppgången
3993 2525 179 164 i
4065 2525 322 164 sagde
4280 2525 251 164 hus
4387 2525 179 164 och

2703 2637 265 156 voro
2869 2637 298 156 värda
3067 2637 497 156 tillsammans
3465 2637 199 156 14
3565 2637 365 156 Kronor,
3830 2637 365 156 derifån
4062 2637 464 156 tillgripits.

2721 2745 189 152 3o
2815 2745 723 152 Navigationsläraren;
3444 2745 472 152 Sjökaptenen
3821 2745 189 152 C.
3916 2745 189 152 J.
4010 2745 409 152 Carlsson,
4324 2745 314 152 boende

2711 2857 163 156 i
2777 2857 293 156 huset
2972 2857 196 156 No
3070 2857 196 156 49
3168 2857 228 156 vid
3298 2857 620 156 Drottninggatan,
3820 2857 228 156 att
3950 2857 228 156 vid
4081 2857 228 156 tre
4211 2857 424 156 särskilda

2697 2975 492 152 tillfällen
3083 2975 316 152 under
3294 2975 457 152 sistlidne
3645 2975 421 152 December
3961 2975 281 152 från
4137 2975 316 152 honom
4312 2975 246 152 till¬-

2711 3101 361 142 gripits
2974 3101 197 142 17
3073 3101 230 142 st.
3204 3101 329 142 dylika
3434 3101 657 142 messingsstänger,
3993 3101 493 142 tillsammans
4354 3101 230 142 värda

2701 3268 187 79 15
2763 3268 281 79 Kronor;

2716 3324 214 115 4o
2823 3324 500 115 Handlanden
3216 3324 357 115 Henrik
3466 3324 429 115 Ahlberg,
3788 3324 357 115 boende
4038 3324 179 115 i
4109 3324 321 115 huset
4324 3324 214 115 No
4395 3324 143 115 41

2734 3426 221 137 vid
2861 3426 284 137 Södra
3050 3426 442 137 Hamngatan,
3397 3426 221 137 att
3524 3426 221 137 vid
3650 3426 442 137 åtskilliga
3997 3426 442 137 tillfällen
4313 3426 221 137 sedan

2714 3538 340 129 början
2952 3538 204 129 af
3054 3538 306 129 denna
3257 3538 306 129 månad
3461 3538 374 129 inbrott
3733 3538 442 129 föröfvats
4073 3538 170 129 i
4140 3538 204 129 en
4208 3538 340 129 garderob

2718 3648 162 119 i
2782 3648 227 119 4de
2912 3648 389 119 våningen
3204 3648 162 119 i
3269 3648 292 119 sagde
3464 3648 260 119 hus,
3626 3648 357 119 hvarvid
3886 3648 325 119 dörren
4113 3648 357 119 öppnats
4340 3648 260 119 antag¬-

2706 3753 303 132 ligen
2909 3753 236 132 med
3043 3753 303 132 falsk
3246 3753 337 132 nyckel
3481 3753 236 132 och
3616 3753 337 132 längst
3852 3753 202 132 in
3953 3753 169 132 i
4021 3753 472 132 garderoben
4391 3753 169 132 å
4425 3753 135 132 en
