5076 4094
489 223 184 93 af
581 223 490 93 Smedmästaren
980 223 368 93 Johannes
1255 223 368 93 Eriksson
1531 223 153 93 i
1593 223 306 93 Borås,
1807 223 215 93 den
1930 223 153 93 3
1991 223 398 93 sistlidne
2267 223 153 93 De¬-

472 332 316 100 cember
694 332 316 100 kommit
915 332 221 100 hit
1041 332 253 100 till
1199 332 316 100 staden
1421 332 221 100 för
1547 332 221 100 att
1673 332 253 100 söka
1831 332 316 100 plats;
2053 332 221 100 att
2179 332 253 100 han,
2306 332 126 100 på

483 446 266 94 sätt
649 446 400 94 Gillblad
949 446 366 94 anmält,
1215 446 233 94 den
1349 446 167 94 6
1415 446 300 94 sist.
1615 446 400 94 December
1915 446 167 94 i
1982 446 266 94 hans
2115 446 233 94 butik

474 559 474 94 tillnarrat
847 559 237 94 sig
982 559 203 94 de
1084 559 203 94 af
1185 559 305 94 honom
1388 559 372 94 anmälde
1659 559 474 94 persedlar,
2032 559 339 94 hvaraf
2235 559 169 94 hon

482 665 418 102 bortgifvit
811 665 209 102 två
930 665 209 102 st.
1050 665 388 102 bajaderer
1348 665 209 102 och
1468 665 597 102 sidenhalsdukarne
1976 665 209 102 och
2095 665 269 102 sjelf
2245 665 149 102 be¬-

508 788 319 91 gagnat
732 788 351 91 paletån
987 788 224 91 och
1115 788 192 91 en
1211 788 383 91 bajader;
1498 788 224 91 att
1626 788 224 91 hon
1753 788 224 91 den
1881 788 160 91 9
1945 788 160 91 i
2009 788 287 91 sagde
2168 788 224 91 månad

490 897 395 94 återvändt
793 897 243 94 till
945 897 304 94 Borås,
1158 897 395 94 hvarifrån
1461 897 213 94 hon
1583 897 213 94 den
1704 897 182 94 19
1795 897 395 94 sistlidne
2069 897 273 94 Januari

494 1007 223 96 åter
633 1007 334 96 begifvit
884 1007 195 96 sig
995 1007 195 96 hit
1107 1007 223 96 till
1246 1007 306 96 staden;
1469 1007 195 96 att
1580 1007 195 96 hon
1692 1007 362 96 derefter,
1970 1007 251 96 såsom
2109 1007 223 96 öfrige

486 1126 420 83 målsägare
809 1126 355 83 anmält,
1067 1126 258 83 från
1229 1126 226 83 dem
1358 1126 452 83 tillnarrat
1713 1126 226 83 sig
1843 1126 194 83 de
1940 1126 226 83 här
2069 1126 291 83 ofvan
2230 1126 162 83 an¬-

478 1233 408 78 tecknade
784 1233 340 78 saker,
1023 1233 340 78 hvaraf
1261 1233 238 78 hon
1397 1233 272 78 sålt
1567 1233 204 78 en
1669 1233 204 78 av
1771 1233 511 78 Juveleraren
2146 1233 238 78 Holms

498 1339 451 99 guldringar
852 1339 258 99 till
1014 1339 419 99 Urmakaren
1336 1339 258 99 Ivar
1497 1339 322 99 Levin,
1723 1339 226 99 som
1852 1339 226 99 har
1981 1339 226 99 sin
2110 1339 290 99 butik
2271 1339 97 99 i

501 1450 282 101 huset
689 1450 188 101 No
783 1450 188 101 18
877 1450 220 101 vid
1003 1450 439 101 Husargatan
1348 1450 220 101 för
1473 1450 157 101 6
1536 1450 345 101 kronor,
1787 1450 408 101 hvarjemte
2101 1450 220 101 hon
2195 1450 157 101 vid

468 1562 284 111 samma
658 1562 410 111 tillfälle
973 1562 252 111 till
1131 1562 284 111 honom
1320 1562 378 111 bortbytt
1604 1562 189 111 de
1699 1562 221 111 två
1825 1562 284 111 andre
1982 1562 442 111 guldringarne

483 1678 217 107 mot
607 1678 217 107 ett
731 1678 466 107 cylinderur,
1104 1678 217 107 som
1228 1678 310 107 skulle
1445 1678 310 107 kostat
1663 1678 186 107 18
1756 1678 342 107 Kronor,
2004 1678 248 107 samt
2160 1678 217 107 att
2253 1678 155 107 hon

484 1802 382 101 dessutom
771 1802 382 101 bortbytt
1058 1802 446 101 Jakobssons
1408 1802 255 101 gråa
1567 1802 255 101 plym
1727 1802 223 101 mot
1854 1802 191 101 en
1950 1802 287 101 annan
2109 1802 255 101 dylik,

484 1914 211 103 men
605 1914 272 103 sjelf
786 1914 362 103 behållit
1058 1914 211 103 och
1178 1914 362 103 begagnat
1450 1914 211 103 det
1571 1914 302 103 öfrige
1752 1914 302 103 sakerna.

574 2030 365 93 Härjemte
848 2030 365 93 innehade
1121 2030 274 93 Hilda
1304 2030 365 93 Josefina
1578 2030 426 93 Johansson,
1913 2030 183 93 då
2004 2030 213 93 hon
2096 2030 304 93 anhölls,

490 2136 180 111 en
580 2136 239 111 muff
730 2136 180 111 af
819 2136 389 111 sjöfogel,
1119 2136 180 111 en
1208 2136 239 111 hatt
1358 2136 180 111 af
1448 2136 299 111 skinn,
1658 2136 180 111 en
1747 2136 329 111 halsduk
1987 2136 180 111 af
2077 2136 269 111 plys,
2226 2136 120 111 en

473 2242 345 115 blommig
724 2242 502 115 sidenhalsduk
1132 2242 251 115 samt
1288 2242 220 115 ett
1414 2242 220 115 par
1539 2242 282 115 skära
1728 2242 251 115 skor
1885 2242 220 115 och
2010 2242 220 115 ett
2136 2242 220 115 par
2230 2242 188 115 gula

464 2358 390 115 handskar,
764 2358 180 115 om
854 2358 330 115 åtkomst
1094 2358 360 115 hvartill
1364 2358 210 115 hon
1484 2358 420 115 uppgifvit,
1814 2358 210 115 att
1934 2358 210 115 hon
2054 2358 210 115 den
2174 2358 150 115 6
2204 2358 210 115 sist.

467 2480 395 107 December
763 2480 164 107 i
829 2480 592 107 Pelshandlanden
1322 2480 197 107 D.
1421 2480 395 107 Forsells
1716 2480 296 107 butik
1914 2480 164 107 i
1979 2480 296 107 huset
2177 2480 197 107 No
2242 2480 132 107 31

474 2594 221 109 vid
601 2594 284 109 Östra
790 2594 442 109 Hamngatan,
1138 2594 284 109 under
1327 2594 284 109 falsk
1517 2594 379 109 uppgift,
1801 2594 221 109 att
1928 2594 221 109 hon
2054 2594 253 109 vore
2180 2594 190 109 sänd

485 2704 185 123 af
578 2704 278 123 Baron
763 2704 432 123 Fägersköld
1102 2704 216 123 för
1226 2704 247 123 hans
1380 2704 339 123 räkning
1627 2704 370 123 anhållit
1904 2704 309 123 muffen
2120 2704 216 123 och
2213 2704 185 123 hat¬-

476 2812 254 139 ten,
635 2812 254 139 samt
793 2812 222 139 att
920 2812 222 139 hon
1047 2812 222 139 den
1174 2812 190 139 20
1269 2812 412 139 sistlidne
1586 2812 349 139 Januari
1839 2812 158 139 i
1871 2812 507 139 Handskhandlan¬-

458 2926 223 129 den
586 2926 191 129 C.
681 2926 191 129 G.
777 2926 383 129 Nilssons
1064 2926 287 129 butik
1256 2926 159 129 i
1319 2926 287 129 huset
1511 2926 191 129 No
1606 2926 191 129 59
1702 2926 223 129 vid
1830 2926 287 129 Södra
1989 2926 351 129 Hamngatan

469 3048 201 115 för
584 3048 287 115 fröken
785 3048 517 115 Silfverschölds
1216 3048 316 115 räkning
1446 3048 287 115 begärt
1647 3048 201 115 och
1762 3048 345 115 erhållit
2020 3048 230 115 till
2135 3048 287 115 påseende

461 3170 197 95 de
560 3170 263 95 båda
724 3170 296 95 paren
922 3170 395 95 handskar
1218 3170 230 95 och
1350 3170 230 95 den
1481 3170 165 95 4
1547 3170 329 95 dennes
1778 3170 165 95 i
1810 3170 560 95 Modehandlerskan

452 3282 310 99 Maria
658 3282 379 99 Zeumers
934 3282 310 99 butik
1141 3282 172 99 i
1210 3282 310 99 huset
1417 3282 207 99 No
1520 3282 207 99 34
1624 3282 310 99 Norra
1830 3282 448 99 Hamngatan
2141 3282 241 99 under

456 3404 379 87 enahanda
741 3404 379 87 uppgift,
1025 3404 411 87 halsduken
1341 3404 190 87 af
1436 3404 253 87 plys
1594 3404 221 87 och
1720 3404 221 87 två
1815 3404 537 87 sidenhalsdukar,

440 3516 191 89 af
536 3516 318 89 hvilka
758 3516 222 89 hon
885 3516 445 89 bortgifvit
1234 3516 222 89 den
1361 3516 222 89 ena
1488 3516 254 89 till
1647 3516 191 89 en
1742 3516 286 89 kusin
1933 3516 159 89 i
1996 3516 318 89 Borås.

538 3626 454 93 Handlanderne
907 3626 341 93 Forsell,
1162 3626 312 93 Nilsson
1390 3626 199 93 och
1503 3626 312 93 Zeumer,
1730 3626 199 93 som
1844 3626 312 93 blifvit
2071 3626 284 93 hörde,
2242 3626 170 93 haf¬-

449 3740 188 97 va
543 3740 407 97 vitsordat
856 3740 438 97 Johanssons
1200 3740 344 97 uppgift
1450 3740 219 97 att
1576 3740 219 97 hon
1701 3740 250 97 från
1857 3740 219 97 dem
1982 3740 438 97 tillnarrat
2295 3740 157 97 sig

2725 243 215 99 här
2848 243 276 99 ofvan
3032 243 429 99 antecknade
3370 243 307 99 saker,
3584 243 215 99 som
3707 243 184 99 af
3799 243 215 99 dem
3922 243 337 99 blifvit
4167 243 429 99 värderade,
4474 243 184 99 muf¬-

2714 346 212 134 fen
2835 346 242 134 till
2986 346 182 134 14
3077 346 333 134 Kronor,
3319 346 635 134 fruntimmershatten
3863 346 242 134 till
4015 346 151 134 7
4075 346 333 134 Kronor,
4287 346 363 134 handskarne

2723 472 230 132 till
2867 472 144 132 2
2925 472 288 132 Kronor
3126 472 173 132 50
3212 472 201 132 öre
3327 472 288 132 paret,
3528 472 374 132 halsduken
3816 472 173 132 af
3902 472 230 132 plys
4046 472 230 132 till
4190 472 144 132 3
4247 472 316 132 Kronor,
4448 472 144 132 den

2725 596 367 121 blommiga
3001 596 551 121 sidenhalsduken
3460 596 245 121 till
3613 596 153 121 4
3675 596 306 121 Kronor
3889 596 214 121 och
4012 596 214 121 den
4134 596 276 121 andra
4287 596 337 121 halsduken

2713 712 252 108 till
2870 712 221 108 Två
2965 712 284 108 Kronor.

2870 785 203 119 På
2972 785 305 119 grund
3175 785 203 119 af
3277 785 271 119 hvad
3446 785 373 119 sålunda
3717 785 508 119 förekommit,
4124 785 339 119 kommer
4327 785 237 119 Hilda

2724 900 382 134 Josefina
3010 900 413 134 Johansson
3328 900 223 134 att
3456 900 286 134 denna
3647 900 223 134 dag
3774 900 223 134 för
3901 900 223 134 PKn
3996 900 382 134 inställas.

3211 994 407 91 Göteborg
3516 994 238 91 den
3652 994 170 91 6
3720 994 407 91 Februari
3991 994 238 91 1880.

4620 1071 266 89 No
4708 1071 222 89 25.

4597 1204 294 61 Augusta
4784 1204 214 61 Amanda

4605 1284 211 67 Petersson.

2795 1104 265 148 Sedan
2971 1104 294 148 ogifta
3177 1104 235 148 Anna
3324 1104 412 148 Andersson,
3647 1104 294 148 boende
3853 1104 147 148 i
3912 1104 265 148 huset
4088 1104 176 148 No
4176 1104 176 148 60
4265 1104 206 148 vid
4353 1104 235 148 Stamp¬-

2720 1224 254 166 gatan
2889 1224 396 166 Thorsdagen
3200 1224 198 166 den
3314 1224 170 166 29
3398 1224 368 166 sistlidne
3681 1224 311 166 Januari
3907 1224 254 166 månad
4077 1224 311 166 anmält,
4303 1224 198 166 att
4388 1224 198 166 samma

2706 1346 211 178 dag
2826 1346 181 178 på
2917 1346 362 178 morgonen
3188 1346 151 178 i
3249 1346 302 178 hennes
3460 1346 302 178 bostad
3671 1346 241 178 från
3822 1346 271 178 henne
4003 1346 452 178 tillgripits
4365 1346 211 178 ett
4455 1346 151 178 par

2703 1472 425 168 begagnade
3030 1472 523 168 skinnkänger,
3455 1472 294 168 värda
3652 1472 229 168 Två
3782 1472 360 168 Kronor,
4044 1472 262 168 samt
4208 1472 229 168 att
4338 1472 229 168 hon
4436 1472 164 168 för

2717 1584 463 182 tillgreppet
3088 1584 432 182 misstänkte
3427 1584 216 182 ett
3551 1584 340 182 obekant
3798 1584 278 182 yngre
3983 1584 463 182 fruntimmer,
4354 1584 216 182 som
4447 1584 185 182 fått

2717 1708 275 184 ligga
2901 1708 214 184 hos
3023 1708 397 184 Andersson
3328 1708 275 184 öfver
3511 1708 305 184 natten
3725 1708 214 184 och
3847 1708 214 184 vid
3969 1708 458 184 bortgåendet
4305 1708 305 184 qvarlem¬-

2713 1844 219 168 nat
2838 1844 219 168 ett
2963 1844 219 168 par
3089 1844 376 168 söndriga
3371 1844 314 168 känger
3591 1844 251 168 utan
3747 1844 314 168 värde;
3967 1844 188 168 så
4061 1844 219 168 har
4155 1844 439 168 detektivkon¬-

2701 1970 344 164 stapeln
2951 1970 188 164 J.
3045 1970 313 164 Bohlin
3264 1970 219 164 den
3389 1970 156 164 6
3452 1970 313 164 dennes
3671 1970 219 164 för
3796 1970 282 164 detta
3984 1970 407 164 tillgrepp
4265 1970 313 164 anhållit

2689 2086 310 166 ogifta
2906 2086 342 166 Augusta
3155 2086 310 166 Amanda
3372 2086 404 166 Petersson
3683 2086 248 166 från
3838 2086 310 166 Onsala
4055 2086 310 166 socken
4272 2086 155 166 i
4304 2086 310 166 Hallands

2697 2216 214 155 län
2820 2216 214 155 och
2942 2216 214 155 för
3065 2216 428 155 tillfället
3401 2216 306 155 boende
3615 2216 153 155 i
3677 2216 275 155 huset
3860 2216 184 155 No
3952 2216 184 155 87
4044 2216 245 155 Litt
4197 2216 153 155 E
4258 2216 214 155 vid
4350 2216 214 155 Norra

2697 2338 433 143 Burgården,
3037 2338 340 143 hvilken
3285 2338 216 143 vid
3408 2338 464 143 anhållandet
3779 2338 216 143 var
3903 2338 309 143 iklädd
4119 2338 186 143 de
4212 2338 247 143 från
4336 2338 278 143 Anders¬-

2664 2456 222 164 son
2791 2456 443 164 tillgripne
3139 2456 412 164 kängerna;
3456 2456 222 164 och
3583 2456 222 164 har
3709 2456 412 164 Petersson
4026 2456 222 164 vid
4153 2456 222 164 det
4279 2456 222 164 med
4374 2456 222 164 henne

2702 2578 361 156 anställde
2980 2578 278 156 förhör
3175 2578 389 156 uppgifvit,
3480 2578 195 156 att
3592 2578 222 156 hon,
3730 2578 195 156 som
3842 2578 167 156 är
3925 2578 222 156 född
4064 2578 195 156 den
4175 2578 167 156 13
4259 2578 250 156 April
4397 2578 195 156 1861,

2681 2706 163 156 i
2747 2706 326 156 medlet
2975 2706 196 156 af
3073 2706 294 156 sist.
3269 2706 359 156 Januari
3530 2706 294 156 månad
3725 2706 326 156 kommit
3954 2706 228 156 hit
4084 2706 261 156 till
4247 2706 326 156 staden
4443 2706 163 156 för

2679 2830 233 158 att
2812 2830 333 158 träffa
3045 2830 200 158 en
3145 2830 333 158 bekant
3378 2830 366 158 sjöman;
3644 2830 233 158 att
3777 2830 266 158 hon,
3944 2830 200 158 på
4043 2830 266 158 sätt
4177 2830 399 158 målsegaren

2683 2950 403 156 uppgifvit,
3000 2950 202 156 den
3115 2950 173 156 29
3201 2950 259 156 sist.
3374 2950 317 156 Januari
3604 2950 202 156 vid
3720 2950 432 156 bortgåendet
4065 2950 288 156 iklädt
4267 2950 202 156 sig
4353 2950 259 156 känger¬-

2664 3078 224 148 na,
2792 3078 320 148 hvilka
3016 3078 224 148 hon
3144 3078 288 148 sedan
3335 3078 416 148 begagnat;
3655 3078 256 148 samt
3815 3078 224 148 att
3943 3078 224 148 hon
4071 3078 320 148 vistas
4294 3078 224 148 här
4390 3078 192 148 utan

2677 3205 216 139 att
2801 3205 278 139 hafva
2986 3205 278 139 någon
3171 3205 556 139 sysselsättning
3635 3205 278 139 eller
3820 3205 278 139 medel
4005 3205 247 139 till
4160 3205 247 139 sitt
4283 3205 371 139 uppehälle.

2807 3331 416 109 Kängerna
3119 3331 243 109 äro
3258 3331 277 109 till
3431 3331 346 109 egaren
3639 3331 485 109 återlemnade.

2770 3442 243 108 På
2891 3442 364 108 grund
3133 3442 243 108 af
3255 3442 323 108 hvad
3457 3442 445 108 sålunda
3780 3442 606 108 förekommit,
4225 3442 323 108 kommer

2672 3586 399 112 Augusta
2962 3586 363 112 Amanda
3216 3586 472 112 Petersson
3578 3586 254 112 att
3724 3586 326 112 denna
3941 3586 254 112 dag
4086 3586 254 112 för
4195 3586 399 112 Poliskam¬-

2671 3718 347 103 maren
2903 3718 539 103 inställas.
3326 3718 462 103 Göteborg
3673 3718 270 103 den
3827 3718 193 103 7
3904 3718 462 103 februari
4212 3718 270 103 1880.
