4935 4051
415 140 148 110 3
475 140 148 110 ℔
534 140 266 110 Smor,
711 140 177 110 en
799 140 207 110 del
918 140 236 110 bröd
1065 140 207 110 och
1183 140 177 110 en
1272 140 295 110 nyckel
1479 140 443 110 tillsammans
1833 140 266 110 värdt
2010 140 148 110 3
2070 140 207 110 Kr.
2188 140 177 110 75
2247 140 177 110 öre.

429 239 169 173 6o
513 239 254 173 Pigan
683 239 338 173 Carolina
936 239 338 173 Jönsson,
1190 239 141 173 i
1247 239 282 173 tjenst
1444 239 197 173 hos
1557 239 536 173 Grosshandlanden
2008 239 169 173 J.
2093 239 169 173 H.
2149 239 282 173 Hallberg

437 315 142 182 i
493 315 255 182 huset
663 315 227 182 Litt
805 315 142 182 G
862 315 142 182 å
918 315 539 182 Getebergsängen,
1372 315 198 182 att
1485 315 340 182 lördagen
1740 315 198 182 den
1854 315 170 182 28
1939 315 255 182 sist.
2081 315 283 182 Februari

429 457 188 185 på
523 457 250 185 f.m.
679 457 156 185 å
742 457 469 185 Kungstorget
1117 457 250 185 från
1274 457 282 185 henne
1461 457 469 185 tillgripits
1837 457 188 185 en
1931 457 250 185 hvit
2056 457 344 185 torgkorg,

453 547 453 133 innehållande
821 547 255 133 kött,
991 547 227 133 ost,
1133 547 227 133 smör
1275 547 198 133 och
1388 547 255 133 bröd,
1558 547 425 133 tillsammans
1898 547 255 133 värdt
2068 547 170 133 10
2125 547 255 133 Kronor;

424 633 176 193 7o
512 633 294 193 Ogifta
718 633 235 193 Anna
865 633 324 193 Olsson,
1100 633 353 193 anställd
1365 633 147 193 å
1424 633 382 193 Göteborgs
1718 633 382 193 bryggeri,
2012 633 206 193 att
2100 633 294 193 Lördagen

440 746 202 193 den
555 746 144 193 6
613 746 259 193 sist.
786 746 230 193 Mars
930 746 173 193 kl
1016 746 202 193 1/2
1132 746 173 193 11
1218 746 230 193 f.m.
1362 746 259 193 invid
1535 746 173 193 en
1621 746 461 193 slagtarevagn
1996 746 144 193 å
2025 746 374 193 Kungstorget

434 855 243 184 från
586 855 273 184 henne
768 855 456 184 tillgripits
1132 855 182 184 en
1223 855 243 184 brun
1375 855 395 184 torgkorg,
1679 855 486 184 innehållande
2074 855 273 184 något
2226 855 182 184 små¬-

434 967 265 186 sill,
610 967 177 186 en
699 967 295 186 kolja,
905 967 177 186 en
993 967 295 186 gädda,
1199 967 147 186 2
1258 967 147 186 ℔
1317 967 265 186 smör,
1494 967 147 186 5
1553 967 147 186 ℔
1612 967 442 186 krossocker,
1965 967 206 186 ett
2083 967 147 186 ℔
2112 967 236 186 kaffe¬-

453 1059 199 195 och
566 1059 199 195 två
680 1059 370 195 buteljer,
965 1059 456 195 innehållande
1336 1059 313 195 grädde,
1564 1059 427 195 tillsammans
1906 1059 256 195 värdt
2077 1059 142 195 8
2134 1059 171 195 Kr
2219 1059 171 195 75
2276 1059 171 195 öre,

439 1192 181 154 8o
529 1192 331 154 Mansell
770 1192 181 154 F.
860 1192 301 154 Corin,
1071 1192 301 154 boende
1282 1192 150 154 i
1342 1192 331 154 Enkefru
1582 1192 301 154 Langes
1793 1192 211 154 hus
1914 1192 211 154 vid
2004 1192 391 154 Lorensberg,

445 1274 218 213 att
569 1274 373 213 Lördagen
849 1274 218 213 den
974 1274 187 213 13
1067 1274 280 213 sist.
1253 1274 249 213 Mars
1409 1274 187 213 på
1502 1274 249 213 f.m.
1658 1274 218 213 vid
1782 1274 560 213 Smörhandlanden
2217 1274 187 213 Sve¬-

460 1396 399 187 ningssons
767 1396 614 187 försäljningsbord
1289 1396 153 187 å
1350 1396 460 187 Kungstorget
1718 1396 245 187 från
1872 1396 276 187 henne
2025 1396 399 187 tillgripits

450 1490 185 200 en
543 1490 246 200 stor
696 1490 308 200 omålad
912 1490 400 200 torgkorg,
1219 1490 492 200 innehållande
1619 1490 215 200 två
1742 1490 277 200 olika
1927 1490 338 200 stycken
2142 1490 277 200 oxkött,

449 1645 221 186 tre
576 1645 348 186 stycken
829 1645 379 186 torskar,
1113 1645 158 186 4
1177 1645 158 186 ℔
1240 1645 285 186 smör,
1429 1645 190 186 26
1524 1645 221 186 st.
1651 1645 253 186 ägg,
1809 1645 158 186 5
1872 1645 158 186 ℔
1935 1645 379 186 rismjöl,
2220 1645 190 186 10
2283 1645 95 186 ℔

463 1713 338 195 socker
700 1713 169 195 i
768 1713 237 195 två
903 1713 338 195 påsar,
1140 1713 338 195 märkte
1377 1713 237 195 med
1512 1713 203 195 W.
1614 1713 305 195 Evers
1817 1713 541 195 namnstämpel,
2257 1713 169 195 5
2290 1713 102 195 ℔

434 1830 287 190 bruna
626 1830 319 190 bönor,
849 1830 192 190 en
945 1830 415 190 brödkaka,
1264 1830 224 190 1/2
1392 1830 319 190 butelj
1616 1830 351 190 grädde,
1871 1830 224 190 och
1999 1830 287 190 något
2158 1830 224 190 gran¬-

453 1960 271 127 ris,
622 1960 508 127 alltsammans
1029 1960 305 127 värdt
1232 1960 203 127 15
1334 1960 169 127 á
1401 1960 203 127 16
1469 1960 305 127 Kronor;

451 2066 197 183 9o
550 2066 362 183 hustrun
813 2066 263 183 Anna
977 2066 461 183 Petersson,
1339 2066 329 183 boende
1570 2066 164 183 i
1635 2066 296 183 huset
1833 2066 197 183 No
1931 2066 197 183 23
2030 2066 164 183 i
2096 2066 296 183 Andre
2260 2066 132 183 ro

465 2183 202 128 ten
581 2183 145 128 å
639 2183 434 128 Lindholmen,
985 2183 202 128 att
1101 2183 347 128 Lördagen
1361 2183 202 128 den
1477 2183 173 128 15
1564 2183 260 128 sist.
1737 2183 202 128 Maj
1853 2183 173 128 kl
1939 2183 202 128 1/2
2055 2183 173 128 10
2142 2183 231 128 f.m.
2257 2183 145 128 vid

463 2280 321 163 dörren
688 2280 257 163 till
848 2280 770 163 Charkuterihandlanden
1522 2280 321 163 Bauers
1747 2280 674 163 försäljningsstånd
2293 2280 96 163 å

452 2386 455 176 Kungstorget
816 2386 243 176 från
968 2386 273 176 henne
1150 2386 455 176 tillgripits
1514 2386 182 176 en
1605 2386 273 176 svart
1787 2386 395 176 torgborg,
2060 2386 304 176 innehål¬-

442 2506 286 183 lande
633 2506 413 183 2buteljer
951 2506 350 183 punsch,
1205 2506 286 183 värde
1396 2506 159 183 2
1459 2506 350 183 Kronor,
1714 2506 222 183 två
1841 2506 381 183 buteljer
2095 2506 286 183 konjak,

455 2606 262 161 värde
630 2606 146 161 2
688 2606 291 161 Kronor
892 2606 175 161 50
979 2606 233 161 öre,
1125 2606 146 161 2
1183 2606 146 161 ℔
1241 2606 291 161 sylta,
1445 2606 233 161 värd
1591 2606 175 161 50
1678 2606 233 161 öre,
1824 2606 146 161 2
1882 2606 204 161 1/2
1999 2606 146 161 ℔
2028 2606 320 161 medvurst,

432 2731 259 165 värd
594 2731 194 165 En
691 2731 292 165 Krona
885 2731 194 165 25
982 2731 227 165 öre
1112 2731 227 165 och
1242 2731 421 165 specerier
1565 2731 227 165 för
1695 2731 194 165 En
1760 2731 259 165 Krona.

450 2824 220 179 10o
575 2824 283 179 Pigan
764 2824 378 179 Josefina
1048 2824 409 179 Svensson,
1363 2824 378 179 anställd
1646 2824 220 179 hos
1741 2824 598 179 Poliskommissarien

452 2955 177 149 R.
541 2955 177 149 G.
630 2955 384 149 Wittboldt
925 2955 148 149 i
985 2955 266 149 huset
1162 2955 177 149 No
1251 2955 177 149 33
1339 2955 207 149 vid
1458 2955 414 149 Sillgatan,
1783 2955 207 149 att
1901 2955 355 149 Lördagen
2167 2955 207 149 den
2256 2955 118 149 22

454 3048 282 198 sist.
642 3048 219 198 Maj
767 3048 188 198 kl
861 3048 219 198 1/2
986 3048 188 198 11
1080 3048 250 198 f.m.
1236 3048 157 198 å
1299 3048 470 198 Kungstorget
1675 3048 250 198 från
1831 3048 282 198 henne
1988 3048 407 198 tillgripits

440 3150 189 194 en
534 3150 252 194 hvit
691 3150 283 194 korg,
880 3150 504 194 innehållande
1290 3150 189 194 en
1384 3150 409 194 kalfstek,
1699 3150 157 194 5
1762 3150 157 194 ℔
1825 3150 315 194 färskt
2046 3150 315 194 fläsk,
2266 3150 157 194 3
2298 3150 94 194 ℔

434 3271 249 196 smör
590 3271 218 196 och
714 3271 218 196 ett
839 3271 249 196 tjog
995 3271 249 196 ägg,
1150 3271 467 196 tillsammans
1524 3271 280 196 värdt
1711 3271 218 196 Sju
1836 3271 312 196 Kronor
2054 3271 187 196 50
2116 3271 187 196 öre;

436 3394 235 175 11o
571 3394 302 175 Pigan
772 3394 403 175 Mathilda
1074 3394 403 175 Jonsson,
1377 3394 168 175 i
1444 3394 336 175 tjenst
1679 3394 235 175 hos
1813 3394 470 175 Handlanden
2149 3394 235 175 Arvid

443 3500 388 178 Eriksson
734 3500 162 178 i
798 3500 291 178 huset
992 3500 194 178 No
1089 3500 194 178 58
1186 3500 226 178 vid
1316 3500 291 178 Smala
1510 3500 323 178 vägen,
1736 3500 226 178 att
1866 3500 388 178 lördagen
2157 3500 226 178 den
2254 3500 129 178 29

454 3584 271 240 sist.
635 3584 211 240 Maj
755 3584 211 240 kl.
876 3584 211 240 1/2
996 3584 181 240 11
1087 3584 181 240 f.
1177 3584 271 240 midd.
1358 3584 271 240 invid
1539 3584 512 240 Köttmånglaren
1930 3584 422 240 Gabrielssons

2513 165 626 244 försäljningsvagn
3045 165 157 244 å
3108 165 470 244 Kungstorget
3484 165 251 244 från
3640 165 282 244 henne
3828 165 470 244 tillgripits
4204 165 188 244 en
4266 165 251 244 större

2518 324 240 176 hvit
2668 324 361 176 torgkorg
2939 324 210 176 med
3059 324 271 176 lock,
3239 324 481 176 innehållande
3630 324 180 176 10
3720 324 150 176 ℔
3780 324 271 176 smör,
3961 324 271 176 värdt
4141 324 150 176 6
4201 324 210 176 Kr.
4322 324 180 176 70
4382 324 150 176 öre

2528 418 182 173 11
2619 418 151 173 ℔
2679 418 333 173 oxkött,
2921 418 272 173 värdt
3103 418 212 173 Tre
3224 418 303 173 Kronor
3436 418 182 173 19
3527 418 242 173 öre,
3678 418 182 173 en
3769 418 272 173 mössa
3951 418 182 173 af
4042 418 272 173 svart
4223 418 272 173 kläde
4375 418 151 173 med

2535 532 442 178 utstående
2875 532 340 178 skärm,
3113 532 272 178 värd
3283 532 238 178 Två
3419 532 374 178 Kronor,
3692 532 204 178 en
3794 532 306 178 bundt
3998 532 306 178 hvita
4202 532 272 178 band
4338 532 170 178 och

2526 650 210 217 en
2631 650 280 217 hvit
2806 650 699 217 porslinstallrik,
3400 650 524 217 tillsammans
3820 650 315 217 värdt
4029 650 210 217 En
4099 650 280 217 Krona;

2537 762 224 226 12o
2665 762 481 226 Sjökaptenen
3050 762 192 226 C.
3146 762 192 226 J.
3242 762 449 226 Jakobsson,
3595 762 320 226 boende
3819 762 160 226 i
3883 762 288 226 huset
4075 762 192 226 No
4171 762 192 226 19
4268 762 224 226 vid
4364 762 160 226 Hu¬-

2536 862 391 206 sargatan,
2837 862 211 206 att
2957 862 361 206 lördagen
3228 862 211 206 den
3349 862 181 206 29
3439 862 391 206 sistlidne
3740 862 211 206 Maj
3861 862 211 206 kl.
3981 862 181 206 9.
4071 862 241 206 f.m.
4222 862 211 206 vid
4312 862 211 206 Slag¬-

2531 949 302 239 taren
2733 949 436 239 Svenssons
3068 949 705 239 försäljningsstånd
3672 949 168 239 å
3739 949 503 239 Kungstorget
4142 949 268 239 från
4276 949 235 239 honom

2528 1122 473 213 tillgripits
2907 1122 189 213 en
3001 1122 252 213 hvit
3159 1122 410 213 torgkorg,
3474 1122 505 213 innehållande
3884 1122 221 213 två
4010 1122 284 213 slags
4168 1122 347 213 medvurst,

2526 1202 369 207 Wiener-
2794 1202 235 207 och
2928 1202 503 207 lefverkorg,
3330 1202 201 207 en
3430 1202 302 207 limpa
3631 1202 268 207 samt
3799 1202 235 207 tre
3933 1202 302 207 kakor
4134 1202 302 207 mjukt
4301 1202 201 207 bröd

2524 1384 478 153 tillsammans
2907 1384 287 153 värdt
3098 1384 159 153 9
3162 1384 319 153 Kronor
3385 1384 191 153 45
3481 1384 255 153 öre;
3609 1384 159 153 och

2524 1450 236 168 13o
2659 1450 236 168 Fru
2794 1450 405 168 Carolina
3098 1450 405 168 Hansson,
3402 1450 338 168 boende
3639 1450 169 168 å
3706 1450 338 168 Ryanäs
3943 1450 169 168 å
4010 1450 439 168 Hisingen,
4314 1450 169 168 att

2542 1560 385 243 lördagen
2831 1560 225 243 den
2959 1560 160 243 5
3023 1560 353 243 dennes,
3280 1560 225 243 kl.
3408 1560 193 243 10
3504 1560 257 243 f.m.
3665 1560 160 243 å
3729 1560 481 243 Kungstorget
4114 1560 257 243 från
4242 1560 225 243 henne

2535 1691 445 239 tillgripits
2892 1691 178 239 en
2981 1691 238 239 brun
3129 1691 386 239 torgkorg,
3426 1691 475 239 innehållande
3812 1691 208 239 ett
3931 1691 327 239 saltadt
4139 1691 386 239 svinhufvud,

2524 1817 350 196 vägande
2779 1817 159 196 6
2843 1817 191 196 ℔,
2938 1817 223 196 ett
3065 1817 382 196 skålpund
3352 1817 255 196 rökt
3511 1817 287 196 fläsk
3702 1817 223 196 och
3829 1817 223 196 två
3957 1817 414 196 buteljer,
4243 1817 223 196 inne¬-

2548 1902 387 202 hållande
2838 1902 355 202 bränvin
3096 1902 226 202 och
3225 1902 290 202 något
3419 1902 323 202 tobak,
3645 1902 484 202 tillsammans
4032 1902 290 202 värdt
4226 1902 161 202 6
4258 1902 258 202 kronor

2559 2104 197 117 75
2625 2104 197 117 öre.

2693 2110 276 223 Sedan
2877 2110 153 223 i
2939 2110 399 223 anledning
3245 2110 276 223 häraf
3429 2110 552 223 efterspaningar
3889 2110 215 223 för
4012 2110 399 223 utrönande
4287 2110 215 223 hvem¬-

2557 2236 220 210 som
2682 2236 376 210 föröfvat
2964 2236 188 210 de
3059 2236 220 210 här
3184 2236 282 210 ofvan
3372 2236 471 210 somförmälde
3749 2236 471 210 tillgreppen
4125 2236 314 210 längre
4313 2236 157 210 tid

2564 2362 338 211 pågått,
2810 2362 246 211 utan
2964 2362 215 211 att
3087 2362 338 211 tjufven
3333 2362 308 211 kunnat
3549 2362 431 211 upptäckas,
3887 2362 338 211 vidtogs
4134 2362 215 211 för
4226 2362 246 211 sådant

2545 2462 343 219 ändamål
2794 2462 374 219 Lördagen
3075 2462 218 219 den
3200 2462 187 219 12
3293 2462 312 219 dennes
3511 2462 218 219 den
3636 2462 343 219 åtgärd,
3885 2462 249 219 att,
4041 2462 281 219 efter
4197 2462 312 219 anmodan,

2541 2551 184 241 en
2633 2551 306 241 qvinna
2847 2551 214 241 vid
2970 2551 214 241 ett
3092 2551 643 241 försäljningsståld
3643 2551 153 241 å
3704 2551 459 241 Kungstorget
4071 2551 398 241 utställde
4347 2551 122 241 en

2545 2668 196 284 af
2643 2668 294 284 henne
2840 2668 360 284 medförd
3101 2668 262 284 korg
3265 2668 229 284 med
3396 2668 392 284 matvaror
3690 2668 229 284 och
3821 2668 392 284 derefter
4083 2668 392 284 aflägsnade

2528 2792 271 236 sig,
2697 2792 373 236 hvarvid
2968 2792 813 236 detektivkonstaplarne
3680 2792 440 236 Lindgren,
4019 2792 407 236 Rönnbäck
4290 2792 169 236 och

2533 2916 292 227 Bruun
2727 2916 195 227 på
2824 2916 292 227 något
3019 2916 357 227 afstånd
3278 2916 389 227 bevakade
3570 2916 357 227 korgen,
3830 2916 357 227 hvilken
4089 2916 292 227 efter
4251 2916 227 227 någon

2560 3036 255 222 kort
2720 3036 287 222 stund
2911 3036 191 222 en
3006 3036 287 222 okänd
3198 3036 319 222 qvinna
3421 3036 414 222 tillegnat
3740 3036 255 222 sig,
3899 3036 414 222 hvarefter
4218 3036 255 222 hon,
4346 3036 159 222 med

2548 3139 420 231 hafvande
2863 3139 385 231 korgen,
3142 3139 350 231 ingått
3387 3139 175 231 i
3457 3139 210 231 en
3562 3139 489 231 närbelägen
3947 3139 420 231 salubod.
4261 3139 210 231 Då
4331 3139 175 231 hon

2549 3250 309 244 snart
2755 3250 447 244 derefter,
3098 3250 515 244 fortfarande
3511 3250 378 244 bärande
3786 3250 344 244 korgen
4026 3250 412 244 utkommit
4301 3250 206 244 från

2553 3377 471 225 saluboden,
2923 3377 269 225 blef
3091 3377 235 225 hon
3226 3377 202 225 af
3327 3377 370 225 bemälde
3595 3377 471 225 konstaplar
3965 3377 437 225 anhållen,
4268 3377 235 225 hvar¬-

2557 3483 239 226 vid
2693 3483 239 226 hon
2830 3483 375 226 befanns
3102 3483 273 226 vara
3272 3483 681 226 Gjuteriarbetaren
3852 3483 341 226 August
4056 3483 409 226 Börjessons

2541 3628 288 189 från
2721 3628 503 189 Lindholmen
3116 3628 359 189 hustru
3368 3628 395 189 Augusta
3655 3628 431 189 Josefina
3943 3628 395 189 Böjesson.
