4961 4062
494 206 551 239 Andersson,
927 206 236 239 nu
1045 206 394 239 boende
1321 206 197 239 i
1399 206 354 239 huset
1636 206 236 239 No
1754 206 236 239 22
1872 206 276 239 vid
1990 206 315 239 Pilga¬-

480 364 365 191 tan,
708 364 501 191 hvilken
1073 364 319 191 vid
1255 364 319 191 det
1437 364 319 191 med
1620 364 410 191 henne
1847 364 456 191 anstälda

495 487 435 187 förhör
799 487 522 187 vidgått,
1191 487 305 187 att
1365 487 305 187 hon
1539 487 261 187 på
1669 487 348 187 sätt
1843 487 522 187 målsegaren

429 587 695 184 uppgifvit
963 587 374 184 den
1177 587 321 184 23
1338 587 321 184 ds
1498 587 321 184 på
1605 587 695 184 förmiddagen

464 698 627 186 tillgripit
957 698 716 186 fjäderdynan,
1538 698 313 186 som
1717 698 313 186 hon
1896 698 358 186 kort
2075 698 269 186 der¬-

479 812 403 187 efter
748 812 403 187 låtit
1016 812 582 187 pantsätta
1464 812 313 187 för
1643 812 269 187 75
1777 812 313 187 öre
1956 812 313 187 hos
2091 812 313 187 ofvan

467 931 529 155 nämnde
837 931 740 155 pantlånare
1419 931 264 155 i
1524 931 476 155 huset
1841 931 317 155 No
2000 931 264 155 3
2053 931 264 155 vid

468 1030 763 167 Jerntorget;
1079 1030 407 167 samt
1333 1030 356 167 att
1537 1030 356 167 hon
1740 1030 560 167 användt
2096 1030 204 167 de

470 1136 334 195 vid
661 1136 860 195 pantsättningen
1378 1136 525 195 bekomne
1712 1136 621 195 penningarne

494 1245 364 195 till
722 1245 638 195 förtäring.
1223 1245 273 195 På
1360 1245 410 195 grund
1633 1245 273 195 af
1770 1245 364 195 hvad
1952 1245 364 195 sålun¬-

474 1365 297 186 da
622 1365 693 186 förekommit
1167 1365 297 186 är
1315 1365 644 186 Elisabeth
1761 1365 545 186 Andersson

484 1443 433 151 kallad
787 1443 346 151 till
1003 1443 649 151 inställelse
1522 1443 389 151 inför
1738 1443 606 151 Poliskammar¬-

496 1557 313 176 ren
675 1557 402 176 denna
943 1557 358 176 dag.
1167 1557 536 176 Göteborg
1569 1557 313 176 den
1748 1557 268 176 25
1882 1557 358 176 Nov.
2061 1557 313 176 1880.

49 1649 345 155 No
163 1649 345 155 245.

73 1826 253 84 Ernst
213 1826 225 84 Victor

16 1896 447 163 Bengtsson

529 1700 579 172 Följande
963 1700 579 172 personer
1397 1700 434 172 hafva
1639 1700 434 172 anmält:

501 1760 231 199 1o
616 1760 692 199 Tjensteflickan
1193 1760 346 199 Alida
1424 1760 462 199 Carlsson
1770 1760 192 199 i
1847 1760 385 199 tjenst
2078 1760 192 199 hos

519 1923 812 150 Postkontrollören
1209 1923 243 150 C.
1331 1923 487 150 Gentzel,
1696 1923 406 150 boende
1980 1923 203 150 i
2021 1923 284 150 huset

490 2045 241 143 No
610 2045 241 143 28
731 2045 281 143 vid
892 2045 321 143 Öfra
1093 2045 603 143 Husargatan,
1575 2045 281 143 att
1736 2045 281 143 den
1896 2045 201 143 2
1937 2045 321 143 sistl.

497 2129 523 101 Augusti
878 2129 238 101 å
973 2129 285 101 en
1115 2129 380 101 låst
1353 2129 713 101 vindsskrubb
1923 2129 238 101 i
1970 2129 333 101 samma

511 2212 309 184 hus
688 2212 354 184 från
909 2212 398 184 henne
1174 2212 707 184 tillgripits,
1748 2212 265 184 en
1837 2212 486 184 regnkappa

477 2312 263 180 af
609 2312 569 180 mörkgrått
1046 2312 481 180 ylletyg
1396 2312 350 180 värd
1615 2312 263 180 10
1702 2312 394 180 Kronor;

466 2412 270 193 2o
601 2412 719 193 Arbetskarlen
1185 2412 539 193 Benjamin
1589 2412 584 193 Mellroth,
1994 2412 314 193 boen¬-

500 2556 279 117 de
639 2556 232 117 i
732 2556 418 117 huset
1011 2556 279 117 No
1150 2556 232 117 3
1243 2556 325 117 vid
1429 2556 790 117 Snickaregatan
2034 2556 232 117 att

458 2633 287 173 den
622 2633 205 173 6
704 2633 369 173 eller
950 2633 205 173 7
1032 2633 410 173 sistl.
1319 2633 451 173 Oktober
1648 2633 205 173 i
1730 2633 246 173 en
1853 2633 328 173 låst
2017 2633 328 173 vinds¬-

447 2739 519 143 skrubb
810 2739 260 143 i
914 2739 467 143 samma
1226 2739 363 143 hus
1433 2739 415 143 från
1693 2739 467 143 honom
1953 2739 363 143 till¬-

497 2831 490 144 gripits,
865 2831 286 144 ett
1028 2831 286 144 par
1151 2831 449 144 grårutiga

1489 2845 275 66 korderoj¬-

1609 2876 355 136 byxor,
1857 2876 319 136 värde
2070 2876 213 136 10
2141 2876 177 136 Kr;

488 2937 264 207 3o
620 2937 439 207 Ogifta
927 2937 483 207 Johanna
1279 2937 395 207 Sofia
1542 2937 571 207 Svensson,
1938 2937 351 207 boende

473 3031 203 242 i
555 3031 365 242 huset
798 3031 243 242 No
920 3031 203 242 4
1001 3031 284 242 vid
1163 3031 730 242 Snickaregatan,
1771 3031 284 242 att
1933 3031 365 242 någon
2136 3031 203 242 dag

469 3161 381 156 sedan
723 3161 296 156 den
892 3161 212 156 7
976 3161 423 156 sistl.
1272 3161 465 156 Oktober
1611 3161 212 156 å
1695 3161 254 156 en
1822 3161 338 156 låst
1992 3161 338 156 vinds¬-

475 3278 472 153 skrubb
805 3278 236 153 i
900 3278 425 153 samma
1183 3278 330 153 hus
1372 3278 378 153 från
1608 3278 425 153 henne
1844 3278 472 153 tillgri¬-

486 3377 337 205 pits
697 3377 253 205 en
823 3377 337 205 röd-
1034 3377 295 205 och
1202 3377 632 205 svartrandig
1666 3377 632 205 halfyllekläd¬-

476 3487 414 163 ning,
752 3487 368 163 värd
982 3487 230 163 8
1027 3487 414 163 Kronor;

450 3591 256 170 4o
578 3591 555 170 Brovakten
1005 3591 256 170 E.
1133 3591 470 170 Olsson,
1475 3591 640 170 Skolläraren
1987 3591 256 170 M.
2072 3591 171 170 0.

487 3703 602 189 Björkqvist
960 3703 301 189 och
1132 3703 559 189 snickaren
1563 3703 258 189 J.
1692 3703 430 189 Boman,
1950 3703 258 189 alla

2628 198 408 219 boende
2914 198 204 219 i
2995 198 367 219 huset
3240 198 245 219 No
3362 198 245 219 39
3484 198 285 219 vid
3647 198 326 219 Haga
3851 198 571 219 Kyrkogata,
4258 198 204 219 att

2620 364 257 127 vid
2767 364 330 127 något
2987 364 477 127 tillfälle
3354 364 367 127 mellan
3610 364 257 127 den
3757 364 220 127 18
3867 364 257 127 och
4013 364 220 127 26
4087 364 293 127 sistl.

2621 480 501 141 Oktober
2986 480 228 141 å
3077 480 410 141 deras
3350 480 228 141 i
3441 480 410 141 samma
3714 480 319 141 hus
3851 480 546 141 befintliga

2647 551 387 174 låste
2905 551 732 174 vindsskrubbar
3508 551 646 174 tillgripits
4025 551 344 174 från
4197 551 258 174 Ols¬-

2630 652 346 151 son
2827 652 297 151 en
2976 652 445 151 svart
3273 652 495 151 frack,
3619 652 396 151 värd
3867 652 297 151 40
3966 652 445 151 Kronor,

2637 757 369 184 från
2867 757 646 184 Björkqvist
3375 757 323 184 ett
3559 757 323 184 par
3743 757 461 184 svarta
4020 757 369 184 byxor,

2644 870 462 184 värde
2951 870 308 184 10
3105 870 308 184 Kr
3259 870 359 184 och
3464 870 410 184 från
3721 870 462 184 Boman
4029 870 359 184 ett
4183 870 256 184 par

2634 976 459 147 svarta
2955 976 459 147 byxor,
3277 976 413 147 värde
3552 976 275 147 15
3644 976 413 147 kronor.

2611 1055 288 164 5o
2755 1055 433 164 Enkan
3044 1055 385 164 Anna
3284 1055 577 164 Jonsson,
3717 1055 481 164 boende
4053 1055 240 164 i
4101 1055 337 164 huset

2599 1178 271 146 No
2734 1178 271 146 18
2870 1178 316 146 vid
3051 1178 678 146 Bergsgatan,
3593 1178 316 146 att
3774 1178 316 146 den
3955 1178 271 146 11
4090 1178 271 146 ds
4226 1178 226 146 i
4271 1178 181 146 en

2624 1283 358 182 låst
2848 1283 716 182 vindsskrubb,
3430 1283 358 182 till
3654 1283 493 182 hvilken
3967 1283 493 182 hänglåset

2615 1379 809 198 sönderbrutits,
3289 1379 360 198 från
3514 1379 405 198 henne
3739 1379 629 198 tillgripits,

2606 1481 281 219 en
2747 1481 422 219 svart
3028 1481 562 219 klädning
3449 1481 281 219 af
3590 1481 749 219 halfylletyg,
4152 1481 281 219 värd

2610 1618 286 143 10
2706 1618 429 143 kronor;

2643 1705 285 155 6o
2786 1705 428 155 Enkan
3071 1705 380 155 Emma
3309 1705 618 155 Ullander,
3784 1705 523 155 hustrun
4117 1705 333 155 Selma

2629 1827 626 168 Settervall
3121 1827 313 168 och
3300 1827 715 168 Arbetskarlen
3881 1827 402 168 Johan
4105 1827 313 168 Peter

2607 1942 749 162 Johansson,
3195 1942 428 162 alla
3462 1942 535 162 boende
3837 1942 267 162 i
3944 1942 481 162 huset
4211 1942 214 162 No

2637 2048 304 200 14
2789 2048 355 200 vid
2992 2048 912 200 Snickaregatan,
3752 2048 355 200 att
3954 2048 355 200 den
4157 2048 304 200 13
4258 2048 203 200 ds

2631 2191 484 160 inbrott
2983 2191 572 160 föröfvats
3423 2191 220 160 i
3511 2191 308 160 dem
3688 2191 660 160 tillhörige,
4172 2191 308 160 låsta

2628 2276 775 201 vindsskrubbar
3267 2276 228 201 i
3358 2276 411 201 samma
3632 2276 365 201 hus,
3860 2276 456 201 dervid
4134 2276 319 201 till¬-

2621 2388 528 201 gripits
3005 2388 384 201 från
3245 2388 432 201 Enkan
3533 2388 624 201 Ullander,
4012 2388 288 201 en
4108 2388 288 201 brun

2582 2509 740 190 regnkappa
3151 2509 398 190 med
3379 2509 512 190 Svart
3663 2509 797 190 Sammetskrage

2605 2637 382 168 värd
2844 2637 287 168 10
2988 2637 287 168 Kr
3131 2637 335 168 och
3322 2637 382 168 från
3561 2637 430 168 Selma
3800 2637 574 168 Settervall

2600 2767 307 182 en
2753 2767 410 182 rock
3010 2767 410 182 samt
3266 2767 359 182 ett
3471 2767 359 182 par
3675 2767 512 182 byxor,
4034 2767 307 182 af
4136 2767 359 182 hvil¬-

2622 2885 331 149 ka
2787 2885 496 149 plagg
3118 2885 331 149 de
3283 2885 386 149 två
3503 2885 771 149 sistnämnde
4054 2885 386 149 åter¬-

2630 2977 535 186 funnits
3020 2977 243 186 å
3117 2977 487 186 vinden
3458 2977 535 186 utanför
3798 2977 633 186 Settervalls

2569 3054 870 233 vindsskrubb,
3276 3054 653 233 hvaremot
3765 3054 435 233 från
3983 3054 489 233 Johans¬-

2621 3208 408 131 sons
2876 3208 765 131 vindsskrubb
3488 3208 408 131 till
3742 3208 561 131 hvilkan
4099 3208 357 131 Kram¬-

2614 3305 433 164 pan,
2885 3305 433 164 deri
3155 3305 704 164 hänglåset
3697 3305 487 164 varit
3968 3305 487 164 fästadt

2613 3398 697 205 bortryckts
3161 3398 299 205 ej
3310 3398 448 205 något
3609 3398 747 205 tillgripits
4157 3398 299 205 samt

2574 3460 401 255 att
2803 3460 287 255 å
2918 3460 574 255 nämnde
3319 3460 459 255 vind
3606 3460 803 255 påträffats
4180 3460 229 255 en

2581 3629 834 171 portmonnaie,
3259 3629 834 171 innehållande
3937 3629 261 171 6
3989 3629 469 171 stycken
