<?xml version="1.0" encoding="UTF-8"?>
<alto xmlns:xsi="http://www.w3.org/2001/XMLSchema-instance"
      xmlns="http://www.loc.gov/standards/alto/ns-v4#"
      xmlns:page="http://schema.primaresearch.org/PAGE/gts/pagecontent/2013-07-15"
      xsi:schemaLocation="http://www.loc.gov/standards/alto/ns-v4# https://www.loc.gov/standards/alto/v4/alto.xsd">
   <Description>
      <MeasurementUnit>pixel</MeasurementUnit>
      <OCRProcessing ID="IdOcr">
         <ocrProcessingStep>
            <processingDateTime>2022-11-18T16:09:50.659+01:00</processingDateTime>
            <processingSoftware>
               <softwareCreator>READ COOP</softwareCreator>
               <softwareName>Transkribus</softwareName>
            </processingSoftware>
         </ocrProcessingStep>
      </OCRProcessing>
   </Description>
   <Tags/>
   <Layout>
      <Page ID="Page1" PHYSICAL_IMG_NR="1" HEIGHT="4096" WIDTH="5077">
         <TopMargin HEIGHT="0" WIDTH="5077" VPOS="0" HPOS="0"/>
         <LeftMargin HEIGHT="4096" WIDTH="0" VPOS="0" HPOS="0"/>
         <RightMargin HEIGHT="4096" WIDTH="0" VPOS="0" HPOS="5077"/>
         <BottomMargin HEIGHT="0" WIDTH="5077" VPOS="4096" HPOS="0"/>
         <PrintSpace HEIGHT="4096" WIDTH="5077" VPOS="0" HPOS="0">
            <TextBlock ID="r1" HEIGHT="400" WIDTH="404" VPOS="261" HPOS="133">
               <Shape>
                  <Polygon POINTS="146,261 133,661 537,636 518,261 146,261"/>
               </Shape>
               <TextLine ID="r1l1"
                         BASELINE="186,316 212,318 238,318 265,318 291,317 318,316 344,314 371,314 397,316 424,318"
                         HEIGHT="83"
                         WIDTH="238"
                         VPOS="261"
                         HPOS="186">
                  <String HEIGHT="83" WIDTH="238" VPOS="261" HPOS="146" CONTENT="No"/>
                  <SP HEIGHT="83" WIDTH="40" VPOS="261" HPOS="384"/>
                  <String HEIGHT="83" WIDTH="198" VPOS="261" HPOS="226" CONTENT="63."/>
               </TextLine>
               <TextLine ID="r1l2"
                         BASELINE="150,450 176,448 203,446 230,444 257,442 284,441 311,440 338,438 365,438 392,438 419,438 446,438"
                         HEIGHT="78"
                         WIDTH="296"
                         VPOS="394"
                         HPOS="150">
                  <String HEIGHT="78"
                          WIDTH="381"
                          VPOS="394"
                          HPOS="65"
                          CONTENT="Andreas"/>
               </TextLine>
               <TextLine ID="r1l3"
                         BASELINE="152,540 178,537 204,536 230,534 256,534 282,533 308,531 335,530 361,529 387,528 413,527 439,526 465,525 491,524 518,522"
                         HEIGHT="78"
                         WIDTH="366"
                         VPOS="482"
                         HPOS="152">
                  <String HEIGHT="78"
                          WIDTH="310"
                          VPOS="482"
                          HPOS="124"
                          CONTENT="Jansson"/>
                  <SP HEIGHT="78" WIDTH="28" VPOS="482" HPOS="434"/>
                  <String HEIGHT="78"
                          WIDTH="197"
                          VPOS="482"
                          HPOS="321"
                          CONTENT="Lind¬"
                          SUBS_TYPE="HypPart1"
                          SUBS_CONTENT="Lindqvist"/>
                  <HYP CONTENT="-"/>
               </TextLine>
               <TextLine ID="r1l4"
                         BASELINE="146,622 171,618 197,615 223,613 248,611 274,609 300,608 326,606"
                         HEIGHT="95"
                         WIDTH="180"
                         VPOS="553"
                         HPOS="146">
                  <String HEIGHT="95"
                          WIDTH="252"
                          VPOS="553"
                          HPOS="74"
                          CONTENT="qvist"
                          SUBS_TYPE="HypPart2"
                          SUBS_CONTENT="Lindqvist"/>
               </TextLine>
            </TextBlock>
            <TextBlock ID="r2" HEIGHT="3585" WIDTH="1910" VPOS="215" HPOS="526">
               <Shape>
                  <Polygon POINTS="526,215 526,3800 2436,3800 2436,215 526,215"/>
               </Shape>
               <TextLine ID="r2l1"
                         BASELINE="654,276 742,274 830,272 918,272 1006,272 1094,272 1182,273 1270,275 1358,278 1446,280 1535,282 1623,284 1711,287 1799,290 1887,292 1975,294 2063,295 2151,296 2239,296 2327,296 2416,296"
                         HEIGHT="109"
                         WIDTH="1762"
                         VPOS="215"
                         HPOS="654">
                  <String HEIGHT="109"
                          WIDTH="881"
                          VPOS="215"
                          HPOS="602"
                          CONTENT="Hemmansegaren"/>
                  <SP HEIGHT="109" WIDTH="52" VPOS="215" HPOS="1483"/>
                  <String HEIGHT="109"
                          WIDTH="415"
                          VPOS="215"
                          HPOS="1328"
                          CONTENT="Olof"/>
                  <SP HEIGHT="109" WIDTH="52" VPOS="215" HPOS="1742"/>
                  <String HEIGHT="109"
                          WIDTH="674"
                          VPOS="215"
                          HPOS="1587"
                          CONTENT="Johansson"/>
                  <SP HEIGHT="109" WIDTH="52" VPOS="215" HPOS="2261"/>
                  <String HEIGHT="109"
                          WIDTH="415"
                          VPOS="215"
                          HPOS="2105"
                          CONTENT="från"/>
                  <SP HEIGHT="109" WIDTH="52" VPOS="215" HPOS="2520"/>
                  <String HEIGHT="109" WIDTH="104" VPOS="215" HPOS="2312" CONTENT=""/>
               </TextLine>
               <TextLine ID="r2l2"
                         BASELINE="580,392 672,388 764,386 856,384 948,382 1040,382 1132,382 1224,384 1316,386 1408,388 1501,392 1593,395 1685,400 1777,403 1869,407 1961,411 2053,415 2145,418 2237,422 2329,426 2422,428"
                         HEIGHT="131"
                         WIDTH="1842"
                         VPOS="325"
                         HPOS="580">
                  <String HEIGHT="131"
                          WIDTH="461"
                          VPOS="325"
                          HPOS="534"
                          CONTENT="gården"/>
                  <SP HEIGHT="131" WIDTH="46" VPOS="325" HPOS="994"/>
                  <String HEIGHT="131"
                          WIDTH="461"
                          VPOS="325"
                          HPOS="856"
                          CONTENT="Amhult"/>
                  <SP HEIGHT="131" WIDTH="46" VPOS="325" HPOS="1317"/>
                  <String HEIGHT="131" WIDTH="230" VPOS="325" HPOS="1179" CONTENT="i"/>
                  <SP HEIGHT="131" WIDTH="46" VPOS="325" HPOS="1409"/>
                  <String HEIGHT="131"
                          WIDTH="645"
                          VPOS="325"
                          HPOS="1271"
                          CONTENT="Thorslanda"/>
                  <SP HEIGHT="131" WIDTH="46" VPOS="325" HPOS="1915"/>
                  <String HEIGHT="131"
                          WIDTH="461"
                          VPOS="325"
                          HPOS="1777"
                          CONTENT="socken"/>
                  <SP HEIGHT="131" WIDTH="46" VPOS="325" HPOS="2238"/>
                  <String HEIGHT="131"
                          WIDTH="276"
                          VPOS="325"
                          HPOS="2100"
                          CONTENT="på"/>
                  <SP HEIGHT="131" WIDTH="46" VPOS="325" HPOS="2376"/>
                  <String HEIGHT="131"
                          WIDTH="230"
                          VPOS="325"
                          HPOS="2192"
                          CONTENT="Hi¬"
                          SUBS_TYPE="HypPart1"
                          SUBS_CONTENT="Hisingen"/>
                  <HYP CONTENT="-"/>
               </TextLine>
               <TextLine ID="r2l3"
                         BASELINE="574,512 667,512 760,512 853,512 946,512 1039,512 1132,512 1225,513 1318,514 1411,516 1505,518 1598,519 1691,522 1784,524 1877,526 1970,530 2063,534 2156,538 2249,543 2342,547 2436,552"
                         HEIGHT="125"
                         WIDTH="1862"
                         VPOS="455"
                         HPOS="574">
                  <String HEIGHT="125"
                          WIDTH="466"
                          VPOS="455"
                          HPOS="527"
                          CONTENT="singen"
                          SUBS_TYPE="HypPart2"
                          SUBS_CONTENT="Hisingen"/>
                  <SP HEIGHT="125" WIDTH="47" VPOS="455" HPOS="993"/>
                  <String HEIGHT="125"
                          WIDTH="326"
                          VPOS="455"
                          HPOS="853"
                          CONTENT="har"/>
                  <SP HEIGHT="125" WIDTH="47" VPOS="455" HPOS="1179"/>
                  <String HEIGHT="125"
                          WIDTH="559"
                          VPOS="455"
                          HPOS="1040"
                          CONTENT="Lördagen"/>
                  <SP HEIGHT="125" WIDTH="47" VPOS="455" HPOS="1598"/>
                  <String HEIGHT="125"
                          WIDTH="326"
                          VPOS="455"
                          HPOS="1458"
                          CONTENT="den"/>
                  <SP HEIGHT="125" WIDTH="47" VPOS="455" HPOS="1784"/>
                  <String HEIGHT="125" WIDTH="233" VPOS="455" HPOS="1645" CONTENT="6"/>
                  <SP HEIGHT="125" WIDTH="47" VPOS="455" HPOS="1877"/>
                  <String HEIGHT="125"
                          WIDTH="466"
                          VPOS="455"
                          HPOS="1738"
                          CONTENT="dennes"/>
                  <SP HEIGHT="125" WIDTH="47" VPOS="455" HPOS="2203"/>
                  <String HEIGHT="125"
                          WIDTH="419"
                          VPOS="455"
                          HPOS="2017"
                          CONTENT="anmält,"/>
               </TextLine>
               <TextLine ID="r2l4"
                         BASELINE="558,640 650,637 743,634 836,632 929,630 1022,630 1114,630 1207,630 1300,630 1393,632 1486,634 1578,636 1671,638 1764,640 1857,642 1950,646 2042,648 2135,652 2228,654 2321,656 2414,660"
                         HEIGHT="115"
                         WIDTH="1856"
                         VPOS="573"
                         HPOS="558">
                  <String HEIGHT="115"
                          WIDTH="289"
                          VPOS="573"
                          HPOS="517"
                          CONTENT="att"/>
                  <SP HEIGHT="115" WIDTH="41" VPOS="573" HPOS="805"/>
                  <String HEIGHT="115"
                          WIDTH="371"
                          VPOS="573"
                          HPOS="682"
                          CONTENT="sagde"/>
                  <SP HEIGHT="115" WIDTH="41" VPOS="573" HPOS="1053"/>
                  <String HEIGHT="115"
                          WIDTH="289"
                          VPOS="573"
                          HPOS="929"
                          CONTENT="dag"/>
                  <SP HEIGHT="115" WIDTH="41" VPOS="573" HPOS="1218"/>
                  <String HEIGHT="115"
                          WIDTH="289"
                          VPOS="573"
                          HPOS="1094"
                          CONTENT="kl."/>
                  <SP HEIGHT="115" WIDTH="41" VPOS="573" HPOS="1383"/>
                  <String HEIGHT="115"
                          WIDTH="454"
                          VPOS="573"
                          HPOS="1259"
                          CONTENT="omkring"/>
                  <SP HEIGHT="115" WIDTH="41" VPOS="573" HPOS="1713"/>
                  <String HEIGHT="115" WIDTH="206" VPOS="573" HPOS="1589" CONTENT="6"/>
                  <SP HEIGHT="115" WIDTH="41" VPOS="573" HPOS="1795"/>
                  <String HEIGHT="115"
                          WIDTH="330"
                          VPOS="573"
                          HPOS="1672"
                          CONTENT="e.m."/>
                  <SP HEIGHT="115" WIDTH="41" VPOS="573" HPOS="2002"/>
                  <String HEIGHT="115"
                          WIDTH="330"
                          VPOS="573"
                          HPOS="1878"
                          CONTENT="från"/>
                  <SP HEIGHT="115" WIDTH="41" VPOS="573" HPOS="2208"/>
                  <String HEIGHT="115"
                          WIDTH="289"
                          VPOS="573"
                          HPOS="2084"
                          CONTENT="ett"/>
                  <SP HEIGHT="115" WIDTH="41" VPOS="573" HPOS="2373"/>
                  <String HEIGHT="115"
                          WIDTH="206"
                          VPOS="573"
                          HPOS="2208"
                          CONTENT="ho¬"
                          SUBS_TYPE="HypPart1"
                          SUBS_CONTENT="honom"/>
                  <HYP CONTENT="-"/>
               </TextLine>
               <TextLine ID="r2l5"
                         BASELINE="562,772 653,768 745,765 836,762 928,761 1019,760 1111,758 1202,758 1294,758 1385,758 1477,758 1568,760 1660,760 1751,762 1843,764 1934,766 2026,768 2117,770 2209,772 2300,774 2392,778"
                         HEIGHT="105"
                         WIDTH="1830"
                         VPOS="701"
                         HPOS="562">
                  <String HEIGHT="105"
                          WIDTH="298"
                          VPOS="701"
                          HPOS="519"
                          CONTENT="nom"
                          SUBS_TYPE="HypPart2"
                          SUBS_CONTENT="honom"/>
                  <SP HEIGHT="105" WIDTH="43" VPOS="701" HPOS="817"/>
                  <String HEIGHT="105"
                          WIDTH="596"
                          VPOS="701"
                          HPOS="690"
                          CONTENT="tillhörigt"/>
                  <SP HEIGHT="105" WIDTH="43" VPOS="701" HPOS="1285"/>
                  <String HEIGHT="105"
                          WIDTH="426"
                          VPOS="701"
                          HPOS="1158"
                          CONTENT="åkdon,"/>
                  <SP HEIGHT="105" WIDTH="43" VPOS="701" HPOS="1583"/>
                  <String HEIGHT="105"
                          WIDTH="298"
                          VPOS="701"
                          HPOS="1456"
                          CONTENT="som"/>
                  <SP HEIGHT="105" WIDTH="43" VPOS="701" HPOS="1754"/>
                  <String HEIGHT="105"
                          WIDTH="383"
                          VPOS="701"
                          HPOS="1626"
                          CONTENT="stått"/>
                  <SP HEIGHT="105" WIDTH="43" VPOS="701" HPOS="2009"/>
                  <String HEIGHT="105" WIDTH="213" VPOS="701" HPOS="1881" CONTENT="å"/>
                  <SP HEIGHT="105" WIDTH="43" VPOS="701" HPOS="2094"/>
                  <String HEIGHT="105"
                          WIDTH="383"
                          VPOS="701"
                          HPOS="1966"
                          CONTENT="gatan"/>
                  <SP HEIGHT="105" WIDTH="43" VPOS="701" HPOS="2349"/>
                  <String HEIGHT="105"
                          WIDTH="213"
                          VPOS="701"
                          HPOS="2179"
                          CONTENT="vid"/>
               </TextLine>
               <TextLine ID="r2l6"
                         BASELINE="544,884 638,882 733,880 827,880 922,880 1017,880 1111,880 1206,880 1300,882 1395,882 1490,884 1584,884 1679,886 1773,888 1868,888 1963,890 2057,890 2152,890 2246,890 2341,890 2436,888"
                         HEIGHT="95"
                         WIDTH="1892"
                         VPOS="823"
                         HPOS="544">
                  <String HEIGHT="95"
                          WIDTH="430"
                          VPOS="823"
                          HPOS="501"
                          CONTENT="porten"/>
                  <SP HEIGHT="95" WIDTH="43" VPOS="823" HPOS="931"/>
                  <String HEIGHT="95"
                          WIDTH="344"
                          VPOS="823"
                          HPOS="802"
                          CONTENT="till"/>
                  <SP HEIGHT="95" WIDTH="43" VPOS="823" HPOS="1146"/>
                  <String HEIGHT="95"
                          WIDTH="516"
                          VPOS="823"
                          HPOS="1017"
                          CONTENT="Allmänna"/>
                  <SP HEIGHT="95" WIDTH="43" VPOS="823" HPOS="1533"/>
                  <String HEIGHT="95"
                          WIDTH="301"
                          VPOS="823"
                          HPOS="1404"
                          CONTENT="och"/>
                  <SP HEIGHT="95" WIDTH="43" VPOS="823" HPOS="1705"/>
                  <String HEIGHT="95"
                          WIDTH="645"
                          VPOS="823"
                          HPOS="1576"
                          CONTENT="Sahlgrenska"/>
                  <SP HEIGHT="95" WIDTH="43" VPOS="823" HPOS="2221"/>
                  <String HEIGHT="95"
                          WIDTH="387"
                          VPOS="823"
                          HPOS="2049"
                          CONTENT="sjukhu¬"
                          SUBS_TYPE="HypPart1"
                          SUBS_CONTENT="sjukhuset"/>
                  <HYP CONTENT="-"/>
               </TextLine>
               <TextLine ID="r2l7"
                         BASELINE="542,1000 636,998 730,998 824,996 919,997 1013,998 1107,1000 1202,1002 1296,1004 1390,1006 1485,1010 1579,1012 1673,1014 1767,1016 1862,1018 1956,1020 2050,1020 2145,1020 2239,1019 2333,1018 2428,1014"
                         HEIGHT="109"
                         WIDTH="1886"
                         VPOS="939"
                         HPOS="542">
                  <String HEIGHT="109"
                          WIDTH="269"
                          VPOS="939"
                          HPOS="504"
                          CONTENT="set"
                          SUBS_TYPE="HypPart2"
                          SUBS_CONTENT="sjukhuset"/>
                  <SP HEIGHT="109" WIDTH="38" VPOS="939" HPOS="773"/>
                  <String HEIGHT="109"
                          WIDTH="577"
                          VPOS="939"
                          HPOS="657"
                          CONTENT="tillgripits"/>
                  <SP HEIGHT="109" WIDTH="38" VPOS="939" HPOS="1235"/>
                  <String HEIGHT="109"
                          WIDTH="231"
                          VPOS="939"
                          HPOS="1119"
                          CONTENT="en"/>
                  <SP HEIGHT="109" WIDTH="38" VPOS="939" HPOS="1350"/>
                  <String HEIGHT="109"
                          WIDTH="462"
                          VPOS="939"
                          HPOS="1235"
                          CONTENT="regnrock"/>
                  <SP HEIGHT="109" WIDTH="38" VPOS="939" HPOS="1697"/>
                  <String HEIGHT="109"
                          WIDTH="231"
                          VPOS="939"
                          HPOS="1581"
                          CONTENT="af"/>
                  <SP HEIGHT="109" WIDTH="38" VPOS="939" HPOS="1812"/>
                  <String HEIGHT="109"
                          WIDTH="269"
                          VPOS="939"
                          HPOS="1697"
                          CONTENT="gul"/>
                  <SP HEIGHT="109" WIDTH="38" VPOS="939" HPOS="1966"/>
                  <String HEIGHT="109"
                          WIDTH="346"
                          VPOS="939"
                          HPOS="1851"
                          CONTENT="oljad"/>
                  <SP HEIGHT="109" WIDTH="38" VPOS="939" HPOS="2197"/>
                  <String HEIGHT="109"
                          WIDTH="269"
                          VPOS="939"
                          HPOS="2082"
                          CONTENT="väf"/>
                  <SP HEIGHT="109" WIDTH="38" VPOS="939" HPOS="2351"/>
                  <String HEIGHT="109"
                          WIDTH="231"
                          VPOS="939"
                          HPOS="2197"
                          CONTENT="värd"/>
               </TextLine>
               <TextLine ID="r2l8"
                         BASELINE="538,1126 563,1124 588,1121 614,1118 639,1118 665,1118 690,1118 716,1118 741,1118 766,1118 792,1118 817,1118 843,1118 868,1117 894,1114"
                         HEIGHT="81"
                         WIDTH="356"
                         VPOS="1068"
                         HPOS="538">
                  <String HEIGHT="81" WIDTH="223" VPOS="1068" HPOS="494" CONTENT="7"/>
                  <SP HEIGHT="81" WIDTH="45" VPOS="1068" HPOS="716"/>
                  <String HEIGHT="81"
                          WIDTH="356"
                          VPOS="1068"
                          HPOS="538"
                          CONTENT="Kronor"/>
               </TextLine>
               <TextLine ID="r2l9"
                         BASELINE="602,1210 692,1210 783,1210 873,1210 964,1212 1055,1212 1145,1214 1236,1216 1326,1218 1417,1220 1508,1222 1598,1223 1689,1224 1779,1226 1870,1226 1961,1226 2051,1226 2142,1226 2232,1224 2323,1222 2414,1220"
                         HEIGHT="83"
                         WIDTH="1812"
                         VPOS="1165"
                         HPOS="602">
                  <String HEIGHT="83"
                          WIDTH="379"
                          VPOS="1165"
                          HPOS="560"
                          CONTENT="Efter"/>
                  <SP HEIGHT="83" WIDTH="42" VPOS="1165" HPOS="939"/>
                  <String HEIGHT="83"
                          WIDTH="295"
                          VPOS="1165"
                          HPOS="813"
                          CONTENT="det"/>
                  <SP HEIGHT="83" WIDTH="42" VPOS="1165" HPOS="1108"/>
                  <String HEIGHT="83"
                          WIDTH="590"
                          VPOS="1165"
                          HPOS="981"
                          CONTENT="upplysning"/>
                  <SP HEIGHT="83" WIDTH="42" VPOS="1165" HPOS="1571"/>
                  <String HEIGHT="83"
                          WIDTH="464"
                          VPOS="1165"
                          HPOS="1445"
                          CONTENT="vunnits"/>
                  <SP HEIGHT="83" WIDTH="42" VPOS="1165" HPOS="1908"/>
                  <String HEIGHT="83"
                          WIDTH="295"
                          VPOS="1165"
                          HPOS="1782"
                          CONTENT="att"/>
                  <SP HEIGHT="83" WIDTH="42" VPOS="1165" HPOS="2077"/>
                  <String HEIGHT="83"
                          WIDTH="295"
                          VPOS="1165"
                          HPOS="1950"
                          CONTENT="för"/>
                  <SP HEIGHT="83" WIDTH="42" VPOS="1165" HPOS="2245"/>
                  <String HEIGHT="83"
                          WIDTH="337"
                          VPOS="1165"
                          HPOS="2077"
                          CONTENT="första"/>
               </TextLine>
               <TextLine ID="r2l10"
                         BASELINE="572,1328 664,1328 756,1328 849,1328 941,1328 1034,1330 1126,1330 1218,1332 1311,1332 1403,1334 1496,1336 1588,1336 1680,1338 1773,1340 1865,1340 1958,1342 2050,1342 2142,1342 2235,1342 2327,1342 2420,1342"
                         HEIGHT="98"
                         WIDTH="1848"
                         VPOS="1272"
                         HPOS="572">
                  <String HEIGHT="98"
                          WIDTH="347"
                          VPOS="1272"
                          HPOS="534"
                          CONTENT="resan"/>
                  <SP HEIGHT="98" WIDTH="39" VPOS="1272" HPOS="880"/>
                  <String HEIGHT="98"
                          WIDTH="462"
                          VPOS="1272"
                          HPOS="765"
                          CONTENT="snatteri"/>
                  <SP HEIGHT="98" WIDTH="39" VPOS="1272" HPOS="1227"/>
                  <String HEIGHT="98"
                          WIDTH="501"
                          VPOS="1272"
                          HPOS="1111"
                          CONTENT="straffade"/>
                  <SP HEIGHT="98" WIDTH="39" VPOS="1272" HPOS="1612"/>
                  <String HEIGHT="98"
                          WIDTH="347"
                          VPOS="1272"
                          HPOS="1496"
                          CONTENT="förre"/>
                  <SP HEIGHT="98" WIDTH="39" VPOS="1272" HPOS="1843"/>
                  <String HEIGHT="98"
                          WIDTH="732"
                          VPOS="1272"
                          HPOS="1689"
                          CONTENT="Kronoarbetskarlen"/>
               </TextLine>
               <TextLine ID="r2l11"
                         BASELINE="556,1450 644,1452 732,1454 820,1454 909,1456 997,1456 1085,1456 1174,1456 1262,1456 1350,1456 1439,1456 1527,1457 1615,1458 1703,1458 1792,1459 1880,1460 1968,1462 2057,1464 2145,1466 2233,1470 2322,1472"
                         HEIGHT="107"
                         WIDTH="1766"
                         VPOS="1393"
                         HPOS="556">
                  <String HEIGHT="107"
                          WIDTH="474"
                          VPOS="1393"
                          HPOS="513"
                          CONTENT="Andreas"/>
                  <SP HEIGHT="107" WIDTH="43" VPOS="1393" HPOS="987"/>
                  <String HEIGHT="107"
                          WIDTH="474"
                          VPOS="1393"
                          HPOS="858"
                          CONTENT="Jansson"/>
                  <SP HEIGHT="107" WIDTH="43" VPOS="1393" HPOS="1331"/>
                  <String HEIGHT="107"
                          WIDTH="603"
                          VPOS="1393"
                          HPOS="1202"
                          CONTENT="Lindqvist,"/>
                  <SP HEIGHT="107" WIDTH="43" VPOS="1393" HPOS="1805"/>
                  <String HEIGHT="107"
                          WIDTH="603"
                          VPOS="1393"
                          HPOS="1676"
                          CONTENT="ofvannämde"/>
                  <SP HEIGHT="107" WIDTH="43" VPOS="1393" HPOS="2279"/>
                  <String HEIGHT="107"
                          WIDTH="215"
                          VPOS="1393"
                          HPOS="2107"
                          CONTENT="dag"/>
               </TextLine>
               <TextLine ID="r2l12"
                         BASELINE="548,1572 640,1574 732,1577 824,1578 916,1579 1008,1580 1100,1579 1192,1578 1284,1578 1376,1576 1468,1576 1560,1574 1652,1574 1744,1572 1836,1572 1928,1572 2020,1574 2112,1575 2204,1577 2296,1580 2388,1584"
                         HEIGHT="93"
                         WIDTH="1840"
                         VPOS="1518"
                         HPOS="548">
                  <String HEIGHT="93" WIDTH="240" VPOS="1518" HPOS="508" CONTENT="på"/>
                  <SP HEIGHT="93" WIDTH="40" VPOS="1518" HPOS="748"/>
                  <String HEIGHT="93"
                          WIDTH="360"
                          VPOS="1518"
                          HPOS="628"
                          CONTENT="afton"/>
                  <SP HEIGHT="93" WIDTH="40" VPOS="1518" HPOS="988"/>
                  <String HEIGHT="93"
                          WIDTH="320"
                          VPOS="1518"
                          HPOS="868"
                          CONTENT="till"/>
                  <SP HEIGHT="93" WIDTH="40" VPOS="1518" HPOS="1188"/>
                  <String HEIGHT="93"
                          WIDTH="760"
                          VPOS="1518"
                          HPOS="1068"
                          CONTENT="Bryggaredrängen"/>
                  <SP HEIGHT="93" WIDTH="40" VPOS="1518" HPOS="1828"/>
                  <String HEIGHT="93"
                          WIDTH="240"
                          VPOS="1518"
                          HPOS="1708"
                          CONTENT="N."/>
                  <SP HEIGHT="93" WIDTH="40" VPOS="1518" HPOS="1948"/>
                  <String HEIGHT="93"
                          WIDTH="240"
                          VPOS="1518"
                          HPOS="1828"
                          CONTENT="A."/>
                  <SP HEIGHT="93" WIDTH="40" VPOS="1518" HPOS="2068"/>
                  <String HEIGHT="93"
                          WIDTH="480"
                          VPOS="1518"
                          HPOS="1908"
                          CONTENT="Johansson,"/>
               </TextLine>
               <TextLine ID="r2l13"
                         BASELINE="544,1702 636,1702 729,1702 822,1702 915,1702 1008,1700 1100,1700 1193,1698 1286,1696 1379,1696 1472,1694 1564,1692 1657,1690 1750,1688 1843,1688 1936,1686 2028,1684 2121,1684 2214,1682 2307,1682 2400,1680"
                         HEIGHT="98"
                         WIDTH="1856"
                         VPOS="1629"
                         HPOS="544">
                  <String HEIGHT="98"
                          WIDTH="403"
                          VPOS="1629"
                          HPOS="504"
                          CONTENT="boende"/>
                  <SP HEIGHT="98" WIDTH="40" VPOS="1629" HPOS="907"/>
                  <String HEIGHT="98" WIDTH="202" VPOS="1629" HPOS="786" CONTENT="i"/>
                  <SP HEIGHT="98" WIDTH="40" VPOS="1629" HPOS="988"/>
                  <String HEIGHT="98"
                          WIDTH="363"
                          VPOS="1629"
                          HPOS="867"
                          CONTENT="huset"/>
                  <SP HEIGHT="98" WIDTH="40" VPOS="1629" HPOS="1230"/>
                  <String HEIGHT="98"
                          WIDTH="242"
                          VPOS="1629"
                          HPOS="1109"
                          CONTENT="No"/>
                  <SP HEIGHT="98" WIDTH="40" VPOS="1629" HPOS="1351"/>
                  <String HEIGHT="98"
                          WIDTH="242"
                          VPOS="1629"
                          HPOS="1230"
                          CONTENT="73"/>
                  <SP HEIGHT="98" WIDTH="40" VPOS="1629" HPOS="1472"/>
                  <String HEIGHT="98"
                          WIDTH="323"
                          VPOS="1629"
                          HPOS="1351"
                          CONTENT="Litt"/>
                  <SP HEIGHT="98" WIDTH="40" VPOS="1629" HPOS="1674"/>
                  <String HEIGHT="98" WIDTH="202" VPOS="1629" HPOS="1553" CONTENT="C"/>
                  <SP HEIGHT="98" WIDTH="40" VPOS="1629" HPOS="1754"/>
                  <String HEIGHT="98"
                          WIDTH="282"
                          VPOS="1629"
                          HPOS="1633"
                          CONTENT="vid"/>
                  <SP HEIGHT="98" WIDTH="40" VPOS="1629" HPOS="1916"/>
                  <String HEIGHT="98"
                          WIDTH="646"
                          VPOS="1629"
                          HPOS="1754"
                          CONTENT="Burgårdssledet"/>
               </TextLine>
               <TextLine ID="r2l14"
                         BASELINE="528,1826 619,1824 710,1824 802,1822 893,1822 985,1820 1076,1820 1167,1818 1259,1818 1350,1816 1442,1816 1533,1814 1624,1814 1716,1814 1807,1813 1899,1812 1990,1812 2081,1812 2173,1812 2264,1812 2356,1812"
                         HEIGHT="99"
                         WIDTH="1828"
                         VPOS="1755"
                         HPOS="528">
                  <String HEIGHT="99"
                          WIDTH="298"
                          VPOS="1755"
                          HPOS="485"
                          CONTENT="för"/>
                  <SP HEIGHT="99" WIDTH="43" VPOS="1755" HPOS="783"/>
                  <String HEIGHT="99" WIDTH="213" VPOS="1755" HPOS="656" CONTENT="3"/>
                  <SP HEIGHT="99" WIDTH="43" VPOS="1755" HPOS="868"/>
                  <String HEIGHT="99" WIDTH="255" VPOS="1755" HPOS="741" CONTENT="Kr"/>
                  <SP HEIGHT="99" WIDTH="43" VPOS="1755" HPOS="996"/>
                  <String HEIGHT="99"
                          WIDTH="468"
                          VPOS="1755"
                          HPOS="868"
                          CONTENT="försålt"/>
                  <SP HEIGHT="99" WIDTH="43" VPOS="1755" HPOS="1336"/>
                  <String HEIGHT="99"
                          WIDTH="255"
                          VPOS="1755"
                          HPOS="1208"
                          CONTENT="en"/>
                  <SP HEIGHT="99" WIDTH="43" VPOS="1755" HPOS="1463"/>
                  <String HEIGHT="99"
                          WIDTH="553"
                          VPOS="1755"
                          HPOS="1336"
                          CONTENT="regnrock,"/>
                  <SP HEIGHT="99" WIDTH="43" VPOS="1755" HPOS="1888"/>
                  <String HEIGHT="99"
                          WIDTH="298"
                          VPOS="1755"
                          HPOS="1761"
                          CONTENT="som"/>
                  <SP HEIGHT="99" WIDTH="43" VPOS="1755" HPOS="2058"/>
                  <String HEIGHT="99"
                          WIDTH="468"
                          VPOS="1755"
                          HPOS="1888"
                          CONTENT="sedermera"/>
               </TextLine>
               <TextLine ID="r2l15"
                         BASELINE="546,1940 639,1940 733,1942 827,1942 921,1943 1015,1944 1108,1944 1202,1944 1296,1944 1390,1944 1484,1942 1577,1942 1671,1942 1765,1940 1859,1940 1953,1938 2046,1938 2140,1937 2234,1936 2328,1935 2422,1934"
                         HEIGHT="94"
                         WIDTH="1876"
                         VPOS="1878"
                         HPOS="546">
                  <String HEIGHT="94" WIDTH="275" VPOS="1878" HPOS="500" CONTENT="af"/>
                  <SP HEIGHT="94" WIDTH="46" VPOS="1878" HPOS="775"/>
                  <String HEIGHT="94"
                          WIDTH="366"
                          VPOS="1878"
                          HPOS="638"
                          CONTENT="Olof"/>
                  <SP HEIGHT="94" WIDTH="46" VPOS="1878" HPOS="1004"/>
                  <String HEIGHT="94"
                          WIDTH="595"
                          VPOS="1878"
                          HPOS="866"
                          CONTENT="Johansson"/>
                  <SP HEIGHT="94" WIDTH="46" VPOS="1878" HPOS="1461"/>
                  <String HEIGHT="94"
                          WIDTH="595"
                          VPOS="1878"
                          HPOS="1324"
                          CONTENT="igenkänts"/>
                  <SP HEIGHT="94" WIDTH="46" VPOS="1878" HPOS="1919"/>
                  <String HEIGHT="94"
                          WIDTH="366"
                          VPOS="1878"
                          HPOS="1781"
                          CONTENT="vara"/>
                  <SP HEIGHT="94" WIDTH="46" VPOS="1878" HPOS="2147"/>
                  <String HEIGHT="94"
                          WIDTH="320"
                          VPOS="1878"
                          HPOS="2010"
                          CONTENT="den"/>
                  <SP HEIGHT="94" WIDTH="46" VPOS="1878" HPOS="2330"/>
                  <String HEIGHT="94"
                          WIDTH="275"
                          VPOS="1878"
                          HPOS="2147"
                          CONTENT="från"/>
               </TextLine>
               <TextLine ID="r2l16"
                         BASELINE="538,2054 629,2056 720,2056 811,2056 902,2057 994,2058 1085,2058 1176,2060 1267,2060 1358,2060 1450,2060 1541,2060 1632,2062 1723,2061 1814,2060 1906,2060 1997,2060 2088,2058 2179,2057 2270,2056 2362,2054"
                         HEIGHT="93"
                         WIDTH="1824"
                         VPOS="1997"
                         HPOS="538">
                  <String HEIGHT="93"
                          WIDTH="382"
                          VPOS="1997"
                          HPOS="496"
                          CONTENT="honom"/>
                  <SP HEIGHT="93" WIDTH="42" VPOS="1997" HPOS="877"/>
                  <String HEIGHT="93"
                          WIDTH="636"
                          VPOS="1997"
                          HPOS="750"
                          CONTENT="tillgripne;"/>
                  <SP HEIGHT="93" WIDTH="42" VPOS="1997" HPOS="1386"/>
                  <String HEIGHT="93"
                          WIDTH="255"
                          VPOS="1997"
                          HPOS="1259"
                          CONTENT="så"/>
                  <SP HEIGHT="93" WIDTH="42" VPOS="1997" HPOS="1514"/>
                  <String HEIGHT="93"
                          WIDTH="297"
                          VPOS="1997"
                          HPOS="1386"
                          CONTENT="har"/>
                  <SP HEIGHT="93" WIDTH="42" VPOS="1997" HPOS="1683"/>
                  <String HEIGHT="93"
                          WIDTH="848"
                          VPOS="1997"
                          HPOS="1514"
                          CONTENT="detektivkonstapeln"/>
               </TextLine>
               <TextLine ID="r2l17"
                         BASELINE="552,2172 643,2176 735,2177 826,2178 918,2180 1010,2182 1101,2182 1193,2184 1284,2184 1376,2184 1468,2184 1559,2184 1651,2184 1742,2184 1834,2184 1926,2183 2017,2182 2109,2181 2200,2180 2292,2178 2384,2176"
                         HEIGHT="97"
                         WIDTH="1832"
                         VPOS="2115"
                         HPOS="552">
                  <String HEIGHT="97"
                          WIDTH="285"
                          VPOS="2115"
                          HPOS="511"
                          CONTENT="Joh"/>
                  <SP HEIGHT="97" WIDTH="41" VPOS="2115" HPOS="796"/>
                  <String HEIGHT="97"
                          WIDTH="529"
                          VPOS="2115"
                          HPOS="674"
                          CONTENT="Engqvist,"/>
                  <SP HEIGHT="97" WIDTH="41" VPOS="2115" HPOS="1203"/>
                  <String HEIGHT="97"
                          WIDTH="285"
                          VPOS="2115"
                          HPOS="1081"
                          CONTENT="för"/>
                  <SP HEIGHT="97" WIDTH="41" VPOS="2115" HPOS="1366"/>
                  <String HEIGHT="97"
                          WIDTH="366"
                          VPOS="2115"
                          HPOS="1244"
                          CONTENT="detta"/>
                  <SP HEIGHT="97" WIDTH="41" VPOS="2115" HPOS="1610"/>
                  <String HEIGHT="97"
                          WIDTH="529"
                          VPOS="2115"
                          HPOS="1488"
                          CONTENT="tillgrepp"/>
                  <SP HEIGHT="97" WIDTH="41" VPOS="2115" HPOS="2018"/>
                  <String HEIGHT="97"
                          WIDTH="285"
                          VPOS="2115"
                          HPOS="1895"
                          CONTENT="den"/>
                  <SP HEIGHT="97" WIDTH="41" VPOS="2115" HPOS="2180"/>
                  <String HEIGHT="97"
                          WIDTH="244"
                          VPOS="2115"
                          HPOS="2058"
                          CONTENT="15"/>
                  <SP HEIGHT="97" WIDTH="41" VPOS="2115" HPOS="2303"/>
                  <String HEIGHT="97"
                          WIDTH="244"
                          VPOS="2115"
                          HPOS="2140"
                          CONTENT="den¬"
                          SUBS_TYPE="HypPart1"
                          SUBS_CONTENT="dennes"/>
                  <HYP CONTENT="-"/>
               </TextLine>
               <TextLine ID="r2l18"
                         BASELINE="544,2300 637,2300 730,2300 824,2302 917,2302 1011,2304 1104,2304 1197,2306 1291,2308 1384,2309 1478,2310 1571,2312 1664,2312 1758,2314 1851,2314 1945,2314 2038,2314 2131,2314 2225,2312 2318,2310 2412,2308"
                         HEIGHT="99"
                         WIDTH="1868"
                         VPOS="2243"
                         HPOS="544">
                  <String HEIGHT="99"
                          WIDTH="311"
                          VPOS="2243"
                          HPOS="500"
                          CONTENT="nes"
                          SUBS_TYPE="HypPart2"
                          SUBS_CONTENT="dennes"/>
                  <SP HEIGHT="99" WIDTH="44" VPOS="2243" HPOS="811"/>
                  <String HEIGHT="99"
                          WIDTH="534"
                          VPOS="2243"
                          HPOS="677"
                          CONTENT="anhållit"/>
                  <SP HEIGHT="99" WIDTH="44" VPOS="2243" HPOS="1211"/>
                  <String HEIGHT="99"
                          WIDTH="623"
                          VPOS="2243"
                          HPOS="1078"
                          CONTENT="ofvannämde"/>
                  <SP HEIGHT="99" WIDTH="44" VPOS="2243" HPOS="1700"/>
                  <String HEIGHT="99"
                          WIDTH="623"
                          VPOS="2243"
                          HPOS="1567"
                          CONTENT="Lindqvist,"/>
                  <SP HEIGHT="99" WIDTH="44" VPOS="2243" HPOS="2190"/>
                  <String HEIGHT="99"
                          WIDTH="400"
                          VPOS="2243"
                          HPOS="2012"
                          CONTENT="hvilken"/>
               </TextLine>
               <TextLine ID="r2l19"
                         BASELINE="556,2432 646,2428 736,2426 826,2424 916,2422 1006,2422 1096,2422 1186,2422 1276,2424 1366,2424 1457,2424 1547,2426 1637,2426 1727,2426 1817,2426 1907,2426 1997,2426 2087,2424 2177,2422 2267,2419 2358,2414"
                         HEIGHT="103"
                         WIDTH="1802"
                         VPOS="2357"
                         HPOS="556">
                  <String HEIGHT="103"
                          WIDTH="315"
                          VPOS="2357"
                          HPOS="511"
                          CONTENT="vid"/>
                  <SP HEIGHT="103" WIDTH="45" VPOS="2357" HPOS="826"/>
                  <String HEIGHT="103"
                          WIDTH="315"
                          VPOS="2357"
                          HPOS="691"
                          CONTENT="det"/>
                  <SP HEIGHT="103" WIDTH="45" VPOS="2357" HPOS="1007"/>
                  <String HEIGHT="103"
                          WIDTH="315"
                          VPOS="2357"
                          HPOS="871"
                          CONTENT="med"/>
                  <SP HEIGHT="103" WIDTH="45" VPOS="2357" HPOS="1187"/>
                  <String HEIGHT="103"
                          WIDTH="405"
                          VPOS="2357"
                          HPOS="1052"
                          CONTENT="honom"/>
                  <SP HEIGHT="103" WIDTH="45" VPOS="2357" HPOS="1457"/>
                  <String HEIGHT="103"
                          WIDTH="541"
                          VPOS="2357"
                          HPOS="1322"
                          CONTENT="anstälda"/>
                  <SP HEIGHT="103" WIDTH="45" VPOS="2357" HPOS="1862"/>
                  <String HEIGHT="103"
                          WIDTH="451"
                          VPOS="2357"
                          HPOS="1727"
                          CONTENT="förhör"/>
                  <SP HEIGHT="103" WIDTH="45" VPOS="2357" HPOS="2178"/>
                  <String HEIGHT="103"
                          WIDTH="360"
                          VPOS="2357"
                          HPOS="1998"
                          CONTENT="erkänt"/>
               </TextLine>
               <TextLine ID="r2l20"
                         BASELINE="538,2554 630,2550 723,2548 815,2546 908,2546 1001,2546 1093,2546 1186,2546 1278,2546 1371,2548 1464,2548 1556,2548 1649,2550 1741,2550 1834,2550 1927,2550 2019,2548 2112,2548 2204,2546 2297,2543 2390,2540"
                         HEIGHT="99"
                         WIDTH="1852"
                         VPOS="2483"
                         HPOS="538">
                  <String HEIGHT="99"
                          WIDTH="295"
                          VPOS="2483"
                          HPOS="496"
                          CONTENT="att"/>
                  <SP HEIGHT="99" WIDTH="42" VPOS="2483" HPOS="791"/>
                  <String HEIGHT="99"
                          WIDTH="295"
                          VPOS="2483"
                          HPOS="664"
                          CONTENT="han"/>
                  <SP HEIGHT="99" WIDTH="42" VPOS="2483" HPOS="959"/>
                  <String HEIGHT="99"
                          WIDTH="673"
                          VPOS="2483"
                          HPOS="833"
                          CONTENT="förstberörde"/>
                  <SP HEIGHT="99" WIDTH="42" VPOS="2483" HPOS="1506"/>
                  <String HEIGHT="99"
                          WIDTH="295"
                          VPOS="2483"
                          HPOS="1380"
                          CONTENT="dag"/>
                  <SP HEIGHT="99" WIDTH="42" VPOS="2483" HPOS="1674"/>
                  <String HEIGHT="99"
                          WIDTH="253"
                          VPOS="2483"
                          HPOS="1548"
                          CONTENT="på"/>
                  <SP HEIGHT="99" WIDTH="42" VPOS="2483" HPOS="1801"/>
                  <String HEIGHT="99"
                          WIDTH="337"
                          VPOS="2483"
                          HPOS="1674"
                          CONTENT="e.m."/>
                  <SP HEIGHT="99" WIDTH="42" VPOS="2483" HPOS="2011"/>
                  <String HEIGHT="99"
                          WIDTH="295"
                          VPOS="2483"
                          HPOS="1885"
                          CONTENT="vid"/>
                  <SP HEIGHT="99" WIDTH="42" VPOS="2483" HPOS="2180"/>
                  <String HEIGHT="99"
                          WIDTH="295"
                          VPOS="2483"
                          HPOS="2053"
                          CONTENT="det"/>
                  <SP HEIGHT="99" WIDTH="42" VPOS="2483" HPOS="2348"/>
                  <String HEIGHT="99"
                          WIDTH="210"
                          VPOS="2483"
                          HPOS="2180"
                          CONTENT="han"/>
               </TextLine>
               <TextLine ID="r2l21"
                         BASELINE="546,2668 635,2666 725,2664 814,2664 904,2664 993,2664 1083,2664 1172,2664 1262,2664 1351,2666 1441,2666 1530,2666 1620,2668 1709,2668 1799,2668 1888,2666 1978,2666 2067,2664 2157,2662 2246,2658 2336,2656"
                         HEIGHT="97"
                         WIDTH="1790"
                         VPOS="2599"
                         HPOS="546">
                  <String HEIGHT="97"
                          WIDTH="325"
                          VPOS="2599"
                          HPOS="505"
                          CONTENT="gått"/>
                  <SP HEIGHT="97" WIDTH="41" VPOS="2599" HPOS="831"/>
                  <String HEIGHT="97"
                          WIDTH="366"
                          VPOS="2599"
                          HPOS="709"
                          CONTENT="förbi"/>
                  <SP HEIGHT="97" WIDTH="41" VPOS="2599" HPOS="1075"/>
                  <String HEIGHT="97"
                          WIDTH="325"
                          VPOS="2599"
                          HPOS="953"
                          CONTENT="Olof"/>
                  <SP HEIGHT="97" WIDTH="41" VPOS="2599" HPOS="1278"/>
                  <String HEIGHT="97"
                          WIDTH="570"
                          VPOS="2599"
                          HPOS="1156"
                          CONTENT="Johanssons"/>
                  <SP HEIGHT="97" WIDTH="41" VPOS="2599" HPOS="1726"/>
                  <String HEIGHT="97"
                          WIDTH="407"
                          VPOS="2599"
                          HPOS="1604"
                          CONTENT="åkdon,"/>
                  <SP HEIGHT="97" WIDTH="41" VPOS="2599" HPOS="2011"/>
                  <String HEIGHT="97"
                          WIDTH="488"
                          VPOS="2599"
                          HPOS="1848"
                          CONTENT="tillgripit"/>
               </TextLine>
               <TextLine ID="r2l22"
                         BASELINE="534,2786 624,2784 714,2784 805,2784 895,2784 986,2784 1076,2786 1166,2786 1257,2788 1347,2790 1438,2792 1528,2794 1618,2794 1709,2796 1799,2796 1890,2796 1980,2794 2070,2792 2161,2790 2251,2787 2342,2782"
                         HEIGHT="99"
                         WIDTH="1808"
                         VPOS="2725"
                         HPOS="534">
                  <String HEIGHT="99"
                          WIDTH="590"
                          VPOS="2725"
                          HPOS="495"
                          CONTENT="regnrocken,"/>
                  <SP HEIGHT="99" WIDTH="39" VPOS="2725" HPOS="1084"/>
                  <String HEIGHT="99"
                          WIDTH="275"
                          VPOS="2725"
                          HPOS="966"
                          CONTENT="som"/>
                  <SP HEIGHT="99" WIDTH="39" VPOS="2725" HPOS="1241"/>
                  <String HEIGHT="99"
                          WIDTH="275"
                          VPOS="2725"
                          HPOS="1124"
                          CONTENT="han"/>
                  <SP HEIGHT="99" WIDTH="39" VPOS="2725" HPOS="1399"/>
                  <String HEIGHT="99"
                          WIDTH="314"
                          VPOS="2725"
                          HPOS="1281"
                          CONTENT="kort"/>
                  <SP HEIGHT="99" WIDTH="39" VPOS="2725" HPOS="1595"/>
                  <String HEIGHT="99"
                          WIDTH="472"
                          VPOS="2725"
                          HPOS="1477"
                          CONTENT="derefter"/>
                  <SP HEIGHT="99" WIDTH="39" VPOS="2725" HPOS="1949"/>
                  <String HEIGHT="99"
                          WIDTH="275"
                          VPOS="2725"
                          HPOS="1831"
                          CONTENT="för"/>
                  <SP HEIGHT="99" WIDTH="39" VPOS="2725" HPOS="2106"/>
                  <String HEIGHT="99" WIDTH="197" VPOS="2725" HPOS="1988" CONTENT="3"/>
                  <SP HEIGHT="99" WIDTH="39" VPOS="2725" HPOS="2185"/>
                  <String HEIGHT="99"
                          WIDTH="314"
                          VPOS="2725"
                          HPOS="2028"
                          CONTENT="Kronor"/>
               </TextLine>
               <TextLine ID="r2l23"
                         BASELINE="526,2910 620,2908 714,2908 808,2906 902,2906 997,2908 1091,2908 1185,2910 1279,2910 1373,2912 1468,2913 1562,2914 1656,2916 1750,2916 1844,2916 1939,2916 2033,2916 2127,2915 2221,2912 2315,2910 2410,2906"
                         HEIGHT="95"
                         WIDTH="1884"
                         VPOS="2849"
                         HPOS="526">
                  <String HEIGHT="95"
                          WIDTH="471"
                          VPOS="2849"
                          HPOS="483"
                          CONTENT="försålt"/>
                  <SP HEIGHT="95" WIDTH="43" VPOS="2849" HPOS="954"/>
                  <String HEIGHT="95"
                          WIDTH="343"
                          VPOS="2849"
                          HPOS="826"
                          CONTENT="till"/>
                  <SP HEIGHT="95" WIDTH="43" VPOS="2849" HPOS="1168"/>
                  <String HEIGHT="95"
                          WIDTH="814"
                          VPOS="2849"
                          HPOS="1040"
                          CONTENT="Bryggaredrengen"/>
                  <SP HEIGHT="95" WIDTH="43" VPOS="2849" HPOS="1853"/>
                  <String HEIGHT="95"
                          WIDTH="599"
                          VPOS="2849"
                          HPOS="1725"
                          CONTENT="Johansson;"/>
                  <SP HEIGHT="95" WIDTH="43" VPOS="2849" HPOS="2324"/>
                  <String HEIGHT="95"
                          WIDTH="257"
                          VPOS="2849"
                          HPOS="2153"
                          CONTENT="samt"/>
               </TextLine>
               <TextLine ID="r2l24"
                         BASELINE="532,3034 595,3034 658,3034 721,3034 785,3034 848,3034 911,3034 975,3036 1038,3036 1101,3037 1165,3038 1228,3038 1291,3040 1354,3040 1418,3040 1481,3042 1544,3042 1608,3042 1671,3042 1734,3040 1798,3040"
                         HEIGHT="93"
                         WIDTH="1266"
                         VPOS="2977"
                         HPOS="532">
                  <String HEIGHT="93"
                          WIDTH="317"
                          VPOS="2977"
                          HPOS="487"
                          CONTENT="att"/>
                  <SP HEIGHT="93" WIDTH="45" VPOS="2977" HPOS="803"/>
                  <String HEIGHT="93"
                          WIDTH="317"
                          VPOS="2977"
                          HPOS="668"
                          CONTENT="han"/>
                  <SP HEIGHT="93" WIDTH="45" VPOS="2977" HPOS="984"/>
                  <String HEIGHT="93"
                          WIDTH="543"
                          VPOS="2977"
                          HPOS="848"
                          CONTENT="förstört"/>
                  <SP HEIGHT="93" WIDTH="45" VPOS="2977" HPOS="1391"/>
                  <String HEIGHT="93"
                          WIDTH="588"
                          VPOS="2977"
                          HPOS="1210"
                          CONTENT="penningarne"/>
               </TextLine>
               <TextLine ID="r2l25"
                         BASELINE="542,3164 633,3164 725,3164 817,3164 909,3164 1001,3164 1092,3166 1184,3166 1276,3168 1368,3168 1460,3170 1551,3170 1643,3172 1735,3172 1827,3172 1919,3172 2010,3170 2102,3170 2194,3168 2286,3165 2378,3162"
                         HEIGHT="95"
                         WIDTH="1836"
                         VPOS="3105"
                         HPOS="542">
                  <String HEIGHT="95"
                          WIDTH="844"
                          VPOS="3105"
                          HPOS="492"
                          CONTENT="Hemmansegaren"/>
                  <SP HEIGHT="95" WIDTH="50" VPOS="3105" HPOS="1336"/>
                  <String HEIGHT="95"
                          WIDTH="397"
                          VPOS="3105"
                          HPOS="1187"
                          CONTENT="Olof"/>
                  <SP HEIGHT="95" WIDTH="50" VPOS="3105" HPOS="1584"/>
                  <String HEIGHT="95"
                          WIDTH="645"
                          VPOS="3105"
                          HPOS="1435"
                          CONTENT="Johansson"/>
                  <SP HEIGHT="95" WIDTH="50" VPOS="3105" HPOS="2080"/>
                  <String HEIGHT="95"
                          WIDTH="347"
                          VPOS="3105"
                          HPOS="1931"
                          CONTENT="har"/>
                  <SP HEIGHT="95" WIDTH="50" VPOS="3105" HPOS="2279"/>
                  <String HEIGHT="95"
                          WIDTH="298"
                          VPOS="3105"
                          HPOS="2080"
                          CONTENT="emot"/>
               </TextLine>
               <TextLine ID="r2l26"
                         BASELINE="552,3272 644,3275 736,3278 829,3280 921,3280 1014,3282 1106,3284 1198,3284 1291,3286 1383,3286 1476,3286 1568,3286 1660,3286 1753,3284 1845,3284 1938,3282 2030,3280 2122,3278 2215,3276 2307,3273 2400,3270"
                         HEIGHT="97"
                         WIDTH="1848"
                         VPOS="3216"
                         HPOS="552">
                  <String HEIGHT="97" WIDTH="210" VPOS="3216" HPOS="510" CONTENT="3"/>
                  <SP HEIGHT="97" WIDTH="42" VPOS="3216" HPOS="720"/>
                  <String HEIGHT="97"
                          WIDTH="420"
                          VPOS="3216"
                          HPOS="594"
                          CONTENT="kronor"/>
                  <SP HEIGHT="97" WIDTH="42" VPOS="3216" HPOS="1014"/>
                  <String HEIGHT="97" WIDTH="252" VPOS="3216" HPOS="888" CONTENT="af"/>
                  <SP HEIGHT="97" WIDTH="42" VPOS="3216" HPOS="1140"/>
                  <String HEIGHT="97"
                          WIDTH="798"
                          VPOS="3216"
                          HPOS="1014"
                          CONTENT="Bryggaredrängen"/>
                  <SP HEIGHT="97" WIDTH="42" VPOS="3216" HPOS="1812"/>
                  <String HEIGHT="97"
                          WIDTH="504"
                          VPOS="3216"
                          HPOS="1686"
                          CONTENT="återlöst"/>
                  <SP HEIGHT="97" WIDTH="42" VPOS="3216" HPOS="2190"/>
                  <String HEIGHT="97"
                          WIDTH="378"
                          VPOS="3216"
                          HPOS="2022"
                          CONTENT="rocken."/>
               </TextLine>
               <TextLine ID="r2l27"
                         BASELINE="550,3390 641,3392 732,3396 823,3398 914,3400 1005,3404 1096,3405 1187,3406 1278,3408 1369,3408 1461,3408 1552,3408 1643,3408 1734,3408 1825,3406 1916,3404 2007,3402 2098,3400 2189,3396 2280,3392 2372,3388"
                         HEIGHT="105"
                         WIDTH="1822"
                         VPOS="3331"
                         HPOS="550">
                  <String HEIGHT="105"
                          WIDTH="273"
                          VPOS="3331"
                          HPOS="504"
                          CONTENT="På"/>
                  <SP HEIGHT="105" WIDTH="46" VPOS="3331" HPOS="778"/>
                  <String HEIGHT="105"
                          WIDTH="410"
                          VPOS="3331"
                          HPOS="641"
                          CONTENT="grund"/>
                  <SP HEIGHT="105" WIDTH="46" VPOS="3331" HPOS="1051"/>
                  <String HEIGHT="105"
                          WIDTH="273"
                          VPOS="3331"
                          HPOS="914"
                          CONTENT="af"/>
                  <SP HEIGHT="105" WIDTH="46" VPOS="3331" HPOS="1188"/>
                  <String HEIGHT="105"
                          WIDTH="364"
                          VPOS="3331"
                          HPOS="1051"
                          CONTENT="hvad"/>
                  <SP HEIGHT="105" WIDTH="46" VPOS="3331" HPOS="1415"/>
                  <String HEIGHT="105"
                          WIDTH="501"
                          VPOS="3331"
                          HPOS="1279"
                          CONTENT="sålunda"/>
                  <SP HEIGHT="105" WIDTH="46" VPOS="3331" HPOS="1780"/>
                  <String HEIGHT="105"
                          WIDTH="638"
                          VPOS="3331"
                          HPOS="1643"
                          CONTENT="förekommit"/>
                  <SP HEIGHT="105" WIDTH="46" VPOS="3331" HPOS="2281"/>
                  <String HEIGHT="105"
                          WIDTH="273"
                          VPOS="3331"
                          HPOS="2099"
                          CONTENT="kom¬"
                          SUBS_TYPE="HypPart1"
                          SUBS_CONTENT="kommer"/>
                  <HYP CONTENT="-"/>
               </TextLine>
               <TextLine ID="r2l28"
                         BASELINE="552,3512 640,3512 728,3514 816,3514 905,3514 993,3516 1081,3516 1170,3518 1258,3518 1346,3520 1435,3520 1523,3522 1611,3522 1699,3522 1788,3522 1876,3522 1964,3521 2053,3520 2141,3518 2229,3514 2318,3512"
                         HEIGHT="92"
                         WIDTH="1766"
                         VPOS="3457"
                         HPOS="552">
                  <String HEIGHT="92"
                          WIDTH="317"
                          VPOS="3457"
                          HPOS="507"
                          CONTENT="mer"
                          SUBS_TYPE="HypPart2"
                          SUBS_CONTENT="kommer"/>
                  <SP HEIGHT="92" WIDTH="45" VPOS="3457" HPOS="824"/>
                  <String HEIGHT="92"
                          WIDTH="498"
                          VPOS="3457"
                          HPOS="688"
                          CONTENT="Andreas"/>
                  <SP HEIGHT="92" WIDTH="45" VPOS="3457" HPOS="1186"/>
                  <String HEIGHT="92"
                          WIDTH="498"
                          VPOS="3457"
                          HPOS="1050"
                          CONTENT="Johsson"/>
                  <SP HEIGHT="92" WIDTH="45" VPOS="3457" HPOS="1548"/>
                  <String HEIGHT="92"
                          WIDTH="589"
                          VPOS="3457"
                          HPOS="1412"
                          CONTENT="Lindqvist"/>
                  <SP HEIGHT="92" WIDTH="45" VPOS="3457" HPOS="2001"/>
                  <String HEIGHT="92"
                          WIDTH="317"
                          VPOS="3457"
                          HPOS="1865"
                          CONTENT="att"/>
                  <SP HEIGHT="92" WIDTH="45" VPOS="3457" HPOS="2182"/>
                  <String HEIGHT="92"
                          WIDTH="317"
                          VPOS="3457"
                          HPOS="2001"
                          CONTENT="denna"/>
               </TextLine>
               <TextLine ID="r2l29"
                         BASELINE="534,3642 609,3638 684,3636 759,3634 835,3632 910,3630 985,3630 1061,3630 1136,3630 1211,3630 1287,3630 1362,3630 1437,3632 1512,3632 1588,3632 1663,3634 1738,3634 1814,3634 1889,3634 1964,3634 2040,3634"
                         HEIGHT="96"
                         WIDTH="1506"
                         VPOS="3574"
                         HPOS="534">
                  <String HEIGHT="96"
                          WIDTH="329"
                          VPOS="3574"
                          HPOS="487"
                          CONTENT="dag"/>
                  <SP HEIGHT="96" WIDTH="47" VPOS="3574" HPOS="816"/>
                  <String HEIGHT="96"
                          WIDTH="329"
                          VPOS="3574"
                          HPOS="675"
                          CONTENT="för"/>
                  <SP HEIGHT="96" WIDTH="47" VPOS="3574" HPOS="1005"/>
                  <String HEIGHT="96"
                          WIDTH="800"
                          VPOS="3574"
                          HPOS="863"
                          CONTENT="Poliskammaren"/>
                  <SP HEIGHT="96" WIDTH="47" VPOS="3574" HPOS="1664"/>
                  <String HEIGHT="96"
                          WIDTH="565"
                          VPOS="3574"
                          HPOS="1475"
                          CONTENT="inställas."/>
               </TextLine>
               <TextLine ID="r2l30"
                         BASELINE="1202,3768 1257,3768 1312,3768 1367,3766 1423,3766 1478,3764 1533,3764 1589,3762 1644,3760 1699,3759 1755,3758 1810,3758 1865,3756 1920,3756 1976,3757 2031,3758 2086,3760 2142,3762 2197,3764 2252,3769 2308,3772"
                         HEIGHT="101"
                         WIDTH="1106"
                         VPOS="3699"
                         HPOS="1202">
                  <String HEIGHT="101"
                          WIDTH="510"
                          VPOS="3699"
                          HPOS="1159"
                          CONTENT="Göteborg"/>
                  <SP HEIGHT="101" WIDTH="43" VPOS="3699" HPOS="1670"/>
                  <String HEIGHT="101"
                          WIDTH="298"
                          VPOS="3699"
                          HPOS="1542"
                          CONTENT="den"/>
                  <SP HEIGHT="101" WIDTH="43" VPOS="3699" HPOS="1840"/>
                  <String HEIGHT="101"
                          WIDTH="255"
                          VPOS="3699"
                          HPOS="1712"
                          CONTENT="16"/>
                  <SP HEIGHT="101" WIDTH="43" VPOS="3699" HPOS="1968"/>
                  <String HEIGHT="101"
                          WIDTH="340"
                          VPOS="3699"
                          HPOS="1840"
                          CONTENT="Mars"/>
                  <SP HEIGHT="101" WIDTH="43" VPOS="3699" HPOS="2180"/>
                  <String HEIGHT="101"
                          WIDTH="298"
                          VPOS="3699"
                          HPOS="2010"
                          CONTENT="1880."/>
               </TextLine>
            </TextBlock>
            <TextBlock ID="TextRegion_1584611156198_2676"
                       HEIGHT="281"
                       WIDTH="404"
                       VPOS="199"
                       HPOS="4538">
               <Shape>
                  <Polygon POINTS="4538,199 4942,199 4942,480 4538,480 4538,199"/>
               </Shape>
               <TextLine ID="r4l1"
                         BASELINE="4612,264 4638,261 4664,258 4691,255 4717,253 4744,252 4770,250 4797,250 4823,248 4850,246"
                         HEIGHT="88"
                         WIDTH="238"
                         VPOS="199"
                         HPOS="4612">
                  <String HEIGHT="88" WIDTH="238" VPOS="199" HPOS="4572" CONTENT="No"/>
                  <SP HEIGHT="88" WIDTH="40" VPOS="199" HPOS="4810"/>
                  <String HEIGHT="88"
                          WIDTH="198"
                          VPOS="199"
                          HPOS="4652"
                          CONTENT="64."/>
               </TextLine>
               <TextLine ID="r4l2"
                         BASELINE="4572,364 4598,362 4624,360 4651,359 4677,357 4704,356 4730,355 4757,353 4783,352 4809,350 4836,349 4862,346 4889,343 4915,341 4942,338"
                         HEIGHT="95"
                         WIDTH="370"
                         VPOS="292"
                         HPOS="4572">
                  <String HEIGHT="95"
                          WIDTH="285"
                          VPOS="292"
                          HPOS="4544"
                          CONTENT="Gustaf"/>
                  <SP HEIGHT="95" WIDTH="28" VPOS="292" HPOS="4828"/>
                  <String HEIGHT="95"
                          WIDTH="228"
                          VPOS="292"
                          HPOS="4714"
                          CONTENT="Alfred"/>
               </TextLine>
               <TextLine ID="r4l3"
                         BASELINE="4566,450 4592,450 4618,450 4644,448 4670,446 4696,444 4722,444 4748,442 4774,440 4800,438 4826,438 4852,436 4878,436 4904,436 4930,436"
                         HEIGHT="84"
                         WIDTH="364"
                         VPOS="389"
                         HPOS="4566">
                  <String HEIGHT="84"
                          WIDTH="445"
                          VPOS="389"
                          HPOS="4485"
                          CONTENT="Andersson"/>
               </TextLine>
            </TextBlock>
            <TextBlock ID="TextRegion_1584611168238_2685"
                       HEIGHT="3087"
                       WIDTH="1888"
                       VPOS="189"
                       HPOS="2666">
               <Shape>
                  <Polygon POINTS="2666,189 4554,189 4554,3276 2666,3276 2666,189"/>
               </Shape>
               <TextLine ID="r3l1"
                         BASELINE="2728,246 2818,248 2908,250 2999,252 3089,252 3180,254 3270,254 3360,254 3451,254 3541,254 3632,254 3722,254 3812,254 3903,254 3993,254 4084,253 4174,252 4264,252 4355,252 4445,252 4536,252"
                         HEIGHT="93"
                         WIDTH="1808"
                         VPOS="189"
                         HPOS="2728">
                  <String HEIGHT="93"
                          WIDTH="428"
                          VPOS="189"
                          HPOS="2680"
                          CONTENT="Sedan"/>
                  <SP HEIGHT="93" WIDTH="48" VPOS="189" HPOS="3109"/>
                  <String HEIGHT="93"
                          WIDTH="809"
                          VPOS="189"
                          HPOS="2966"
                          CONTENT="Poliskammaren"/>
                  <SP HEIGHT="93" WIDTH="48" VPOS="189" HPOS="3775"/>
                  <String HEIGHT="93"
                          WIDTH="333"
                          VPOS="189"
                          HPOS="3632"
                          CONTENT="den"/>
                  <SP HEIGHT="93" WIDTH="48" VPOS="189" HPOS="3965"/>
                  <String HEIGHT="93" WIDTH="285" VPOS="189" HPOS="3822" CONTENT="13"/>
                  <SP HEIGHT="93" WIDTH="48" VPOS="189" HPOS="4108"/>
                  <String HEIGHT="93"
                          WIDTH="476"
                          VPOS="189"
                          HPOS="3965"
                          CONTENT="dennes"/>
                  <SP HEIGHT="93" WIDTH="48" VPOS="189" HPOS="4441"/>
                  <String HEIGHT="93"
                          WIDTH="285"
                          VPOS="189"
                          HPOS="4251"
                          CONTENT="till"/>
               </TextLine>
               <TextLine ID="r3l2"
                         BASELINE="2684,390 2775,390 2866,390 2957,390 3048,390 3139,390 3230,390 3321,390 3412,390 3503,388 3595,388 3686,388 3777,386 3868,386 3959,386 4050,384 4141,382 4232,382 4323,380 4414,378 4506,376"
                         HEIGHT="99"
                         WIDTH="1822"
                         VPOS="319"
                         HPOS="2684">
                  <String HEIGHT="99"
                          WIDTH="444"
                          VPOS="319"
                          HPOS="2640"
                          CONTENT="Rådhus"/>
                  <SP HEIGHT="99" WIDTH="44" VPOS="319" HPOS="3084"/>
                  <String HEIGHT="99"
                          WIDTH="444"
                          VPOS="319"
                          HPOS="2951"
                          CONTENT="Rätten"/>
                  <SP HEIGHT="99" WIDTH="44" VPOS="319" HPOS="3395"/>
                  <String HEIGHT="99"
                          WIDTH="667"
                          VPOS="319"
                          HPOS="3262"
                          CONTENT="öfverlemnat"/>
                  <SP HEIGHT="99" WIDTH="44" VPOS="319" HPOS="3928"/>
                  <String HEIGHT="99"
                          WIDTH="311"
                          VPOS="319"
                          HPOS="3795"
                          CONTENT="den"/>
                  <SP HEIGHT="99" WIDTH="44" VPOS="319" HPOS="4106"/>
                  <String HEIGHT="99"
                          WIDTH="444"
                          VPOS="319"
                          HPOS="3973"
                          CONTENT="vidare"/>
                  <SP HEIGHT="99" WIDTH="44" VPOS="319" HPOS="4417"/>
                  <String HEIGHT="99"
                          WIDTH="267"
                          VPOS="319"
                          HPOS="4239"
                          CONTENT="ran¬"
                          SUBS_TYPE="HypPart1"
                          SUBS_CONTENT="ransakningen"/>
                  <HYP CONTENT="-"/>
               </TextLine>
               <TextLine ID="r3l3"
                         BASELINE="2690,522 2783,525 2876,526 2969,528 3062,526 3156,526 3249,524 3342,522 3435,518 3528,516 3622,512 3715,509 3808,506 3901,503 3994,501 4088,498 4181,497 4274,496 4367,496 4460,498 4554,500"
                         HEIGHT="117"
                         WIDTH="1864"
                         VPOS="439"
                         HPOS="2690">
                  <String HEIGHT="117"
                          WIDTH="564"
                          VPOS="439"
                          HPOS="2647"
                          CONTENT="sakningen"
                          SUBS_TYPE="HypPart2"
                          SUBS_CONTENT="ransakningen"/>
                  <SP HEIGHT="117" WIDTH="43" VPOS="439" HPOS="3210"/>
                  <String HEIGHT="117"
                          WIDTH="303"
                          VPOS="439"
                          HPOS="3080"
                          CONTENT="med"/>
                  <SP HEIGHT="117" WIDTH="43" VPOS="439" HPOS="3384"/>
                  <String HEIGHT="117"
                          WIDTH="477"
                          VPOS="439"
                          HPOS="3254"
                          CONTENT="häktade"/>
                  <SP HEIGHT="117" WIDTH="43" VPOS="439" HPOS="3730"/>
                  <String HEIGHT="117"
                          WIDTH="433"
                          VPOS="439"
                          HPOS="3600"
                          CONTENT="Gustaf"/>
                  <SP HEIGHT="117" WIDTH="43" VPOS="439" HPOS="4034"/>
                  <String HEIGHT="117"
                          WIDTH="433"
                          VPOS="439"
                          HPOS="3904"
                          CONTENT="Alfred"/>
                  <SP HEIGHT="117" WIDTH="43" VPOS="439" HPOS="4337"/>
                  <String HEIGHT="117"
                          WIDTH="390"
                          VPOS="439"
                          HPOS="4164"
                          CONTENT="Anders¬"
                          SUBS_TYPE="HypPart1"
                          SUBS_CONTENT="Andersson,"/>
                  <HYP CONTENT="-"/>
               </TextLine>
               <TextLine ID="r3l4"
                         BASELINE="2672,652 2764,654 2856,654 2948,654 3040,654 3132,653 3224,652 3316,649 3408,648 3500,644 3593,642 3685,639 3777,637 3869,634 3961,632 4053,630 4145,630 4237,628 4329,628 4421,630 4514,632"
                         HEIGHT="111"
                         WIDTH="1842"
                         VPOS="571"
                         HPOS="2672">
                  <String HEIGHT="111"
                          WIDTH="314"
                          VPOS="571"
                          HPOS="2633"
                          CONTENT="son,"
                          SUBS_TYPE="HypPart2"
                          SUBS_CONTENT="Andersson,"/>
                  <SP HEIGHT="111" WIDTH="39" VPOS="571" HPOS="2946"/>
                  <String HEIGHT="111"
                          WIDTH="274"
                          VPOS="571"
                          HPOS="2829"
                          CONTENT="för"/>
                  <SP HEIGHT="111" WIDTH="39" VPOS="571" HPOS="3103"/>
                  <String HEIGHT="111"
                          WIDTH="235"
                          VPOS="571"
                          HPOS="2986"
                          CONTENT="af"/>
                  <SP HEIGHT="111" WIDTH="39" VPOS="571" HPOS="3221"/>
                  <String HEIGHT="111"
                          WIDTH="353"
                          VPOS="571"
                          HPOS="3103"
                          CONTENT="honom"/>
                  <SP HEIGHT="111" WIDTH="39" VPOS="571" HPOS="3456"/>
                  <String HEIGHT="111"
                          WIDTH="509"
                          VPOS="571"
                          HPOS="3338"
                          CONTENT="föröfvade"/>
                  <SP HEIGHT="111" WIDTH="39" VPOS="571" HPOS="3848"/>
                  <String HEIGHT="111"
                          WIDTH="431"
                          VPOS="571"
                          HPOS="3730"
                          CONTENT="stölder"/>
                  <SP HEIGHT="111" WIDTH="39" VPOS="571" HPOS="4161"/>
                  <String HEIGHT="111"
                          WIDTH="274"
                          VPOS="571"
                          HPOS="4044"
                          CONTENT="och"/>
                  <SP HEIGHT="111" WIDTH="39" VPOS="571" HPOS="4318"/>
                  <String HEIGHT="111"
                          WIDTH="353"
                          VPOS="571"
                          HPOS="4161"
                          CONTENT="bedräg¬"
                          SUBS_TYPE="HypPart1"
                          SUBS_CONTENT="bedrägerier,"/>
                  <HYP CONTENT="-"/>
               </TextLine>
               <TextLine ID="r3l5"
                         BASELINE="2674,784 2767,786 2860,784 2953,784 3046,782 3140,780 3233,778 3326,775 3419,772 3512,770 3606,766 3699,763 3792,760 3885,758 3978,756 4072,754 4165,752 4258,752 4351,752 4444,752 4538,754"
                         HEIGHT="119"
                         WIDTH="1864"
                         VPOS="695"
                         HPOS="2674">
                  <String HEIGHT="119"
                          WIDTH="405"
                          VPOS="695"
                          HPOS="2633"
                          CONTENT="erier,"
                          SUBS_TYPE="HypPart2"
                          SUBS_CONTENT="bedrägerier,"/>
                  <SP HEIGHT="119" WIDTH="41" VPOS="695" HPOS="3039"/>
                  <String HEIGHT="119"
                          WIDTH="243"
                          VPOS="695"
                          HPOS="2917"
                          CONTENT="så"/>
                  <SP HEIGHT="119" WIDTH="41" VPOS="695" HPOS="3160"/>
                  <String HEIGHT="119"
                          WIDTH="284"
                          VPOS="695"
                          HPOS="3039"
                          CONTENT="har"/>
                  <SP HEIGHT="119" WIDTH="41" VPOS="695" HPOS="3322"/>
                  <String HEIGHT="119"
                          WIDTH="567"
                          VPOS="695"
                          HPOS="3201"
                          CONTENT="Handlanden"/>
                  <SP HEIGHT="119" WIDTH="41" VPOS="695" HPOS="3768"/>
                  <String HEIGHT="119"
                          WIDTH="243"
                          VPOS="695"
                          HPOS="3647"
                          CONTENT="A."/>
                  <SP HEIGHT="119" WIDTH="41" VPOS="695" HPOS="3890"/>
                  <String HEIGHT="119"
                          WIDTH="243"
                          VPOS="695"
                          HPOS="3768"
                          CONTENT="B."/>
                  <SP HEIGHT="119" WIDTH="41" VPOS="695" HPOS="4011"/>
                  <String HEIGHT="119"
                          WIDTH="486"
                          VPOS="695"
                          HPOS="3890"
                          CONTENT="Bergmark"/>
                  <SP HEIGHT="119" WIDTH="41" VPOS="695" HPOS="4376"/>
                  <String HEIGHT="119"
                          WIDTH="365"
                          VPOS="695"
                          HPOS="4254"
                          CONTENT="boen¬"/>
                  <SP HEIGHT="119" WIDTH="41" VPOS="695" HPOS="4619"/>
                  <String HEIGHT="119" WIDTH="81" VPOS="695" HPOS="4457" CONTENT=""/>
               </TextLine>
               <TextLine ID="r3l6"
                         BASELINE="2680,916 2771,916 2863,914 2955,914 3047,912 3139,910 3231,906 3323,904 3415,902 3507,899 3599,896 3690,892 3782,889 3874,886 3966,884 4058,880 4150,878 4242,876 4334,873 4426,872 4518,870"
                         HEIGHT="131"
                         WIDTH="1838"
                         VPOS="813"
                         HPOS="2680">
                  <String HEIGHT="131"
                          WIDTH="221"
                          VPOS="813"
                          HPOS="2643"
                          CONTENT="de"/>
                  <SP HEIGHT="131" WIDTH="37" VPOS="813" HPOS="2864"/>
                  <String HEIGHT="131" WIDTH="184" VPOS="813" HPOS="2754" CONTENT="i"/>
                  <SP HEIGHT="131" WIDTH="37" VPOS="813" HPOS="2937"/>
                  <String HEIGHT="131"
                          WIDTH="331"
                          VPOS="813"
                          HPOS="2827"
                          CONTENT="huset"/>
                  <SP HEIGHT="131" WIDTH="37" VPOS="813" HPOS="3158"/>
                  <String HEIGHT="131"
                          WIDTH="221"
                          VPOS="813"
                          HPOS="3048"
                          CONTENT="No"/>
                  <SP HEIGHT="131" WIDTH="37" VPOS="813" HPOS="3268"/>
                  <String HEIGHT="131" WIDTH="184" VPOS="813" HPOS="3158" CONTENT="5"/>
                  <SP HEIGHT="131" WIDTH="37" VPOS="813" HPOS="3342"/>
                  <String HEIGHT="131"
                          WIDTH="257"
                          VPOS="813"
                          HPOS="3231"
                          CONTENT="vid"/>
                  <SP HEIGHT="131" WIDTH="37" VPOS="813" HPOS="3489"/>
                  <String HEIGHT="131"
                          WIDTH="698"
                          VPOS="813"
                          HPOS="3378"
                          CONTENT="Drottninggatan,"/>
                  <SP HEIGHT="131" WIDTH="37" VPOS="813" HPOS="4077"/>
                  <String HEIGHT="131"
                          WIDTH="257"
                          VPOS="813"
                          HPOS="3967"
                          CONTENT="den"/>
                  <SP HEIGHT="131" WIDTH="37" VPOS="813" HPOS="4224"/>
                  <String HEIGHT="131"
                          WIDTH="221"
                          VPOS="813"
                          HPOS="4114"
                          CONTENT="15"/>
                  <SP HEIGHT="131" WIDTH="37" VPOS="813" HPOS="4334"/>
                  <String HEIGHT="131"
                          WIDTH="368"
                          VPOS="813"
                          HPOS="4224"
                          CONTENT="dennes"/>
                  <SP HEIGHT="131" WIDTH="37" VPOS="813" HPOS="4592"/>
                  <String HEIGHT="131" WIDTH="74" VPOS="813" HPOS="4444" CONTENT=""/>
               </TextLine>
               <TextLine ID="r3l7"
                         BASELINE="2674,1034 2763,1034 2853,1034 2943,1034 3033,1032 3123,1032 3212,1030 3302,1027 3392,1024 3482,1022 3572,1018 3661,1014 3751,1010 3841,1007 3931,1004 4021,1000 4110,995 4200,992 4290,988 4380,983 4470,980"
                         HEIGHT="139"
                         WIDTH="1796"
                         VPOS="923"
                         HPOS="2674">
                  <String HEIGHT="139"
                          WIDTH="449"
                          VPOS="923"
                          HPOS="2629"
                          CONTENT="anmält"/>
                  <SP HEIGHT="139" WIDTH="45" VPOS="923" HPOS="3078"/>
                  <String HEIGHT="139"
                          WIDTH="314"
                          VPOS="923"
                          HPOS="2943"
                          CONTENT="att"/>
                  <SP HEIGHT="139" WIDTH="45" VPOS="923" HPOS="3258"/>
                  <String HEIGHT="139"
                          WIDTH="629"
                          VPOS="923"
                          HPOS="3123"
                          CONTENT="ofvannämde"/>
                  <SP HEIGHT="139" WIDTH="45" VPOS="923" HPOS="3752"/>
                  <String HEIGHT="139"
                          WIDTH="584"
                          VPOS="923"
                          HPOS="3617"
                          CONTENT="Andersson"/>
                  <SP HEIGHT="139" WIDTH="45" VPOS="923" HPOS="4201"/>
                  <String HEIGHT="139"
                          WIDTH="314"
                          VPOS="923"
                          HPOS="4066"
                          CONTENT="den"/>
                  <SP HEIGHT="139" WIDTH="45" VPOS="923" HPOS="4380"/>
                  <String HEIGHT="139" WIDTH="225" VPOS="923" HPOS="4246" CONTENT="9"/>
                  <SP HEIGHT="139" WIDTH="45" VPOS="923" HPOS="4470"/>
                  <String HEIGHT="139"
                          WIDTH="180"
                          VPOS="923"
                          HPOS="4290"
                          CONTENT="ds"/>
               </TextLine>
               <TextLine ID="r3l8"
                         BASELINE="2698,1166 2789,1165 2880,1162 2971,1160 3062,1156 3153,1154 3244,1150 3335,1147 3426,1144 3517,1140 3608,1138 3699,1134 3790,1132 3881,1130 3972,1126 4063,1124 4154,1122 4245,1120 4336,1118 4427,1118 4518,1116"
                         HEIGHT="135"
                         WIDTH="1820"
                         VPOS="1059"
                         HPOS="2698">
                  <String HEIGHT="135"
                          WIDTH="475"
                          VPOS="1059"
                          HPOS="2658"
                          CONTENT="inkommit"/>
                  <SP HEIGHT="135" WIDTH="40" VPOS="1059" HPOS="3133"/>
                  <String HEIGHT="135"
                          WIDTH="198"
                          VPOS="1059"
                          HPOS="3015"
                          CONTENT="i"/>
                  <SP HEIGHT="135" WIDTH="40" VPOS="1059" HPOS="3212"/>
                  <String HEIGHT="135"
                          WIDTH="514"
                          VPOS="1059"
                          HPOS="3094"
                          CONTENT="Bergmarks"/>
                  <SP HEIGHT="135" WIDTH="40" VPOS="1059" HPOS="3608"/>
                  <String HEIGHT="135"
                          WIDTH="396"
                          VPOS="1059"
                          HPOS="3489"
                          CONTENT="bostad"/>
                  <SP HEIGHT="135" WIDTH="40" VPOS="1059" HPOS="3885"/>
                  <String HEIGHT="135"
                          WIDTH="277"
                          VPOS="1059"
                          HPOS="3766"
                          CONTENT="och"/>
                  <SP HEIGHT="135" WIDTH="40" VPOS="1059" HPOS="4043"/>
                  <String HEIGHT="135"
                          WIDTH="356"
                          VPOS="1059"
                          HPOS="3925"
                          CONTENT="under"/>
                  <SP HEIGHT="135" WIDTH="40" VPOS="1059" HPOS="4281"/>
                  <String HEIGHT="135"
                          WIDTH="396"
                          VPOS="1059"
                          HPOS="4122"
                          CONTENT="föregif¬"
                          SUBS_TYPE="HypPart1"
                          SUBS_CONTENT="föregifvande,"/>
                  <HYP CONTENT="-"/>
               </TextLine>
               <TextLine ID="r3l9"
                         BASELINE="2678,1310 2770,1306 2862,1303 2954,1300 3046,1296 3139,1294 3231,1290 3323,1286 3415,1282 3507,1280 3600,1276 3692,1272 3784,1269 3876,1266 3968,1262 4061,1259 4153,1256 4245,1252 4337,1248 4429,1245 4522,1242"
                         HEIGHT="149"
                         WIDTH="1844"
                         VPOS="1188"
                         HPOS="2678">
                  <String HEIGHT="149"
                          WIDTH="392"
                          VPOS="1188"
                          HPOS="2639"
                          CONTENT="vande,"
                          SUBS_TYPE="HypPart2"
                          SUBS_CONTENT="föregifvande,"/>
                  <SP HEIGHT="149" WIDTH="39" VPOS="1188" HPOS="3031"/>
                  <String HEIGHT="149"
                          WIDTH="275"
                          VPOS="1188"
                          HPOS="2913"
                          CONTENT="att"/>
                  <SP HEIGHT="149" WIDTH="39" VPOS="1188" HPOS="3188"/>
                  <String HEIGHT="149"
                          WIDTH="275"
                          VPOS="1188"
                          HPOS="3070"
                          CONTENT="han"/>
                  <SP HEIGHT="149" WIDTH="39" VPOS="1188" HPOS="3345"/>
                  <String HEIGHT="149"
                          WIDTH="314"
                          VPOS="1188"
                          HPOS="3227"
                          CONTENT="vore"/>
                  <SP HEIGHT="149" WIDTH="39" VPOS="1188" HPOS="3541"/>
                  <String HEIGHT="149"
                          WIDTH="314"
                          VPOS="1188"
                          HPOS="3423"
                          CONTENT="sänd"/>
                  <SP HEIGHT="149" WIDTH="39" VPOS="1188" HPOS="3737"/>
                  <String HEIGHT="149"
                          WIDTH="235"
                          VPOS="1188"
                          HPOS="3620"
                          CONTENT="af"/>
                  <SP HEIGHT="149" WIDTH="39" VPOS="1188" HPOS="3855"/>
                  <String HEIGHT="149"
                          WIDTH="510"
                          VPOS="1188"
                          HPOS="3737"
                          CONTENT="Bergmark,"/>
                  <SP HEIGHT="149" WIDTH="39" VPOS="1188" HPOS="4247"/>
                  <String HEIGHT="149"
                          WIDTH="275"
                          VPOS="1188"
                          HPOS="4130"
                          CONTENT="som"/>
                  <SP HEIGHT="149" WIDTH="39" VPOS="1188" HPOS="4404"/>
                  <String HEIGHT="149"
                          WIDTH="275"
                          VPOS="1188"
                          HPOS="4247"
                          CONTENT="uppe¬"
                          SUBS_TYPE="HypPart1"
                          SUBS_CONTENT="uppehöll"/>
                  <HYP CONTENT="-"/>
               </TextLine>
               <TextLine ID="r3l10"
                         BASELINE="2686,1426 2778,1424 2871,1422 2963,1418 3056,1416 3149,1411 3241,1408 3334,1404 3426,1398 3519,1393 3612,1390 3704,1384 3797,1380 3889,1375 3982,1371 4075,1367 4167,1364 4260,1362 4352,1359 4445,1358 4538,1356"
                         HEIGHT="151"
                         WIDTH="1852"
                         VPOS="1302"
                         HPOS="2686">
                  <String HEIGHT="151"
                          WIDTH="280"
                          VPOS="1302"
                          HPOS="2651"
                          CONTENT="höll"
                          SUBS_TYPE="HypPart2"
                          SUBS_CONTENT="uppehöll"/>
                  <SP HEIGHT="151" WIDTH="35" VPOS="1302" HPOS="2931"/>
                  <String HEIGHT="151"
                          WIDTH="245"
                          VPOS="1302"
                          HPOS="2826"
                          CONTENT="sig"/>
                  <SP HEIGHT="151" WIDTH="35" VPOS="1302" HPOS="3070"/>
                  <String HEIGHT="151"
                          WIDTH="210"
                          VPOS="1302"
                          HPOS="2966"
                          CONTENT="på"/>
                  <SP HEIGHT="151" WIDTH="35" VPOS="1302" HPOS="3175"/>
                  <String HEIGHT="151"
                          WIDTH="419"
                          VPOS="1302"
                          HPOS="3070"
                          CONTENT="kontoret"/>
                  <SP HEIGHT="151" WIDTH="35" VPOS="1302" HPOS="3490"/>
                  <String HEIGHT="151"
                          WIDTH="175"
                          VPOS="1302"
                          HPOS="3385"
                          CONTENT="i"/>
                  <SP HEIGHT="151" WIDTH="35" VPOS="1302" HPOS="3560"/>
                  <String HEIGHT="151"
                          WIDTH="314"
                          VPOS="1302"
                          HPOS="3455"
                          CONTENT="huset"/>
                  <SP HEIGHT="151" WIDTH="35" VPOS="1302" HPOS="3769"/>
                  <String HEIGHT="151"
                          WIDTH="210"
                          VPOS="1302"
                          HPOS="3664"
                          CONTENT="No"/>
                  <SP HEIGHT="151" WIDTH="35" VPOS="1302" HPOS="3874"/>
                  <String HEIGHT="151"
                          WIDTH="210"
                          VPOS="1302"
                          HPOS="3769"
                          CONTENT="10"/>
                  <SP HEIGHT="151" WIDTH="35" VPOS="1302" HPOS="3979"/>
                  <String HEIGHT="151"
                          WIDTH="245"
                          VPOS="1302"
                          HPOS="3874"
                          CONTENT="vid"/>
                  <SP HEIGHT="151" WIDTH="35" VPOS="1302" HPOS="4119"/>
                  <String HEIGHT="151"
                          WIDTH="559"
                          VPOS="1302"
                          HPOS="3979"
                          CONTENT="Drottninggatan"/>
               </TextLine>
               <TextLine ID="r3l11"
                         BASELINE="2676,1558 2769,1554 2863,1550 2956,1547 3050,1544 3143,1538 3237,1534 3330,1530 3424,1525 3517,1520 3611,1515 3704,1510 3798,1506 3891,1502 3985,1498 4078,1494 4172,1490 4265,1488 4359,1486 4452,1484 4546,1482"
                         HEIGHT="161"
                         WIDTH="1870"
                         VPOS="1425"
                         HPOS="2676">
                  <String HEIGHT="161"
                          WIDTH="367"
                          VPOS="1425"
                          HPOS="2639"
                          CONTENT="begert"/>
                  <SP HEIGHT="161" WIDTH="37" VPOS="1425" HPOS="3006"/>
                  <String HEIGHT="161"
                          WIDTH="257"
                          VPOS="1425"
                          HPOS="2896"
                          CONTENT="och"/>
                  <SP HEIGHT="161" WIDTH="37" VPOS="1425" HPOS="3153"/>
                  <String HEIGHT="161"
                          WIDTH="440"
                          VPOS="1425"
                          HPOS="3043"
                          CONTENT="erhållit"/>
                  <SP HEIGHT="161" WIDTH="37" VPOS="1425" HPOS="3483"/>
                  <String HEIGHT="161"
                          WIDTH="220"
                          VPOS="1425"
                          HPOS="3373"
                          CONTENT="en"/>
                  <SP HEIGHT="161" WIDTH="37" VPOS="1425" HPOS="3593"/>
                  <String HEIGHT="161"
                          WIDTH="697"
                          VPOS="1425"
                          HPOS="3483"
                          CONTENT="vinteröfverrock"/>
                  <SP HEIGHT="161" WIDTH="37" VPOS="1425" HPOS="4179"/>
                  <String HEIGHT="161"
                          WIDTH="220"
                          VPOS="1425"
                          HPOS="4069"
                          CONTENT="af"/>
                  <SP HEIGHT="161" WIDTH="37" VPOS="1425" HPOS="4289"/>
                  <String HEIGHT="161"
                          WIDTH="257"
                          VPOS="1425"
                          HPOS="4179"
                          CONTENT="blå"/>
                  <SP HEIGHT="161" WIDTH="37" VPOS="1425" HPOS="4436"/>
                  <String HEIGHT="161"
                          WIDTH="257"
                          VPOS="1425"
                          HPOS="4289"
                          CONTENT="velur"/>
               </TextLine>
               <TextLine ID="r3l12"
                         BASELINE="2672,1688 2745,1687 2819,1685 2893,1682 2967,1680 3041,1676 3115,1672 3189,1670 3263,1665 3337,1661 3411,1658 3484,1654 3558,1650 3632,1646 3706,1642 3780,1638 3854,1636 3928,1632 4002,1628 4076,1626 4150,1624"
                         HEIGHT="149"
                         WIDTH="1478"
                         VPOS="1567"
                         HPOS="2672">
                  <String HEIGHT="149"
                          WIDTH="265"
                          VPOS="1567"
                          HPOS="2634"
                          CONTENT="med"/>
                  <SP HEIGHT="149" WIDTH="38" VPOS="1567" HPOS="2899"/>
                  <String HEIGHT="149"
                          WIDTH="493"
                          VPOS="1567"
                          HPOS="2786"
                          CONTENT="ljusgrått"/>
                  <SP HEIGHT="149" WIDTH="38" VPOS="1567" HPOS="3278"/>
                  <String HEIGHT="149"
                          WIDTH="493"
                          VPOS="1567"
                          HPOS="3165"
                          CONTENT="yllefoder"/>
                  <SP HEIGHT="149" WIDTH="38" VPOS="1567" HPOS="3657"/>
                  <String HEIGHT="149"
                          WIDTH="303"
                          VPOS="1567"
                          HPOS="3544"
                          CONTENT="värd"/>
                  <SP HEIGHT="149" WIDTH="38" VPOS="1567" HPOS="3847"/>
                  <String HEIGHT="149"
                          WIDTH="227"
                          VPOS="1567"
                          HPOS="3733"
                          CONTENT="50"/>
                  <SP HEIGHT="149" WIDTH="38" VPOS="1567" HPOS="3961"/>
                  <String HEIGHT="149"
                          WIDTH="341"
                          VPOS="1567"
                          HPOS="3809"
                          CONTENT="kronor."/>
               </TextLine>
               <TextLine ID="r3l13"
                         BASELINE="2682,1824 2768,1822 2855,1817 2942,1814 3029,1808 3116,1804 3202,1799 3289,1793 3376,1789 3463,1782 3550,1778 3636,1773 3723,1767 3810,1764 3897,1759 3984,1756 4070,1752 4157,1750 4244,1748 4331,1746 4418,1746"
                         HEIGHT="163"
                         WIDTH="1736"
                         VPOS="1689"
                         HPOS="2682">
                  <String HEIGHT="163"
                          WIDTH="579"
                          VPOS="1689"
                          HPOS="2637"
                          CONTENT="Andersson"/>
                  <SP HEIGHT="163" WIDTH="45" VPOS="1689" HPOS="3216"/>
                  <String HEIGHT="163"
                          WIDTH="312"
                          VPOS="1689"
                          HPOS="3083"
                          CONTENT="som"/>
                  <SP HEIGHT="163" WIDTH="45" VPOS="1689" HPOS="3394"/>
                  <String HEIGHT="163"
                          WIDTH="223"
                          VPOS="1689"
                          HPOS="3261"
                          CONTENT="i"/>
                  <SP HEIGHT="163" WIDTH="45" VPOS="1689" HPOS="3483"/>
                  <String HEIGHT="163"
                          WIDTH="579"
                          VPOS="1689"
                          HPOS="3350"
                          CONTENT="anledning"/>
                  <SP HEIGHT="163" WIDTH="45" VPOS="1689" HPOS="3928"/>
                  <String HEIGHT="163"
                          WIDTH="401"
                          VPOS="1689"
                          HPOS="3795"
                          CONTENT="häraf"/>
                  <SP HEIGHT="163" WIDTH="45" VPOS="1689" HPOS="4195"/>
                  <String HEIGHT="163"
                          WIDTH="401"
                          VPOS="1689"
                          HPOS="4017"
                          CONTENT="blifvit"/>
               </TextLine>
               <TextLine ID="r3l14"
                         BASELINE="2696,1954 2784,1950 2873,1946 2961,1942 3050,1938 3138,1933 3227,1927 3315,1922 3404,1918 3492,1914 3581,1908 3669,1904 3758,1900 3846,1895 3935,1891 4023,1888 4112,1884 4200,1881 4289,1878 4377,1876 4466,1874"
                         HEIGHT="164"
                         WIDTH="1770"
                         VPOS="1818"
                         HPOS="2696">
                  <String HEIGHT="164"
                          WIDTH="362"
                          VPOS="1818"
                          HPOS="2656"
                          CONTENT="hörd,"/>
                  <SP HEIGHT="164" WIDTH="40" VPOS="1818" HPOS="3018"/>
                  <String HEIGHT="164"
                          WIDTH="282"
                          VPOS="1818"
                          HPOS="2897"
                          CONTENT="har"/>
                  <SP HEIGHT="164" WIDTH="40" VPOS="1818" HPOS="3179"/>
                  <String HEIGHT="164"
                          WIDTH="443"
                          VPOS="1818"
                          HPOS="3058"
                          CONTENT="vidgått"/>
                  <SP HEIGHT="164" WIDTH="40" VPOS="1818" HPOS="3501"/>
                  <String HEIGHT="164"
                          WIDTH="282"
                          VPOS="1818"
                          HPOS="3380"
                          CONTENT="att"/>
                  <SP HEIGHT="164" WIDTH="40" VPOS="1818" HPOS="3661"/>
                  <String HEIGHT="164"
                          WIDTH="282"
                          VPOS="1818"
                          HPOS="3541"
                          CONTENT="han"/>
                  <SP HEIGHT="164" WIDTH="40" VPOS="1818" HPOS="3822"/>
                  <String HEIGHT="164"
                          WIDTH="241"
                          VPOS="1818"
                          HPOS="3702"
                          CONTENT="på"/>
                  <SP HEIGHT="164" WIDTH="40" VPOS="1818" HPOS="3943"/>
                  <String HEIGHT="164"
                          WIDTH="322"
                          VPOS="1818"
                          HPOS="3822"
                          CONTENT="sätt"/>
                  <SP HEIGHT="164" WIDTH="40" VPOS="1818" HPOS="4144"/>
                  <String HEIGHT="164"
                          WIDTH="483"
                          VPOS="1818"
                          HPOS="3983"
                          CONTENT="målsegaren"/>
               </TextLine>
               <TextLine ID="r3l15"
                         BASELINE="2692,2068 2778,2067 2864,2064 2950,2062 3036,2058 3122,2054 3208,2050 3294,2047 3380,2041 3466,2037 3552,2033 3638,2026 3724,2021 3810,2015 3896,2010 3982,2004 4068,1998 4154,1993 4240,1987 4326,1980 4412,1976"
                         HEIGHT="177"
                         WIDTH="1720"
                         VPOS="1919"
                         HPOS="2692">
                  <String HEIGHT="177"
                          WIDTH="545"
                          VPOS="1919"
                          HPOS="2650"
                          CONTENT="uppgifvit"/>
                  <SP HEIGHT="177" WIDTH="42" VPOS="1919" HPOS="3195"/>
                  <String HEIGHT="177"
                          WIDTH="294"
                          VPOS="1919"
                          HPOS="3070"
                          CONTENT="den"/>
                  <SP HEIGHT="177" WIDTH="42" VPOS="1919" HPOS="3363"/>
                  <String HEIGHT="177"
                          WIDTH="210"
                          VPOS="1919"
                          HPOS="3237"
                          CONTENT="9"/>
                  <SP HEIGHT="177" WIDTH="42" VPOS="1919" HPOS="3447"/>
                  <String HEIGHT="177"
                          WIDTH="420"
                          VPOS="1919"
                          HPOS="3321"
                          CONTENT="dennes"/>
                  <SP HEIGHT="177" WIDTH="42" VPOS="1919" HPOS="3741"/>
                  <String HEIGHT="177"
                          WIDTH="252"
                          VPOS="1919"
                          HPOS="3615"
                          CONTENT="på"/>
                  <SP HEIGHT="177" WIDTH="42" VPOS="1919" HPOS="3867"/>
                  <String HEIGHT="177"
                          WIDTH="587"
                          VPOS="1919"
                          HPOS="3741"
                          CONTENT="bedrägligt"/>
                  <SP HEIGHT="177" WIDTH="42" VPOS="1919" HPOS="4328"/>
                  <String HEIGHT="177"
                          WIDTH="252"
                          VPOS="1919"
                          HPOS="4160"
                          CONTENT="sätt"/>
               </TextLine>
               <TextLine ID="r3l16"
                         BASELINE="2696,2200 2782,2198 2869,2194 2956,2191 3042,2188 3129,2184 3216,2180 3302,2175 3389,2171 3476,2168 3563,2163 3649,2158 3736,2154 3823,2149 3909,2143 3996,2139 4083,2133 4169,2130 4256,2123 4343,2119 4430,2114"
                         HEIGHT="171"
                         WIDTH="1734"
                         VPOS="2057"
                         HPOS="2696">
                  <String HEIGHT="171"
                          WIDTH="607"
                          VPOS="2057"
                          HPOS="2653"
                          CONTENT="tillnarrat"/>
                  <SP HEIGHT="171" WIDTH="43" VPOS="2057" HPOS="3260"/>
                  <String HEIGHT="171"
                          WIDTH="303"
                          VPOS="2057"
                          HPOS="3130"
                          CONTENT="sig"/>
                  <SP HEIGHT="171" WIDTH="43" VPOS="2057" HPOS="3433"/>
                  <String HEIGHT="171"
                          WIDTH="650"
                          VPOS="2057"
                          HPOS="3303"
                          CONTENT="ifrågakomne"/>
                  <SP HEIGHT="171" WIDTH="43" VPOS="2057" HPOS="3953"/>
                  <String HEIGHT="171"
                          WIDTH="390"
                          VPOS="2057"
                          HPOS="3823"
                          CONTENT="rock,"/>
                  <SP HEIGHT="171" WIDTH="43" VPOS="2057" HPOS="4213"/>
                  <String HEIGHT="171"
                          WIDTH="303"
                          VPOS="2057"
                          HPOS="4083"
                          CONTENT="som"/>
                  <SP HEIGHT="171" WIDTH="43" VPOS="2057" HPOS="4387"/>
                  <String HEIGHT="171"
                          WIDTH="217"
                          VPOS="2057"
                          HPOS="4213"
                          CONTENT="han"/>
               </TextLine>
               <TextLine ID="r3l17"
                         BASELINE="2694,2318 2779,2314 2865,2312 2950,2308 3036,2304 3121,2301 3207,2297 3292,2293 3378,2289 3463,2285 3549,2280 3634,2276 3720,2272 3805,2269 3891,2264 3976,2260 4062,2256 4147,2251 4233,2248 4318,2243 4404,2240"
                         HEIGHT="163"
                         WIDTH="1710"
                         VPOS="2183"
                         HPOS="2694">
                  <String HEIGHT="163"
                          WIDTH="366"
                          VPOS="2183"
                          HPOS="2653"
                          CONTENT="strax"/>
                  <SP HEIGHT="163" WIDTH="41" VPOS="2183" HPOS="3020"/>
                  <String HEIGHT="163"
                          WIDTH="489"
                          VPOS="2183"
                          HPOS="2898"
                          CONTENT="derefter"/>
                  <SP HEIGHT="163" WIDTH="41" VPOS="2183" HPOS="3386"/>
                  <String HEIGHT="163"
                          WIDTH="489"
                          VPOS="2183"
                          HPOS="3264"
                          CONTENT="pantsatt"/>
                  <SP HEIGHT="163" WIDTH="41" VPOS="2183" HPOS="3753"/>
                  <String HEIGHT="163"
                          WIDTH="285"
                          VPOS="2183"
                          HPOS="3630"
                          CONTENT="för"/>
                  <SP HEIGHT="163" WIDTH="41" VPOS="2183" HPOS="3915"/>
                  <String HEIGHT="163"
                          WIDTH="244"
                          VPOS="2183"
                          HPOS="3793"
                          CONTENT="10"/>
                  <SP HEIGHT="163" WIDTH="41" VPOS="2183" HPOS="4038"/>
                  <String HEIGHT="163"
                          WIDTH="448"
                          VPOS="2183"
                          HPOS="3915"
                          CONTENT="kronor,"/>
                  <SP HEIGHT="163" WIDTH="41" VPOS="2183" HPOS="4363"/>
                  <String HEIGHT="163"
                          WIDTH="204"
                          VPOS="2183"
                          HPOS="4200"
                          CONTENT="hos"/>
               </TextLine>
               <TextLine ID="r3l18"
                         BASELINE="2694,2444 2784,2440 2874,2438 2965,2434 3055,2431 3146,2426 3236,2422 3326,2416 3417,2411 3507,2407 3598,2401 3688,2396 3778,2390 3869,2386 3959,2380 4050,2376 4140,2372 4230,2368 4321,2364 4411,2360 4502,2356"
                         HEIGHT="173"
                         WIDTH="1808"
                         VPOS="2299"
                         HPOS="2694">
                  <String HEIGHT="173"
                          WIDTH="661"
                          VPOS="2299"
                          HPOS="2650"
                          CONTENT="pantlånaren"/>
                  <SP HEIGHT="173" WIDTH="44" VPOS="2299" HPOS="3311"/>
                  <String HEIGHT="173"
                          WIDTH="265"
                          VPOS="2299"
                          HPOS="3179"
                          CONTENT="N."/>
                  <SP HEIGHT="173" WIDTH="44" VPOS="2299" HPOS="3444"/>
                  <String HEIGHT="173"
                          WIDTH="529"
                          VPOS="2299"
                          HPOS="3311"
                          CONTENT="Landgren"/>
                  <SP HEIGHT="173" WIDTH="44" VPOS="2299" HPOS="3841"/>
                  <String HEIGHT="173"
                          WIDTH="220"
                          VPOS="2299"
                          HPOS="3708"
                          CONTENT="i"/>
                  <SP HEIGHT="173" WIDTH="44" VPOS="2299" HPOS="3929"/>
                  <String HEIGHT="173"
                          WIDTH="397"
                          VPOS="2299"
                          HPOS="3796"
                          CONTENT="huset"/>
                  <SP HEIGHT="173" WIDTH="44" VPOS="2299" HPOS="4193"/>
                  <String HEIGHT="173"
                          WIDTH="265"
                          VPOS="2299"
                          HPOS="4061"
                          CONTENT="No"/>
                  <SP HEIGHT="173" WIDTH="44" VPOS="2299" HPOS="4326"/>
                  <String HEIGHT="173"
                          WIDTH="265"
                          VPOS="2299"
                          HPOS="4193"
                          CONTENT="20"/>
                  <SP HEIGHT="173" WIDTH="44" VPOS="2299" HPOS="4458"/>
                  <String HEIGHT="173"
                          WIDTH="220"
                          VPOS="2299"
                          HPOS="4282"
                          CONTENT="vid"/>
               </TextLine>
               <TextLine ID="r3l19"
                         BASELINE="2702,2562 2727,2562 2753,2564 2779,2564 2804,2563 2830,2562 2856,2562 2881,2561 2907,2559 2933,2557 2958,2556 2984,2556 3010,2553 3035,2552 3061,2551 3087,2550 3112,2548 3138,2547 3164,2546 3190,2546"
                         HEIGHT="103"
                         WIDTH="488"
                         VPOS="2489"
                         HPOS="2702">
                  <String HEIGHT="103"
                          WIDTH="577"
                          VPOS="2489"
                          HPOS="2613"
                          CONTENT="Kungsgatan."/>
               </TextLine>
               <TextLine ID="r3l20"
                         BASELINE="2724,2684 2810,2681 2896,2678 2982,2676 3069,2672 3155,2668 3241,2665 3328,2662 3414,2658 3500,2654 3587,2650 3673,2646 3759,2642 3845,2637 3932,2633 4018,2629 4104,2625 4191,2619 4277,2615 4363,2611 4450,2606"
                         HEIGHT="163"
                         WIDTH="1726"
                         VPOS="2549"
                         HPOS="2724">
                  <String HEIGHT="163"
                          WIDTH="432"
                          VPOS="2549"
                          HPOS="2681"
                          CONTENT="Rocken"/>
                  <SP HEIGHT="163" WIDTH="43" VPOS="2549" HPOS="3112"/>
                  <String HEIGHT="163"
                          WIDTH="302"
                          VPOS="2549"
                          HPOS="2983"
                          CONTENT="har"/>
                  <SP HEIGHT="163" WIDTH="43" VPOS="2549" HPOS="3285"/>
                  <String HEIGHT="163"
                          WIDTH="647"
                          VPOS="2549"
                          HPOS="3156"
                          CONTENT="återfunnits"/>
                  <SP HEIGHT="163" WIDTH="43" VPOS="2549" HPOS="3803"/>
                  <String HEIGHT="163"
                          WIDTH="518"
                          VPOS="2549"
                          HPOS="3673"
                          CONTENT="pantsatt"/>
                  <SP HEIGHT="163" WIDTH="43" VPOS="2549" HPOS="4191"/>
                  <String HEIGHT="163"
                          WIDTH="216"
                          VPOS="2549"
                          HPOS="4062"
                          CONTENT="å"/>
                  <SP HEIGHT="163" WIDTH="43" VPOS="2549" HPOS="4277"/>
                  <String HEIGHT="163"
                          WIDTH="302"
                          VPOS="2549"
                          HPOS="4148"
                          CONTENT="det"/>
                  <SP HEIGHT="163" WIDTH="43" VPOS="2549" HPOS="4450"/>
                  <String HEIGHT="163"
                          WIDTH="173"
                          VPOS="2549"
                          HPOS="4277"
                          CONTENT="af"/>
               </TextLine>
               <TextLine ID="r3l21"
                         BASELINE="2698,2810 2787,2807 2876,2803 2965,2798 3054,2794 3144,2789 3233,2785 3322,2781 3411,2776 3500,2773 3590,2768 3679,2764 3768,2760 3857,2756 3946,2753 4036,2749 4125,2746 4214,2742 4303,2739 4392,2736 4482,2734"
                         HEIGHT="160"
                         WIDTH="1784"
                         VPOS="2678"
                         HPOS="2698">
                  <String HEIGHT="160"
                          WIDTH="627"
                          VPOS="2678"
                          HPOS="2650"
                          CONTENT="Andersson"/>
                  <SP HEIGHT="160" WIDTH="48" VPOS="2678" HPOS="3277"/>
                  <String HEIGHT="160"
                          WIDTH="579"
                          VPOS="2678"
                          HPOS="3132"
                          CONTENT="uppgifna"/>
                  <SP HEIGHT="160" WIDTH="48" VPOS="2678" HPOS="3711"/>
                  <String HEIGHT="160"
                          WIDTH="868"
                          VPOS="2678"
                          HPOS="3566"
                          CONTENT="pantlånekontor"/>
                  <SP HEIGHT="160" WIDTH="48" VPOS="2678" HPOS="4434"/>
                  <String HEIGHT="160"
                          WIDTH="241"
                          VPOS="2678"
                          HPOS="4241"
                          CONTENT="och"/>
               </TextLine>
               <TextLine ID="r3l22"
                         BASELINE="2700,2936 2759,2934 2819,2930 2878,2926 2938,2924 2997,2921 3057,2917 3116,2913 3176,2909 3235,2905 3295,2902 3354,2898 3414,2894 3473,2892 3533,2888 3592,2883 3652,2881 3711,2876 3771,2873 3830,2870 3890,2866"
                         HEIGHT="148"
                         WIDTH="1190"
                         VPOS="2814"
                         HPOS="2700">
                  <String HEIGHT="148"
                          WIDTH="468"
                          VPOS="2814"
                          HPOS="2658"
                          CONTENT="blifvit"/>
                  <SP HEIGHT="148" WIDTH="43" VPOS="2814" HPOS="3125"/>
                  <String HEIGHT="148"
                          WIDTH="255"
                          VPOS="2814"
                          HPOS="2998"
                          CONTENT="af"/>
                  <SP HEIGHT="148" WIDTH="43" VPOS="2814" HPOS="3253"/>
                  <String HEIGHT="148"
                          WIDTH="595"
                          VPOS="2814"
                          HPOS="3125"
                          CONTENT="målsegaren"/>
                  <SP HEIGHT="148" WIDTH="43" VPOS="2814" HPOS="3720"/>
                  <String HEIGHT="148"
                          WIDTH="340"
                          VPOS="2814"
                          HPOS="3550"
                          CONTENT="utlöst"/>
               </TextLine>
               <TextLine ID="r3l23"
                         BASELINE="2712,3040 2803,3035 2895,3031 2987,3026 3079,3021 3171,3016 3263,3012 3355,3008 3447,3004 3539,2999 3631,2995 3722,2992 3814,2988 3906,2984 3998,2981 4090,2978 4182,2976 4274,2974 4366,2972 4458,2970 4550,2970"
                         HEIGHT="148"
                         WIDTH="1838"
                         VPOS="2918"
                         HPOS="2712">
                  <String HEIGHT="148"
                          WIDTH="263"
                          VPOS="2918"
                          HPOS="2668"
                          CONTENT="På"/>
                  <SP HEIGHT="148" WIDTH="44" VPOS="2918" HPOS="2931"/>
                  <String HEIGHT="148"
                          WIDTH="394"
                          VPOS="2918"
                          HPOS="2800"
                          CONTENT="grund"/>
                  <SP HEIGHT="148" WIDTH="44" VPOS="2918" HPOS="3193"/>
                  <String HEIGHT="148"
                          WIDTH="263"
                          VPOS="2918"
                          HPOS="3062"
                          CONTENT="af"/>
                  <SP HEIGHT="148" WIDTH="44" VPOS="2918" HPOS="3325"/>
                  <String HEIGHT="148"
                          WIDTH="350"
                          VPOS="2918"
                          HPOS="3193"
                          CONTENT="hvad"/>
                  <SP HEIGHT="148" WIDTH="44" VPOS="2918" HPOS="3543"/>
                  <String HEIGHT="148"
                          WIDTH="481"
                          VPOS="2918"
                          HPOS="3412"
                          CONTENT="sålunda"/>
                  <SP HEIGHT="148" WIDTH="44" VPOS="2918" HPOS="3894"/>
                  <String HEIGHT="148"
                          WIDTH="613"
                          VPOS="2918"
                          HPOS="3762"
                          CONTENT="förekommit"/>
                  <SP HEIGHT="148" WIDTH="44" VPOS="2918" HPOS="4375"/>
                  <String HEIGHT="148"
                          WIDTH="350"
                          VPOS="2918"
                          HPOS="4200"
                          CONTENT="skulle"/>
               </TextLine>
               <TextLine ID="r3l24"
                         BASELINE="2688,3162 2767,3153 2847,3146 2926,3140 3006,3134 3085,3129 3165,3124 3244,3122 3324,3118 3403,3115 3483,3112 3562,3110 3642,3108 3721,3106 3801,3104 3880,3101 3960,3098 4039,3094 4119,3090 4198,3086 4278,3080"
                         HEIGHT="161"
                         WIDTH="1590"
                         VPOS="3027"
                         HPOS="2688">
                  <String HEIGHT="161"
                          WIDTH="486"
                          VPOS="3027"
                          HPOS="2644"
                          CONTENT="rapport"/>
                  <SP HEIGHT="161" WIDTH="44" VPOS="3027" HPOS="3130"/>
                  <String HEIGHT="161"
                          WIDTH="353"
                          VPOS="3027"
                          HPOS="2997"
                          CONTENT="till"/>
                  <SP HEIGHT="161" WIDTH="44" VPOS="3027" HPOS="3351"/>
                  <String HEIGHT="161"
                          WIDTH="751"
                          VPOS="3027"
                          HPOS="3218"
                          CONTENT="Poliskammaren"/>
                  <SP HEIGHT="161" WIDTH="44" VPOS="3027" HPOS="3969"/>
                  <String HEIGHT="161"
                          WIDTH="486"
                          VPOS="3027"
                          HPOS="3792"
                          CONTENT="afgifvas."/>
               </TextLine>
               <TextLine ID="r3l25"
                         BASELINE="3452,3220 3499,3220 3547,3222 3595,3222 3642,3222 3690,3222 3738,3220 3785,3220 3833,3218 3881,3217 3929,3215 3976,3214 4024,3211 4072,3210 4119,3208 4167,3205 4215,3203 4262,3202 4310,3199 4358,3197 4406,3194"
                         HEIGHT="112"
                         WIDTH="954"
                         VPOS="3138"
                         HPOS="3452">
                  <String HEIGHT="112"
                          WIDTH="458"
                          VPOS="3138"
                          HPOS="3414"
                          CONTENT="Göteborg"/>
                  <SP HEIGHT="112" WIDTH="38" VPOS="3138" HPOS="3872"/>
                  <String HEIGHT="112"
                          WIDTH="267"
                          VPOS="3138"
                          HPOS="3757"
                          CONTENT="den"/>
                  <SP HEIGHT="112" WIDTH="38" VPOS="3138" HPOS="4024"/>
                  <String HEIGHT="112"
                          WIDTH="229"
                          VPOS="3138"
                          HPOS="3910"
                          CONTENT="16"/>
                  <SP HEIGHT="112" WIDTH="38" VPOS="3138" HPOS="4139"/>
                  <String HEIGHT="112"
                          WIDTH="305"
                          VPOS="3138"
                          HPOS="4024"
                          CONTENT="Mars"/>
                  <SP HEIGHT="112" WIDTH="38" VPOS="3138" HPOS="4330"/>
                  <String HEIGHT="112"
                          WIDTH="229"
                          VPOS="3138"
                          HPOS="4177"
                          CONTENT="1880"/>
               </TextLine>
            </TextBlock>
            <TextBlock ID="TextRegion_1584611149454_2669"
                       HEIGHT="297"
                       WIDTH="404"
                       VPOS="3242"
                       HPOS="4538">
               <Shape>
                  <Polygon POINTS="4538,3242 4942,3242 4942,3539 4538,3539 4538,3242"/>
               </Shape>
               <TextLine ID="r4l5"
                         BASELINE="4582,3312 4608,3310 4634,3307 4660,3304 4686,3304 4713,3304 4739,3304 4765,3304 4791,3307 4817,3308 4844,3310"
                         HEIGHT="78"
                         WIDTH="262"
                         VPOS="3257"
                         HPOS="4582">
                  <String HEIGHT="78"
                          WIDTH="262"
                          VPOS="3257"
                          HPOS="4538"
                          CONTENT="No"/>
                  <SP HEIGHT="78" WIDTH="44" VPOS="3257" HPOS="4800"/>
                  <String HEIGHT="78"
                          WIDTH="218"
                          VPOS="3257"
                          HPOS="4626"
                          CONTENT="65."/>
               </TextLine>
               <TextLine ID="r4l6"
                         BASELINE="4538,3408 4563,3410 4588,3410 4614,3410 4639,3409 4664,3407 4690,3406 4715,3404 4741,3404 4766,3404 4791,3404 4817,3405 4842,3408 4868,3410"
                         HEIGHT="70"
                         WIDTH="330"
                         VPOS="3361"
                         HPOS="4538">
                  <String HEIGHT="70"
                          WIDTH="424"
                          VPOS="3361"
                          HPOS="4444"
                          CONTENT="Emanuel"/>
               </TextLine>
               <TextLine ID="r4l7"
                         BASELINE="4538,3496 4563,3498 4588,3499 4613,3500 4639,3500 4664,3500 4689,3499 4715,3497 4740,3496 4765,3496 4790,3496 4816,3496 4841,3496 4866,3498 4892,3502"
                         HEIGHT="70"
                         WIDTH="354"
                         VPOS="3453"
                         HPOS="4538">
                  <String HEIGHT="70"
                          WIDTH="455"
                          VPOS="3453"
                          HPOS="4437"
                          CONTENT="Jansson"/>
               </TextLine>
            </TextBlock>
            <TextBlock ID="TextRegion_1584611168238_2684"
                       HEIGHT="621"
                       WIDTH="1899"
                       VPOS="3276"
                       HPOS="2658">
               <Shape>
                  <Polygon POINTS="2666,3276 4554,3276 4557,3851 2658,3897 2666,3276"/>
               </Shape>
               <TextLine ID="r3l26"
                         BASELINE="2788,3370 2874,3366 2961,3364 3048,3360 3135,3360 3222,3358 3309,3356 3396,3356 3483,3356 3570,3356 3657,3356 3743,3356 3830,3355 3917,3354 4004,3354 4091,3352 4178,3350 4265,3348 4352,3344 4439,3340 4526,3336"
                         HEIGHT="116"
                         WIDTH="1738"
                         VPOS="3281"
                         HPOS="2788">
                  <String HEIGHT="116"
                          WIDTH="847"
                          VPOS="3281"
                          HPOS="2743"
                          CONTENT="Poliskonstapeln"/>
                  <SP HEIGHT="116" WIDTH="45" VPOS="3281" HPOS="3590"/>
                  <String HEIGHT="116"
                          WIDTH="267"
                          VPOS="3281"
                          HPOS="3456"
                          CONTENT="No"/>
                  <SP HEIGHT="116" WIDTH="45" VPOS="3281" HPOS="3724"/>
                  <String HEIGHT="116"
                          WIDTH="267"
                          VPOS="3281"
                          HPOS="3590"
                          CONTENT="29"/>
                  <SP HEIGHT="116" WIDTH="45" VPOS="3281" HPOS="3858"/>
                  <String HEIGHT="116"
                          WIDTH="446"
                          VPOS="3281"
                          HPOS="3724"
                          CONTENT="Losell"/>
                  <SP HEIGHT="116" WIDTH="45" VPOS="3281" HPOS="4169"/>
                  <String HEIGHT="116"
                          WIDTH="312"
                          VPOS="3281"
                          HPOS="4036"
                          CONTENT="har"/>
                  <SP HEIGHT="116" WIDTH="45" VPOS="3281" HPOS="4348"/>
                  <String HEIGHT="116"
                          WIDTH="357"
                          VPOS="3281"
                          HPOS="4169"
                          CONTENT="Månda¬"
                          SUBS_TYPE="HypPart1"
                          SUBS_CONTENT="Måndagen"/>
                  <HYP CONTENT="-"/>
               </TextLine>
               <TextLine ID="r3l27"
                         BASELINE="2706,3482 2794,3480 2883,3478 2972,3478 3061,3476 3150,3476 3238,3476 3327,3476 3416,3476 3505,3476 3594,3476 3682,3476 3771,3476 3860,3474 3949,3474 4038,3472 4126,3468 4215,3466 4304,3462 4393,3457 4482,3450"
                         HEIGHT="114"
                         WIDTH="1776"
                         VPOS="3395"
                         HPOS="2706">
                  <String HEIGHT="114"
                          WIDTH="244"
                          VPOS="3395"
                          HPOS="2671"
                          CONTENT="gen"
                          SUBS_TYPE="HypPart2"
                          SUBS_CONTENT="Måndagen"/>
                  <SP HEIGHT="114" WIDTH="35" VPOS="3395" HPOS="2915"/>
                  <String HEIGHT="114"
                          WIDTH="244"
                          VPOS="3395"
                          HPOS="2810"
                          CONTENT="den"/>
                  <SP HEIGHT="114" WIDTH="35" VPOS="3395" HPOS="3054"/>
                  <String HEIGHT="114"
                          WIDTH="209"
                          VPOS="3395"
                          HPOS="2950"
                          CONTENT="15"/>
                  <SP HEIGHT="114" WIDTH="35" VPOS="3395" HPOS="3159"/>
                  <String HEIGHT="114"
                          WIDTH="244"
                          VPOS="3395"
                          HPOS="3054"
                          CONTENT="kl."/>
                  <SP HEIGHT="114" WIDTH="35" VPOS="3395" HPOS="3298"/>
                  <String HEIGHT="114"
                          WIDTH="244"
                          VPOS="3395"
                          HPOS="3194"
                          CONTENT="1/2"/>
                  <SP HEIGHT="114" WIDTH="35" VPOS="3395" HPOS="3437"/>
                  <String HEIGHT="114"
                          WIDTH="174"
                          VPOS="3395"
                          HPOS="3333"
                          CONTENT="5"/>
                  <SP HEIGHT="114" WIDTH="35" VPOS="3395" HPOS="3507"/>
                  <String HEIGHT="114"
                          WIDTH="279"
                          VPOS="3395"
                          HPOS="3402"
                          CONTENT="e.m."/>
                  <SP HEIGHT="114" WIDTH="35" VPOS="3395" HPOS="3681"/>
                  <String HEIGHT="114"
                          WIDTH="418"
                          VPOS="3395"
                          HPOS="3577"
                          CONTENT="anhållit"/>
                  <SP HEIGHT="114" WIDTH="35" VPOS="3395" HPOS="3994"/>
                  <String HEIGHT="114"
                          WIDTH="244"
                          VPOS="3395"
                          HPOS="3890"
                          CONTENT="för"/>
                  <SP HEIGHT="114" WIDTH="35" VPOS="3395" HPOS="4134"/>
                  <String HEIGHT="114"
                          WIDTH="348"
                          VPOS="3395"
                          HPOS="4029"
                          CONTENT="första"/>
                  <SP HEIGHT="114" WIDTH="35" VPOS="3395" HPOS="4378"/>
                  <String HEIGHT="114"
                          WIDTH="244"
                          VPOS="3395"
                          HPOS="4238"
                          CONTENT="resan"/>
               </TextLine>
               <TextLine ID="r3l28"
                         BASELINE="2666,3610 2753,3608 2841,3605 2928,3602 3016,3600 3104,3600 3191,3598 3279,3598 3366,3598 3454,3598 3542,3597 3629,3596 3717,3596 3804,3595 3892,3594 3980,3592 4067,3590 4155,3588 4242,3584 4330,3580 4418,3576"
                         HEIGHT="113"
                         WIDTH="1752"
                         VPOS="3523"
                         HPOS="2666">
                  <String HEIGHT="113"
                          WIDTH="526"
                          VPOS="3523"
                          HPOS="2622"
                          CONTENT="snatteri"/>
                  <SP HEIGHT="113" WIDTH="44" VPOS="3523" HPOS="3148"/>
                  <String HEIGHT="113"
                          WIDTH="394"
                          VPOS="3523"
                          HPOS="3016"
                          CONTENT="dömde"/>
                  <SP HEIGHT="113" WIDTH="44" VPOS="3523" HPOS="3411"/>
                  <String HEIGHT="113"
                          WIDTH="569"
                          VPOS="3523"
                          HPOS="3279"
                          CONTENT="ynglingen"/>
                  <SP HEIGHT="113" WIDTH="44" VPOS="3523" HPOS="3849"/>
                  <String HEIGHT="113"
                          WIDTH="482"
                          VPOS="3523"
                          HPOS="3717"
                          CONTENT="Emanuel"/>
                  <SP HEIGHT="113" WIDTH="44" VPOS="3523" HPOS="4199"/>
                  <String HEIGHT="113"
                          WIDTH="394"
                          VPOS="3523"
                          HPOS="4024"
                          CONTENT="Jansson"/>
               </TextLine>
               <TextLine ID="r3l29"
                         BASELINE="2688,3740 2778,3737 2869,3734 2960,3732 3051,3730 3142,3728 3233,3726 3324,3724 3415,3722 3506,3719 3597,3717 3687,3714 3778,3712 3869,3710 3960,3706 4051,3702 4142,3698 4233,3694 4324,3690 4415,3684 4506,3678"
                         HEIGHT="141"
                         WIDTH="1818"
                         VPOS="3625"
                         HPOS="2688">
                  <String HEIGHT="141"
                          WIDTH="379"
                          VPOS="3625"
                          HPOS="2650"
                          CONTENT="boende"/>
                  <SP HEIGHT="141" WIDTH="38" VPOS="3625" HPOS="3029"/>
                  <String HEIGHT="141"
                          WIDTH="189"
                          VPOS="3625"
                          HPOS="2915"
                          CONTENT="i"/>
                  <SP HEIGHT="141" WIDTH="38" VPOS="3625" HPOS="3105"/>
                  <String HEIGHT="141"
                          WIDTH="341"
                          VPOS="3625"
                          HPOS="2991"
                          CONTENT="huset"/>
                  <SP HEIGHT="141" WIDTH="38" VPOS="3625" HPOS="3332"/>
                  <String HEIGHT="141"
                          WIDTH="227"
                          VPOS="3625"
                          HPOS="3218"
                          CONTENT="No"/>
                  <SP HEIGHT="141" WIDTH="38" VPOS="3625" HPOS="3446"/>
                  <String HEIGHT="141"
                          WIDTH="189"
                          VPOS="3625"
                          HPOS="3332"
                          CONTENT="8"/>
                  <SP HEIGHT="141" WIDTH="38" VPOS="3625" HPOS="3521"/>
                  <String HEIGHT="141"
                          WIDTH="265"
                          VPOS="3625"
                          HPOS="3408"
                          CONTENT="vid"/>
                  <SP HEIGHT="141" WIDTH="38" VPOS="3625" HPOS="3673"/>
                  <String HEIGHT="141"
                          WIDTH="341"
                          VPOS="3625"
                          HPOS="3559"
                          CONTENT="Breda"/>
                  <SP HEIGHT="141" WIDTH="38" VPOS="3625" HPOS="3900"/>
                  <String HEIGHT="141"
                          WIDTH="379"
                          VPOS="3625"
                          HPOS="3786"
                          CONTENT="vägen,"/>
                  <SP HEIGHT="141" WIDTH="38" VPOS="3625" HPOS="4165"/>
                  <String HEIGHT="141"
                          WIDTH="265"
                          VPOS="3625"
                          HPOS="4052"
                          CONTENT="för"/>
                  <SP HEIGHT="141" WIDTH="38" VPOS="3625" HPOS="4317"/>
                  <String HEIGHT="141"
                          WIDTH="265"
                          VPOS="3625"
                          HPOS="4203"
                          CONTENT="det"/>
                  <SP HEIGHT="141" WIDTH="38" VPOS="3625" HPOS="4468"/>
                  <String HEIGHT="141"
                          WIDTH="189"
                          VPOS="3625"
                          HPOS="4317"
                          CONTENT="han"/>
               </TextLine>
               <TextLine ID="r3l30"
                         BASELINE="2712,3856 2803,3854 2895,3852 2987,3849 3078,3846 3170,3845 3262,3842 3353,3840 3445,3838 3537,3836 3629,3834 3720,3832 3812,3830 3904,3829 3995,3826 4087,3824 4179,3822 4270,3820 4362,3818 4454,3816 4546,3812"
                         HEIGHT="113"
                         WIDTH="1834"
                         VPOS="3766"
                         HPOS="2712">
                  <String HEIGHT="113"
                          WIDTH="478"
                          VPOS="3766"
                          HPOS="2672"
                          CONTENT="innehaft"/>
                  <SP HEIGHT="113" WIDTH="40" VPOS="3766" HPOS="3151"/>
                  <String HEIGHT="113"
                          WIDTH="279"
                          VPOS="3766"
                          HPOS="3031"
                          CONTENT="och"/>
                  <SP HEIGHT="113" WIDTH="40" VPOS="3766" HPOS="3310"/>
                  <String HEIGHT="113"
                          WIDTH="239"
                          VPOS="3766"
                          HPOS="3190"
                          CONTENT="en"/>
                  <SP HEIGHT="113" WIDTH="40" VPOS="3766" HPOS="3430"/>
                  <String HEIGHT="113"
                          WIDTH="359"
                          VPOS="3766"
                          HPOS="3310"
                          CONTENT="svart"/>
                  <SP HEIGHT="113" WIDTH="40" VPOS="3766" HPOS="3669"/>
                  <String HEIGHT="113"
                          WIDTH="718"
                          VPOS="3766"
                          HPOS="3549"
                          CONTENT="sidenklänning,"/>
                  <SP HEIGHT="113" WIDTH="40" VPOS="3766" HPOS="4267"/>
                  <String HEIGHT="113"
                          WIDTH="279"
                          VPOS="3766"
                          HPOS="4147"
                          CONTENT="ett"/>
                  <SP HEIGHT="113" WIDTH="40" VPOS="3766" HPOS="4426"/>
                  <String HEIGHT="113"
                          WIDTH="279"
                          VPOS="3766"
                          HPOS="4267"
                          CONTENT="brunt"/>
               </TextLine>
            </TextBlock>
         </PrintSpace>
      </Page>
   </Layout>
</alto>
