5031 4060
399 233 908 164 myntförfalskning
1171 233 363 164 till
1398 233 318 164 tre
1579 233 318 164 års
1716 233 681 164 straffarbete;

393 356 316 139 att
574 356 316 139 han
754 356 407 139 efter
1025 356 587 139 utståndet
1477 356 452 139 straff
1793 356 361 139 åter
1974 356 452 139 begifvit

392 507 281 122 sig
552 507 321 122 till
753 507 281 122 och
913 507 441 122 vistats
1234 507 201 122 i
1315 507 321 122 sitt
1515 507 602 122 föräldrahem
1997 507 201 122 i
2037 507 401 122 Halland,

394 578 816 173 sysselsättande
1074 578 317 173 sig
1255 578 408 173 såsom
1527 578 499 173 gravör,
1890 578 363 173 till
2071 578 272 173 dess

400 694 367 129 han,
629 694 321 129 som
813 694 275 129 år
950 694 367 129 1847
1179 694 458 129 ingått
1500 694 641 129 äktenskap,
2004 694 321 129 för
2141 694 275 129 för¬-

406 804 606 149 falskning
872 804 280 149 af
1012 804 699 149 banksedlar,
1571 804 280 149 af
1711 804 466 149 nämnde
1991 804 419 149 Härads¬-

383 898 322 136 rätt
584 898 241 136 år
704 898 322 136 1853
905 898 603 136 ytterligare
1388 898 362 136 dömts
1629 898 322 136 till
1830 898 281 136 tre
1991 898 281 136 års
2111 898 362 136 straff¬-

418 1015 466 127 arbete;
756 1015 296 127 att
926 1015 296 127 han
1095 1015 381 127 efter
1349 1015 593 127 utståendet
1814 1015 254 127 af
1899 1015 508 127 sistberör¬-

396 1101 296 172 da
544 1101 493 172 straff
889 1101 247 172 å
987 1101 444 172 Malmö
1283 1101 887 172 straffängelse,
1973 1101 444 172 flyttat

401 1200 356 141 med
604 1200 356 141 sin
808 1200 508 141 hustru
1163 1200 356 141 och
1367 1200 407 141 sina
1621 1200 356 141 med
1824 1200 457 141 henne
2078 1200 356 141 egan¬-

393 1312 351 154 de
569 1312 410 154 fem
803 1312 468 154 barn
1096 1312 468 154 till
1389 1312 820 154 nyssnämnde
1974 1312 410 154 stad,

401 1410 332 166 der
590 1410 332 166 han
780 1410 616 166 likaledes
1253 1410 426 166 egnat
1537 1410 332 166 sig
1727 1410 284 166 åt
1822 1410 568 166 gravörsyr¬-

414 1508 386 136 ket;
655 1508 338 136 att
848 1508 338 136 han
1041 1508 579 136 derefter
1476 1508 290 136 år
1621 1508 386 136 1861
1862 1508 290 136 af
1959 1508 338 136 Malmö

413 1610 642 138 Rådstufvu
907 1610 395 138 Rätt
1154 1610 346 138 för
1351 1610 791 138 förfalskning
1994 1610 296 138 af
2093 1610 296 138 Dan¬-

427 1702 328 144 ska
614 1702 655 144 banksedlar
1129 1702 421 144 dömts
1410 1702 374 144 till
1644 1702 328 144 tio
1831 1702 328 144 års
1972 1702 421 144 straff¬-

420 1844 491 113 arbete;
777 1844 312 113 att
956 1844 312 113 han
1134 1844 402 113 efter
1402 1844 312 113 att
1580 1844 402 113 hafva
1848 1844 491 113 utstått
2160 1844 268 113 det¬-

420 1909 303 154 ta
571 1909 504 154 straff
924 1909 252 154 å
1025 1909 454 154 Malmö
1327 1909 353 154 och
1529 1909 706 154 Carlskrona
2034 1909 403 154 straff

436 2007 590 183 fängelser
889 2007 408 183 först
1161 2007 499 183 vistats
1524 2007 317 183 ett
1705 2007 272 183 år
1841 2007 317 183 hos
2023 2007 317 183 sin
2159 2007 272 183 för¬-

414 2101 495 172 äldrar
761 2101 248 172 i
860 2101 594 172 Halland,
1306 2101 347 172 dit
1504 2101 396 172 hans
1752 2101 495 172 familj
2049 2101 347 172 under

421 2206 706 137 strafftiden
986 2206 518 137 flyttat
1362 2206 330 137 och
1551 2206 565 137 derefter
1927 2206 471 137 tillsam¬-

419 2320 405 125 mans
672 2320 354 125 med
875 2320 354 125 sin
1077 2320 506 125 familj
1432 2320 607 125 begifvit
1887 2320 354 125 sig
2039 2320 304 125 till

433 2388 718 158 Jönköping
985 2388 387 158 der
1206 2388 387 158 han
1428 2388 718 158 sedermera
1980 2388 442 158 bott
2201 2388 166 158 i

444 2539 223 106 3
489 2539 223 106 år.

711 2483 154 74 att
799 2483 265 74 Stenberg
998 2483 154 74 som
1086 2483 221 74 sistl.
1240 2483 132 74 år
1307 2483 199 74 varit
1439 2483 154 74 vid
1527 2483 199 74 Allbo
1660 2483 132 74 H.
1726 2483 132 74 R.
1792 2483 287 74 tilltalad
2013 2483 154 74 för
2079 2483 353 74 förfalsknings¬-

693 2544 217 62 brott
838 2544 338 62 förklarats
1103 2544 193 62 emot
1223 2544 193 62 sitt
1344 2544 265 62 nekande
1537 2544 193 62 icke
1657 2544 241 62 kunnat
1826 2544 169 62 för
1923 2544 265 62 brottet
2116 2544 241 62 fällas
2260 2544 145 62 utan

705 2584 215 109 hade
840 2584 242 109 saken
1001 2584 296 109 lemnats
1216 2584 215 109 till
1350 2584 376 109 framtiden,
1646 2584 161 109 då
1726 2584 188 109 den
1834 2584 242 109 kunde
1995 2584 323 109 uppenbar
2237 2584 269 109 varda;
2398 2584 81 109 #

102 140 319 91 hvaremot
315 140 133 91 St.

92 210 143 94 af
164 210 143 94 R.
235 210 143 94 R.
283 210 119 94 här

99 278 105 63 i
141 278 230 63 staden,
287 278 126 63 till

103 321 265 79 hvilken
272 321 145 79 dom¬-

78 375 177 68 stol
188 375 199 68 målet
299 375 110 68 fr.

83 404 276 99 Allbo
237 404 153 99 H.K

68 471 306 76 förevisats,

89 532 271 73 blifvit
262 532 148 73 dömd

97 580 151 75 dels
191 580 132 75 att
267 580 132 75 för
323 580 113 75 äre¬-

48 632 358 69 kränkande

72 683 321 81 beskyllning

96 734 235 73 hållas
236 734 141 73 till

51 790 347 79 straffarbete

77 842 134 73 i
131 842 134 73 3
184 842 215 73 mån.
292 842 107 73 o.

85 893 234 77 vara
202 893 204 77 medb.

67 949 304 67 förtroende

92 998 284 79 förlustig
289 998 65 79 i

93 1054 164 73 tre
186 1054 164 73 år,
257 1054 141 73 dels

79 1099 174 81 att
179 1099 174 81 för
253 1099 174 81 smäd-

75 1156 210 89 ligt
180 1156 236 89 yttran¬-

76 1220 177 68 de
165 1220 236 68 emot
283 1220 148 68 an¬-

74 1265 221 84 nan
169 1265 221 84 inför

82 1319 254 83 rätta
223 1319 169 83 böta

83 1382 140 88 50
153 1382 140 88 Kr
223 1382 164 88 och
293 1382 140 88 dels

90 1434 169 90 att
186 1434 169 90 för
258 1434 169 90 smäd¬-

88 1499 203 99 liga
189 1499 228 99 yttran¬-

72 1561 242 76 den
175 1561 207 76 emot

36 1616 359 81 tjensteman

78 1671 117 82 i
124 1671 188 82 hans
218 1671 188 82 tjenst

60 1726 169 86 vid
132 1726 290 86 åtskilliga

76 1777 316 98 tillfällen,
308 1777 126 98 böta

68 1838 181 95 150
172 1838 181 95 Kr,
250 1838 181 95 hvar-

83 1913 230 64 jemte
211 1913 179 64 före¬-

75 1951 334 79 skrifvits,
314 1951 119 79 att

84 2010 151 84 St.
171 2010 130 84 b.
236 2010 151 84 vid
300 2010 130 84 bri¬-

74 2071 230 89 stande
212 2071 230 89 tillgång

73 2123 204 80 till
175 2123 230 80 böterna

64 2184 264 79 skulle
222 2184 211 79 under¬-

62 2239 168 86 gå
118 2239 308 86 straffar¬-

54 2292 200 95 bete
179 2292 125 95 i
204 2292 200 95 ytter¬-

67 2351 248 83 ligare
241 2351 149 83 22
290 2351 124 83 da¬-

66 2402 228 102 gar,
180 2402 257 102 hvilket

65 2472 299 84 honom
231 2472 232 84 ådöm¬-

64 2528 178 82 da
124 2528 267 82 straff¬-

71 2580 297 77 arbete
250 2580 149 77 han

68 2639 370 92 undergått
324 2639 142 92 hås

58 2690 163 91 på
112 2690 354 91 cellfängel¬-

77 2753 197 71 set;
200 2753 197 71 samt
299 2753 123 71 att

63 2796 211 96 St.,
195 2796 185 96 som
274 2796 158 96 kun-

50 2870 169 73 de
134 2870 225 73 läsa
247 2870 141 73 och

74 2915 269 105 skrifva
245 2915 171 105 till-

70 2982 251 83 hörde
210 2982 195 83 Köin¬-

53 3038 190 79 ge
117 3038 285 79 försam¬-

72 3090 210 98 ling
203 3090 131 98 i
229 3090 158 98 Hal¬-

74 3151 246 118 lands
210 3151 164 118 län.

458 2636 517 89 Härefter
846 2636 646 89 ytterligare
1362 2636 345 89 hörd
1578 2636 474 89 rörande
1922 2636 258 89 de
2008 2636 388 89 ifråga¬-

391 2692 511 157 varande
762 2692 1162 157 förfalskningsbrotten,
1785 2692 325 157 har
1924 2692 465 157 Stenberg

417 2798 586 129 uppgifvit
868 2798 316 129 och
1048 2798 631 129 förklarat;
1544 2798 316 129 att
1725 2798 316 129 han
1905 2798 271 129 då
2040 2798 316 129 han
2176 2798 225 129 den

410 2895 243 114 23
532 2895 405 114 sistl.
816 2895 324 114 Juni
1018 2895 365 114 varit
1261 2895 243 114 på
1383 2895 284 114 väg
1545 2895 324 114 till
1747 2895 284 114 sin
1909 2895 203 114 i
1950 2895 405 114 Ekedalen

402 2952 429 161 boende
702 2952 515 161 farnilj,
1088 2952 429 161 inrest
1388 2952 343 161 till
1603 2952 472 161 Sköfde,
1946 2952 300 161 för
2075 2952 214 161 att

2185 2964 129 51 å

2235 2976 201 94 der-

385 3084 536 99 varande
775 3084 633 99 Mekaniska
1262 3084 585 99 verkstad
1701 3084 390 99 göra
1896 3084 487 99 beställ¬-

403 3146 354 104 ning
624 3146 266 104 af
757 3146 620 104 åtskilliga
1244 3146 532 104 verktyg,
1643 3146 310 104 som
1820 3146 310 104 han
1997 3146 310 104 för
2130 3146 266 104 sitt

400 3217 381 140 yrke
639 3217 572 140 behöfde;
1068 3217 334 140 att
1258 3217 429 140 innan
1544 3217 334 140 han
1735 3217 572 140 uträttat
2116 3217 286 140 sitt

383 3300 511 155 ärende,
754 3300 325 155 han
940 3300 697 155 händelsevis
1498 3300 279 155 på
1638 3300 418 155 gatan
1917 3300 372 155 mött
2103 3300 325 155 Dahl¬-

364 3430 530 111 ström,
735 3430 371 111 med
947 3430 583 111 hvilken
1371 3430 371 111 han
1584 3430 689 111 sedermera
2061 3430 371 111 säll¬-

368 3540 562 123 skapat
761 3540 393 123 och
986 3540 393 123 med
1210 3540 618 123 hvilken
1660 3540 393 123 han
1885 3540 449 123 haft
2109 3540 225 123 så

391 3598 525 163 mycket
758 3598 367 163 att
968 3598 577 163 samtala
1388 3598 367 163 att
1597 3598 367 163 han
1807 3598 420 163 icke
2017 3598 420 163 hunnit

2590 231 307 144 att
2765 231 350 144 göra
2984 231 307 144 den
3160 231 613 144 tillämnade
3642 231 788 144 beställningen;
4299 231 307 144 att
4430 231 219 144 han

2606 370 436 157 under
2896 370 533 157 besöket
3283 370 242 157 i
3380 370 484 157 Sköfde
3719 370 387 157 icke
3961 370 533 157 träffat
4300 370 339 157 Hans¬-

2616 460 323 158 son
2800 460 415 158 eller
3077 460 369 158 ens,
3307 460 461 158 såvidt
3630 460 323 158 han
3814 460 415 158 kunde
4091 460 461 158 erinra
4367 460 277 158 sig,

2617 574 461 145 dervid
2940 574 369 145 sett
3171 574 461 145 denne,
3493 574 323 145 med
3678 574 508 145 hvilken
4047 574 323 145 han
4232 574 369 145 icke
4416 574 277 145 vore

2601 697 559 128 bekant,
3008 697 457 128 ehuru
3313 697 356 128 det
3516 697 661 128 förefölle
4024 697 457 128 honom
4278 697 356 128 såsom

2620 775 312 141 om
2776 775 365 141 han
2984 775 312 141 en
3141 775 469 141 eller
3453 775 469 141 annan
3766 775 417 141 gång
3974 775 625 141 tillförene

2609 891 375 134 sett
2844 891 469 134 honom;
3172 891 375 134 samt
3406 891 328 134 att
3594 891 328 134 han
3782 891 516 134 sålunda
4157 891 375 134 icke
4345 891 281 134 hel¬-

2614 990 346 122 ler
2811 990 247 122 i
2910 990 691 122 Wenersborg
3453 990 444 122 eller
3749 990 642 122 Mösseberg
4194 990 444 122 samman¬-

2586 1108 646 129 traffat
3056 1108 411 129 med
3291 1108 705 129 Hansson;
3820 1108 294 129 i
3879 1108 705 129 sammanhang

2623 1199 562 155 hvarmed
3032 1199 613 155 Stenberg
3492 1199 256 155 i
3594 1199 664 155 anledning
4105 1199 307 155 af
4207 1199 409 155 frågor

2636 1311 554 141 tillagt:
3052 1311 323 141 att
3236 1311 416 141 sedan
3514 1311 323 141 han
3698 1311 323 141 vid
3883 1311 323 141 ett
4022 1311 508 141 tillfälle

2595 1426 466 118 bedt
2886 1426 758 118 Dahlström
3469 1426 525 118 sända
3819 1426 525 118 honom
4169 1426 466 118 prof
4402 1426 233 118 på

2627 1512 513 114 kläde,
2986 1512 359 114 han
3191 1512 615 114 derefter
3652 1512 462 114 någon
3960 1512 359 114 dag
4165 1512 410 114 före
4370 1512 308 114 mid¬-

2605 1584 591 160 sommar
3019 1584 473 160 från
3315 1584 769 160 Dahlström
3906 1584 769 160 emottagit
4438 1584 237 160 en

2638 1707 619 145 koffert,
3102 1707 825 145 innehållande
3773 1707 258 145 6
3876 1707 361 145 172
4082 1707 464 145 alnar
4340 1707 309 145 klä¬-

2635 1806 377 139 de,
2850 1806 377 139 men
3066 1806 538 139 emedan
3442 1806 484 139 detta
3765 1806 430 139 alls
4034 1806 430 139 icke
4249 1806 377 139 varit

2619 1894 323 139 af
2781 1894 539 139 sådant
3158 1894 916 139 beskaffenhet,
3912 1894 377 139 som
4073 1894 539 139 Stenberg

2627 1991 488 151 önskat
2969 1991 342 151 han
3164 1991 488 151 lemnat
3506 1991 439 151 tyget
3799 1991 391 151 åter
4043 1991 391 151 till
4238 1991 342 151 Dahl¬-

2627 2125 552 137 ström,
3013 2125 331 137 då
3179 2125 387 137 han
3400 2125 994 137 midsommardagen
4173 2125 497 137 träffat

2630 2197 430 137 denne
2917 2197 239 137 i
3012 2197 621 137 Ekedalen;
3490 2197 334 137 att
3681 2197 669 137 kofferten,
4158 2197 478 137 Stenberg

2604 2291 753 174 vetterligen,
3216 2291 376 174 icke
3451 2291 659 174 innehållit
3968 2291 376 174 vare
4204 2291 329 174 sig
4345 2291 329 174 några

2597 2412 504 122 vexlar
2949 2412 454 122 eller
3252 2412 706 122 penningar;
3806 2412 353 122 att
4008 2412 302 122 då
4109 2412 504 122 Stenberg

2611 2473 565 154 afrest
3006 2473 452 154 från
3289 2473 565 154 Skafde
3684 2473 396 154 han
3910 2473 452 154 icke
4136 2473 452 154 kommit

2604 2573 367 170 att
2813 2573 524 170 omtala
3180 2573 367 170 för
3390 2573 681 170 Dahlström
3913 2573 472 170 hvart
4228 2573 367 170 han
4385 2573 262 170 be¬-

2606 2681 429 144 gåfve
2892 2681 382 144 sig;
3131 2681 334 144 att
3322 2681 668 144 Dahlström,
3846 2681 334 144 som
4037 2681 382 144 sagt
4275 2681 334 144 sig
4419 2681 238 144 va¬-

2558 2789 286 126 ra
2701 2789 286 126 på
2844 2789 333 126 väg
3034 2789 381 126 till
3272 2789 666 126 Uddevalla,
3796 2789 571 126 omtalat,
4224 2789 333 126 att
4367 2789 238 126 han

2583 2896 417 120 varit
2861 2896 324 120 ute
3046 2896 324 120 för
3231 2896 324 120 att
3417 2896 278 120 se
3556 2896 324 120 sig
3741 2896 278 120 om
3880 2896 417 120 efter
4158 2896 417 120 någon
4389 2896 232 120 lä¬-

2614 2936 469 142 genhet
2943 2936 329 142 att
3083 2936 329 142 hyra.

2694 3022 572 163 Hanssons
3123 3022 477 163 hustru
3457 3022 381 163 Inga
3695 3022 620 163 Christina
4124 3022 477 163 Hansson,

2597 3135 529 159 hvilken
2982 3135 289 159 då
3126 3135 626 159 Dahlström
3607 3135 337 159 den
3800 3135 289 159 29
3944 3135 481 159 sistl.
4281 3135 385 159 Juni
4474 3135 144 159 i

2599 3236 700 133 Uddevalla
3138 3236 646 133 häktades
3622 3236 323 133 af
3730 3236 861 133 Detektivkonst.

2598 3315 507 142 Andrén
2953 3315 406 142 togs
3207 3315 254 142 i
3309 3315 558 142 förhör,
3715 3315 660 142 berättade
4171 3315 457 142 dervid;

2612 3411 353 159 att
2813 3411 453 159 sedan
3115 3411 353 159 han
3317 3411 554 159 omkring
3720 3411 403 159 åtta
3972 3411 453 159 dagar
4223 3411 353 159 dess¬-

2601 3529 637 130 förinnan
3078 3529 424 130 från
3344 3529 1114 130 jernvägsstationen
4299 3529 265 130 i
4352 3529 265 130 Ud¬-

2617 3641 508 106 devalla
2986 3641 369 106 fått
3217 3641 831 106 underrättelse,
3910 3641 323 106 att
4095 3641 277 106 en
4187 3641 462 106 nattsäck
