4900 4063
433 192 586 175 dinaviska
884 192 451 175 Kredit
1200 192 722 175 Aktiebolaget
1786 192 225 175 i
1831 192 496 175 Stockholm

443 333 309 179 utan
637 333 271 179 att
791 333 309 179 vara
985 333 619 179 förfalskade,
1488 333 271 179 och
1642 333 271 179 att
1797 333 232 179 de
1913 333 387 179 öfrige
2145 333 232 179 två,

428 477 549 121 nemligen
840 477 274 121 No
977 477 412 121 31852
1251 477 320 121 och
1434 477 412 121 31862
1709 477 366 121 ännu
1937 477 366 121 icke
2120 477 229 121 in¬-

435 546 492 152 kommit;
793 546 313 152 och
972 546 626 152 inhemtades
1464 546 537 152 derefter
1822 546 582 152 ytterligare

422 649 210 136 i
506 649 966 136 Polisunderrättelser
1346 649 294 136 "No
1513 649 252 136 73
1639 649 294 136 C.1
1807 649 294 136 att
1933 649 462 136 sistnämn¬-

394 767 272 136 de
530 767 409 136 vexel
802 767 363 136 hade
1029 767 409 136 sedan
1302 767 318 136 den
1483 767 817 136 transporterats
2164 767 227 136 å
2209 767 182 136 B.

421 865 505 160 Olsson,
789 865 505 160 blifvit
1156 865 460 160 inlöst
1478 865 276 160 af
1616 865 505 160 Uplands
1937 865 460 160 Enskilda

332 956 545 147 Bank.

557 1067 351 161 Det
758 1067 703 161 omförmälda
1310 1067 854 161 signalementet
1963 1067 351 161 ledde

404 1155 801 185 misstankarna
1055 1155 250 185 å
1155 1155 701 185 Handlanden
1705 1155 450 185 Anton
1956 1155 450 185 Severin

408 1274 561 189 Hansson
816 1274 408 189 från
1071 1274 714 189 Uddevalla,
1631 1274 459 189 helst
1937 1274 357 189 han
2090 1274 255 189 re¬-

399 1372 351 157 dan
599 1372 351 157 vid
800 1372 451 157 besök
1101 1372 351 157 här
1302 1372 251 157 i
1402 1372 502 157 staden
1753 1372 451 157 under
2004 1372 351 157 sist¬-

419 1524 374 153 liden
669 1524 291 153 vår
835 1524 374 153 gjort
1084 1524 291 153 sig
1250 1524 540 153 misstänkt
1665 1524 291 153 för
1832 1524 374 153 något
2039 1524 374 153 brotts¬-

416 1587 325 172 ligt
620 1587 691 172 förehafvande;
1189 1587 285 172 och
1351 1587 447 172 aflätos
1676 1587 203 172 i
1758 1587 528 172 anledning
2123 1587 285 172 deraf

427 1718 599 140 telegram,
888 1718 415 140 bland
1165 1718 461 140 annat,
1487 1718 369 140 till
1672 1718 645 140 vederbörande

413 1772 722 186 Stadsfiskaler
1007 1772 212 186 i
1092 1772 552 186 Carlstad,
1517 1772 595 186 Uddevalla,
1942 1772 467 186 Falköping

402 1869 358 168 och
606 1869 665 168 Lidköping
1118 1869 358 168 med
1323 1869 614 168 begäran,
1783 1869 409 168 dels
2039 1869 307 168 om
2141 1869 256 168 be¬-

406 1981 452 162 mälde
707 1981 603 162 Hanssons
1159 1981 904 162 efterspanande,
1912 1981 402 162 dels
2113 1981 251 162 ock

404 2059 354 151 att
607 2059 708 151 Skräddaren
1163 2059 455 151 Johan
1466 2059 505 151 Alfred
1769 2059 556 151 Dahlström

411 2184 382 136 från
650 2184 669 136 Uddevalla,
1175 2184 525 136 hvilken
1557 2184 334 136 vid
1748 2184 334 136 vid
1892 2184 478 136 Hanssons

431 2292 733 110 förberördes
1017 2292 440 110 besök
1310 2292 635 110 härstädes
1750 2292 586 110 sällskapat

349 2361 376 115 med
564 2361 538 115 honom,
941 2361 591 115 skulle,
1371 2361 538 115 derest
1747 2361 376 115 han
1908 2361 484 115 anträf¬-

413 2456 489 161 fades,
706 2456 489 161 bevakas.

448 2534 606 148 Lördagen
902 2534 354 148 den
1104 2534 303 148 26
1256 2534 404 148 Juni
1508 2534 455 148 inkom
1811 2534 404 148 från
2013 2534 404 148 Stads¬-

393 2655 562 157 fiskalen
814 2655 234 157 i
908 2655 609 157 Lidköping
1376 2655 702 157 telegrafisk
1891 2655 515 157 underrät¬-

389 2752 458 146 telse
694 2752 509 146 derom,
1050 2752 356 146 att
1254 2752 560 146 Hansson
1661 2752 305 146 då
1762 2752 560 146 uppehölle

416 2860 326 144 sig
602 2860 651 144 derstädes;
1113 2860 326 144 och
1299 2860 419 144 sedan
1578 2860 233 144 i
1671 2860 605 144 anledning
2090 2860 326 144 deraf

439 2978 454 138 genom
741 2978 606 138 telegram
1195 2978 706 138 anhållits,
1750 2978 353 138 att
1902 2978 454 138 Hansson

445 3112 399 83 måtte
710 3112 664 83 qvarhållas,
1242 3112 354 83 till
1463 3112 354 83 dess
1640 3112 753 83 detektivkonsta¬-

413 3151 333 167 pel
604 3151 570 167 härifrån
1031 3151 523 167 anlände
1411 3151 380 167 till
1649 3151 665 167 Lidköping,
2124 3151 285 167 samt

421 3244 346 164 att
618 3244 396 164 hans
866 3244 594 164 medförda
1311 3244 396 164 gods
1558 3244 445 164 måtte
1805 3244 594 164 tillvarat¬-

430 3333 404 184 gas,
682 3333 404 184 blef
934 3333 555 184 Hansson
1338 3333 454 184 samma
1640 3333 353 184 dag
1842 3333 303 184 på
1943 3333 454 184 aftonen

412 3440 286 151 af
555 3440 1288 151 Detektivpoliskonstapeln
1701 3440 286 151 C.
1844 3440 286 151 G.
1939 3440 382 151 Andrén

419 3507 293 219 som
587 3507 503 219 härifrån
964 3507 712 219 ofördröjligen
1551 3507 419 219 afrest
1844 3507 335 219 till
2012 3507 335 219 Lidkö¬-

420 3645 370 164 ping,
667 3645 535 164 anhållen,
1078 3645 535 164 hvarefter
1489 3645 452 164 Hansson
1818 3645 288 164 vid
1942 3645 370 164 förhör,

2501 190 341 152 som
2696 190 438 152 inför
2988 190 828 152 Stadsfiskalen
3671 190 633 152 derstädes
4109 190 341 152 samme

2514 304 286 184 dag
2678 304 450 184 hållits
3005 304 491 184 afgifvit
3373 304 368 184 sådan
3618 304 613 184 förklaring,
4109 304 286 184 som
4232 304 204 184 här

2516 406 490 164 bifogade
2884 406 531 164 protokoll
3292 406 409 164 (Litt.
3578 406 286 164 A.)
3742 406 531 164 utvisade.
4109 406 368 164 Nästpå¬-

2535 539 450 154 följde
2850 539 315 154 dag
3030 539 315 154 den
3210 539 270 154 27
3345 539 360 154 Juni
3570 539 585 154 hitfördes
3975 539 450 154 Hansson,

2515 595 340 156 som
2709 595 340 156 vid
2903 595 485 156 förhör
3242 595 340 156 med
3436 595 728 156 vidhållande
4018 595 291 156 af
4115 595 291 156 sine

2524 717 393 111 inför
2787 717 743 111 Stadsfiskalen
3398 717 219 111 i
3486 717 568 111 Lidköping
3923 717 481 111 lemnade
4229 717 262 111 upp¬-

2529 816 460 107 gifter,
2864 816 544 107 förnekade
3282 816 293 107 att
3449 816 627 107 delaktighet
3951 816 209 107 i
4035 816 376 107 eller
4244 816 251 107 kän¬-

2522 849 425 176 nedom
2805 849 283 176 om
2946 849 283 176 de
3088 849 802 176 ifrågavarande
3701 849 802 176 förfalskningar¬-

2499 937 345 151 ne.
2696 937 443 151 Sedan
2991 937 591 151 derefter
3435 937 640 151 upprepade
3927 937 493 151 förhör
4223 937 246 151 med

2539 1061 517 118 Hansson
2915 1061 517 118 hållits
3291 1061 517 118 erkände
3668 1061 329 118 han
3856 1061 517 118 omsider
4185 1061 235 118 att

2528 1172 293 118 han
2695 1172 334 118 vore
2904 1172 501 118 delaktig
3280 1172 209 118 i
3364 1172 1045 118 förfalskningsbrotten,
4241 1172 293 118 hvil¬-

2532 1246 349 137 ken
2731 1246 697 137 bekannelse
3279 1246 349 137 han
3479 1246 349 137 vid
3678 1246 598 137 förnyade
4076 1246 399 137 förhör

2524 1306 568 144 upprepat
2949 1306 331 144 och
3139 1306 662 144 vidhållit;
3659 1306 331 144 och
3848 1306 331 144 har
3990 1306 426 144 Hansson

2518 1397 516 155 sålunda
2893 1397 610 155 berättat:
3363 1397 328 155 att
3550 1397 422 155 sedan
3832 1397 328 155 han
4020 1397 328 155 och
4161 1397 328 155 Dahl¬-

2546 1495 432 177 ström
2834 1495 623 177 sistlidna
3313 1495 336 177 års
3505 1495 384 177 höst
3745 1495 527 177 blifvit
4080 1495 432 177 bekanta

2520 1582 369 164 med
2731 1582 737 164 hvarandra,
3310 1582 685 164 Dahlström
3837 1582 474 164 snart
4101 1582 421 164 börjat

2533 1685 785 190 antydningsvis
3179 1685 508 190 föreslå
3549 1685 323 190 att
3733 1685 323 190 de,
3918 1685 508 190 medelst
4241 1685 277 190 för¬-

2519 1790 490 176 öfvande
2876 1790 267 176 af
3009 1790 401 176 något
3277 1790 1024 176 förfalskningsbrott,
4123 1790 356 176 skulle

2522 1904 388 149 söka
2765 1904 485 149 skaffa
3105 1904 340 149 sig
3299 1904 679 149 penningar;
3832 1904 340 149 att
4026 1904 291 149 då
4123 1904 340 149 Hans¬-

2524 1985 308 165 son
2700 1985 220 165 i
2788 1985 440 165 början
3095 1985 352 165 icke
3315 1985 527 165 förstått
3711 1985 615 165 Dahlströms
4150 1985 352 165 afsig¬-

2510 2102 397 156 ter,
2758 2102 447 156 denne
3056 2102 347 156 för
3255 2102 546 156 Hansson
3652 2102 595 156 omtalat,
4048 2102 447 156 hurusom

2502 2183 679 171 Dahlströms
3035 2183 679 171 svärfader,
3568 2183 582 171 Gravören
4004 2183 339 171 Per
4150 2183 339 171 Sten¬-

2515 2327 419 96 berg,
2794 2327 512 96 hvilken
3166 2327 605 96 undergått
3631 2327 744 96 bestraffning
4189 2327 233 96 för

2534 2414 1051 128 förfalskningsbrott,
3448 2414 365 128 vore
3676 2414 685 128 synnerligen
4179 2414 365 128 skick¬-

2525 2489 323 159 lig
2709 2489 461 159 gravör
3032 2489 323 159 och
3217 2489 461 159 jemväl
3540 2489 415 159 kunde
3816 2489 277 159 på
3955 2489 415 159 något
4185 2489 231 159 för

2531 2578 621 153 Dahlström
3009 2578 477 153 okändt
3343 2578 382 153 sätt
3582 2578 621 153 förfalska
4011 2578 430 153 vexlar,

2537 2718 302 131 i
2657 2718 907 131 sammanhang,
3383 2718 665 131 hvarmed
3806 2718 665 131 Dahlström

2543 2782 556 155 omtalat,
2959 2782 324 155 att
3145 2782 556 155 Stenberg
3561 2782 602 155 sistlidet
4024 2782 278 155 år
4117 2782 324 155 varit

2529 2901 587 145 tilltalad
2981 2901 316 145 för
3161 2901 1039 145 vexelförfalskningar
4065 2901 316 145 men
4201 2901 316 145 blif¬-

2533 3001 378 103 vit
2695 3001 540 103 frikänd;

2968 3161 347 174 att
3167 3161 446 174 under
3464 3161 347 174 det
3663 3161 347 174 han
3861 3161 546 174 hållits
4208 3161 298 174 häk¬-

2541 3262 295 192 tad
2710 3262 295 192 för
2878 3262 380 192 detta
3132 3262 422 192 brott,
3427 3262 338 192 hans
3638 3262 422 192 hustru
3933 3262 211 192 i
4018 3262 253 192 en
4102 3262 422 192 rullgar¬-

2534 3368 571 128 dinskäpp
2963 3368 238 128 i
3058 3368 381 128 hans
3295 3368 476 128 bostad
3628 3368 618 128 påträffat
4104 3368 285 128 en
4199 3368 238 128 ge¬-

2535 3479 366 139 nom
2744 3479 575 139 berörda
3162 3479 836 139 förfalskning
3841 3479 627 139 åtkommen
4260 3479 261 139 se¬-

2526 3541 371 144 del
2738 3541 265 144 å
2844 3541 424 144 1000
3110 3541 584 144 kronor,
3534 3541 371 144 som
3746 3541 690 144 Dahlström
4224 3541 212 144 af

2534 3669 405 137 henne
2804 3669 315 137 för
2984 3669 496 137 vexling
3345 3669 541 137 mottagit
3750 3669 315 137 och
3930 3669 270 137 af
4021 3669 405 137 hvilken
