5061 4056
504 134 687 196 portmonäen
1044 134 344 196 med
1240 134 786 196 inneliggande
1830 134 638 196 penningebe¬-

526 236 361 227 lopp,
766 236 240 227 75
887 236 280 227 öre
1047 236 361 227 hafva
1287 236 441 227 blifvit
1608 236 321 227 till
1808 236 561 227 Rutgersson
2209 236 280 227 åter¬-

511 416 411 173 stälde
798 416 287 173 och
963 416 370 173 varda
1209 416 246 173 de
1332 416 246 173 af
1455 416 534 173 Johansson
1866 416 534 173 innehafde
2236 416 205 173 tre

496 538 646 165 pantsedlar
1003 538 599 165 bifogtade
1464 538 415 165 denna
1695 538 461 165 rapport.

533 684 281 167 På
674 684 422 167 grund
955 684 281 167 af
1096 684 375 167 hvad
1330 684 516 167 sålunda
1706 684 657 167 förekommit
2175 684 281 167 kom¬-

516 790 321 189 mer
700 790 367 189 Olof
929 790 459 189 Magnus
1251 790 643 189 Johansson,
1756 790 321 189 att
1940 790 413 189 denna
2169 790 230 189 dag

488 905 336 153 för
680 905 767 153 Poliskammare
1255 905 576 153 inställas.

1188 981 507 177 Göteborg
1568 981 296 177 den
1737 981 211 177 5
1821 981 464 177 Oktober
2117 981 296 177 1886.

119 1128 322 135 No
227 1128 268 135 216

110 1240 336 103 Leonard
324 1240 214 103 Beni¬-

134 1327 284 95 diktus
304 1327 256 95 Anders¬-

83 1414 180 92 son

650 1102 367 169 Sedan
895 1102 367 169 förre
1139 1102 692 169 Artilleristen
1709 1102 326 169 Carl
1913 1102 407 169 Henrik
2157 1102 367 169 Johans¬-

551 1239 286 178 son
715 1239 613 178 Synnervall,
1205 1239 409 178 boende
1492 1239 204 178 i
1573 1239 368 178 huset
1819 1239 245 178 No
1941 1239 204 178 6
2023 1239 327 178 Litt
2227 1239 204 178 H
2268 1239 123 178 i

532 1388 709 163 Tjörbostaden
1108 1388 620 163 Thorsdagen
1595 1388 310 163 den
1772 1388 222 163 7
1861 1388 443 163 dennes
2127 1388 354 163 anmält

528 1501 327 178 att
715 1501 840 178 derförutgångne
1415 1501 327 178 dag
1602 1501 280 178 på
1696 1501 700 178 eftermiddagen

515 1586 227 200 i
605 1586 363 200 hans
832 1586 454 200 bostad
1150 1586 363 200 från
1376 1586 408 200 honom
1648 1586 680 200 tillgripits
2147 1586 227 200 ett

505 1730 314 183 par
685 1730 449 183 pjexor
999 1730 269 183 af
1133 1730 583 183 rossläder
1582 1730 404 183 värde
1851 1730 224 183 9
1896 1730 404 183 Kronor.

518 1851 351 199 samt
737 1851 307 199 att
913 1851 307 199 han
1088 1851 307 199 för
1263 1851 394 199 detta
1526 1851 570 199 tillgrepp
1920 1851 526 199 misstänkte

517 1998 549 188 försförsta
948 1998 353 188 resan
1183 1998 353 188 stöld
1419 1998 510 188 straffade
1811 1998 235 188 fe
1889 1998 549 188 Kronoarbets-

494 2122 442 219 karlen
803 2122 486 219 Leonard
1157 2122 619 219 Benidiktus
1643 2122 575 219 Andersson
2041 2122 398 219 hvilken

490 2259 331 189 haft
697 2259 497 189 gemensam
1069 2259 414 189 bostad
1359 2259 290 189 med
1524 2259 579 189 Synnervall
1979 2259 290 189 och
2103 2259 414 189 sistnam¬-

505 2398 236 186 de
623 2398 275 186 dag
780 2398 236 186 på
898 2398 668 186 eftermiddagen
1448 2398 511 186 aflägsnat
1840 2398 275 186 sig
1998 2398 236 186 ur
2076 2398 393 186 bostaden

505 2529 495 179 hvarefter
886 2529 457 179 pjexorna
1229 2529 457 179 saknats,
1572 2529 229 179 så
1686 2529 267 179 har
1800 2529 724 179 detektivkonstapel

520 2650 228 177 J
612 2650 457 177 Bohlin
931 2650 639 177 förstnämde
1434 2650 320 177 dag
1617 2650 274 177 på
1708 2650 685 177 eftermiddagen

515 2756 517 170 anhållit
903 2756 603 170 ofvannämde
1376 2756 560 170 Andersson
1807 2756 474 170 hvilken
2109 2756 215 170 vid

510 2868 287 150 det
674 2868 287 150 med
838 2868 369 150 honom
1084 2868 533 150 anställda
1494 2868 410 150 förhör
1780 2868 451 150 vidgått
2108 2868 287 150 att
2231 2868 205 150 han

500 3007 257 167 på
629 3007 342 167 sätt
842 3007 599 167 målsegaren
1313 3007 556 167 uppgifvit
1741 3007 299 167 den
1912 3007 214 167 6
1997 3007 428 167 dennes
2254 3007 171 167 på

517 3122 665 187 eftermiddagen
1064 3122 547 187 tillgripit
1495 3122 391 187 dennes
1768 3122 391 187 pjexor
2003 3122 391 187 derefter

479 3246 650 173 medtagande
990 3246 511 173 desamma
1361 3246 557 173 begifvit
1779 3246 325 173 sig
1965 3246 325 173 hit
2104 3246 279 173 till

492 3356 476 210 staden
826 3356 333 210 der
1016 3356 333 210 han
1207 3356 238 210 i
1302 3356 667 210 Sandgången
1778 3356 714 210 sammanträffat

490 3512 346 133 med
687 3512 296 133 en
835 3512 543 133 obekant
1230 3512 691 133 mansperson
1773 3512 395 133 till
1971 3512 444 133 hvilken

480 3608 292 199 han
647 3608 459 199 försålt
981 3608 501 199 pjexorna
1357 3608 292 199 för
1524 3608 209 199 5
1607 3608 417 199 kronor
1899 3608 334 199 samt
2108 3608 292 199 att
2233 3608 209 199 han

495 3734 566 191 användt
906 3734 772 191 penningarne
1523 3734 412 191 till
1729 3734 566 191 förtäring

2711 151 306 193 På
2864 151 459 193 grund
3170 151 306 193 af
3323 151 408 193 hvad
3578 151 561 193 sålunda
3935 151 612 193 förekommit

2630 297 550 163 Kommer
3015 297 605 163 Leonard
3455 297 770 163 Benediktus
4005 297 605 163 Andersson

2652 423 336 218 att
2844 423 432 218 denna
3132 423 336 218 dag
3325 423 336 218 för
3517 423 817 218 Poliskammaren
4142 423 481 218 inställa

3501 542 473 164 Göteborg
3855 542 276 164 den
4013 542 197 164 8
4092 542 433 164 Oktober
4367 542 276 164 1880.

4640 683 231 159 No
4716 683 231 159 217.

4613 805 258 118 Henrik
4768 805 232 118 Dittmer

4608 905 144 72 och
4691 905 164 72 Otto
4773 905 205 72 Frithiof

4540 965 396 107 Seholm

2702 680 612 219 Bryggaren
3173 680 282 219 P.
3314 680 235 219 A
3408 680 612 219 Andersson
3879 680 471 219 boende
4208 680 235 219 i
4255 680 330 219 huset

2635 785 263 219 No
2767 785 263 219 73
2898 785 351 219 Litt
3117 785 219 219 S
3205 785 219 219 å
3292 785 394 219 Södra
3555 785 613 219 Burgarden,
4037 785 307 219 har
4169 785 438 219 Thorsda¬-

2637 955 328 177 gen
2824 955 328 177 den
3012 955 234 177 7
3105 955 234 177 i
3199 955 421 177 denna
3480 955 421 177 månad
3761 955 468 177 anmält
4089 955 328 177 att
4229 955 375 177 näst¬¬-

2640 1063 659 240 förutgångna
3167 1063 351 240 natt
3387 1063 220 240 i
3474 1063 307 240 ett
3650 1063 351 240 låst
3870 1063 483 240 dufslag
4221 1063 307 240 som
4353 1063 263 240 upp¬-

2645 1193 328 190 satt
2850 1193 246 190 på
2973 1193 246 190 en
3096 1193 205 190 5
3177 1193 410 190 alnars
3464 1193 287 190 hög
3628 1193 532 190 ställning
4038 1193 205 190 å
4120 1193 410 190 gården
4365 1193 246 190 der¬-

2651 1301 469 254 städes
2979 1301 375 254 fran
3214 1301 422 254 honom
3495 1301 704 254 tillgripits
4058 1301 516 254 omkring
4386 1301 188 254 30

2644 1441 529 224 stycken
3029 1441 577 224 lefvande
3462 1441 481 224 dufvor
3798 1441 433 224 värda
4039 1441 577 224 tillsamman

2628 1603 293 182 10
2775 1603 538 182 kronor;
3166 1603 391 182 samt
3411 1603 342 182 att
3606 1603 636 182 dufslaget
4046 1603 587 182 antagligen

2631 1704 512 236 öppnats
3004 1704 326 236 med
3190 1704 419 236 falsk
3469 1704 465 236 nyckel
3795 1704 419 236 eller
4027 1704 326 236 dyrk.

2684 1831 420 204 Såsom
2964 1831 607 204 misstänkt
3431 1831 327 204 för
3618 1831 420 204 detta
3898 1831 607 204 tillgrepp
4319 1831 233 204 har

2648 1986 1006 185 Detektivkonstapeln
3517 1986 274 185 C.
3654 1986 274 185 V.
3791 1986 640 185 Söderqvist
4248 1986 320 185 nämde

2648 2113 302 227 dag
2820 2113 259 227 på
2950 2113 475 227 aftonen
3295 2113 518 227 anhållit
3683 2113 733 227 Jernarbetaren
4244 2113 345 227 Henrik

2640 2247 449 183 Dittmer
2967 2247 449 183 anstäld
3294 2247 204 183 å
3375 2247 572 183 Carlslunds
3825 2247 531 183 mekaniska
4192 2247 368 183 werstad

2648 2384 209 234 i
2732 2384 501 234 Öregryte
3107 2384 417 234 socken
3399 2384 292 234 och
3566 2384 292 234 har
3733 2384 459 234 Dittmer
4066 2384 292 234 vid
4233 2384 292 234 det
4358 2384 209 234 med

2617 2521 414 224 honom
2893 2521 552 224 anstälda
3307 2521 460 224 förhör
3630 2521 644 224 uppgifvit,
4136 2521 322 224 att
4274 2521 322 224 sedan

2617 2671 323 203 han
2801 2671 323 203 som
2986 2671 277 203 är
3124 2671 369 203 född
3355 2671 323 203 den
3539 2671 277 203 29
3678 2671 369 203 Juli
3908 2671 369 203 1860
4139 2671 231 203 i
4185 2671 369 203 Motala

2608 2792 301 246 och
2780 2792 429 246 omking
3080 2792 215 246 3
3166 2792 258 246 år
3295 2792 386 246 varit
3553 2792 215 246 å
3638 2792 601 246 Carlslunds
4068 2792 472 246 Mekaniska

2629 2926 496 168 werkstad
3001 2926 289 168 med
3166 2926 785 168 måleriarbetaren
3827 2926 331 168 Otto
4034 2926 496 168 Frithiof
4364 2926 207 168 Se¬-

2614 3059 335 158 holm
2823 3059 293 158 som
2991 3059 418 158 jemväl
3284 3059 251 158 är
3409 3059 460 158 anstäld
3744 3059 209 158 å
3828 3059 586 158 Carlslunds
4246 3059 335 158 öfver¬-

2607 3187 581 174 enskommit
3054 3187 313 174 att
3233 3187 313 174 hos
3412 3187 626 174 målsegaren
3904 3187 581 174 tillgripa
4307 3187 268 174 duf¬-

2631 3324 347 152 vor,
2848 3324 260 152 de
2978 3324 521 152 Onsdagen
3368 3324 304 152 den
3542 3324 217 152 6
3629 3324 434 152 dennes
3932 3324 217 152 i
4019 3324 521 152 sällskap
4366 3324 217 152 med

2612 3458 590 178 hvarandra,
3075 3458 506 178 begifvit
3455 3458 295 178 sig
3623 3458 337 178 till
3834 3458 379 178 Södra
4045 3458 464 178 Burgården

2620 3571 296 181 der
2789 3571 465 181 Dittmer
3127 3571 465 181 upprest
3466 3571 254 181 en
3593 3571 381 181 stege
3847 3571 296 181 som
4016 3571 296 181 han
4143 3571 465 181 påträffat

2633 3692 242 194 i
2729 3692 678 194 trädgården
3262 3692 339 194 mot
3456 3692 726 194 ifrågakomne
3989 3692 484 194 dufslag.
