5015 4070
452 158 305 164 mält;
655 158 237 164 att
791 158 237 164 vid
926 158 305 164 något
1129 158 440 164 tillfälle
1467 158 305 164 sedan
1670 158 237 164 den
1806 158 203 164 26
1907 158 203 164 ds
2009 158 169 164 i
2043 158 338 164 bostaden

458 285 266 191 från
624 285 299 191 henne
823 285 499 191 tillgripits
1222 285 233 191 ett
1355 285 233 191 par
1488 285 299 191 byxor
1688 285 233 191 och
1821 285 199 191 en
1921 285 266 191 väst
2087 285 199 191 af
2153 285 233 191 svart

465 410 353 154 kläde,
712 410 529 154 tillsammans
1135 410 318 154 värde
1347 410 247 154 Tio
1488 410 388 154 Kronor,
1771 410 247 154 ett
1877 410 529 154 bomullslakan,

459 523 298 143 värdt
658 523 232 143 Två
790 523 365 143 Kronor,
1055 523 199 143 en
1155 523 298 143 svart
1354 523 563 143 moarésjalett,
1818 523 265 143 värd
1983 523 199 143 En
2083 523 331 143 Krona,
2281 523 133 143 en

455 633 405 191 fällknif,
766 633 249 191 värd
922 633 187 191 50
1016 633 249 191 öre,
1172 633 187 191 en
1265 633 218 191 blå
1390 633 218 191 och
1514 633 405 191 hvitrutig
1826 633 530 191 bomullsnäsduk
2231 633 187 191 värd

447 742 189 180 20
541 742 252 180 öre,
698 742 252 180 samt
855 742 220 180 att
981 742 220 180 hon
1107 742 220 180 för
1233 742 283 180 detta
1422 742 409 180 tillgrepp
1736 742 440 180 misstänkte
2082 742 283 180 förre
2239 742 189 180 Sjö¬-

454 887 319 190 mannen
677 887 319 190 Berndt
900 887 446 190 Johansson,
1251 887 351 190 hvilken
1506 887 287 190 några
1697 887 287 190 dagar
1888 887 255 190 bott
2047 887 223 190 hos
2143 887 255 190 henne,

456 1002 240 193 men
593 1002 309 193 sagde
799 1002 240 193 dag
936 1002 206 193 på
1039 1002 309 193 f.m.,
1245 1002 309 193 under
1451 1002 240 193 det
1588 1002 343 193 hustru
1829 1002 446 193 Petersson
2172 1002 206 193 på
2241 1002 137 193 en

448 1094 294 210 stund
644 1094 294 210 varit
840 1094 294 210 borta
1037 1094 261 210 från
1200 1094 327 210 hemmet
1429 1094 425 210 aflägsnat
1755 1094 229 210 sig
1886 1094 425 210 derifrån,
2180 1094 229 210 hvar¬-

465 1224 291 196 efter
659 1224 485 196 ofvannämnde
1047 1224 421 196 persedlar
1338 1224 324 196 saknats.

541 1322 622 184 Poliskonstapeln
1065 1322 196 184 No
1163 1322 196 184 87
1261 1322 360 184 Jonsson
1523 1322 229 184 har
1654 1322 393 184 Söndagen
1949 1322 229 184 den
2080 1322 196 184 29
2178 1322 196 184 ds
2243 1322 164 184 kl.

454 1445 225 196 3/4
583 1445 161 196 3
647 1445 193 196 på
743 1445 386 196 morgonen
1033 1445 386 196 anhållit
1322 1445 354 196 bemälde
1580 1445 418 196 Johansson
1901 1445 225 196 för
1998 1445 418 196 uteliggande

448 1554 173 195 i
518 1554 553 195 Kungsparken,
967 1554 345 195 dervid
1208 1554 449 195 Johansson
1554 1554 414 195 innehade
1864 1554 207 195 en
1934 1554 414 195 pantsedel,

456 1669 430 186 utfärdad
779 1669 215 186 af
886 1669 537 186 Pantlånaren
1316 1669 215 186 N.
1423 1669 430 186 Landgren
1745 1669 179 186 å
1817 1669 251 186 ett
1925 1669 287 186 lakan.

578 1763 229 207 Wid
709 1763 229 207 det
840 1763 229 207 med
972 1763 426 207 Johansson
1299 1763 164 207 i
1365 1763 426 207 anledning
1693 1763 295 207 häraf
1889 1763 426 207 anställde
2184 1763 197 207 för¬-

454 1902 229 181 hör
585 1902 229 181 har
716 1902 229 181 han
847 1902 458 181 uppgifvit,
1207 1902 229 181 att
1338 1902 262 181 han,
1502 1902 229 181 som
1633 1902 196 181 år
1731 1902 262 181 1872
1895 1902 360 181 blifvit
2124 1902 327 181 straffad

456 2002 204 226 för
572 2002 291 226 första
776 2002 262 226 resan
951 2002 291 226 stöld,
1155 2002 262 226 sedan
1330 2002 233 226 dess
1475 2002 233 226 dels
1621 2002 262 226 farit
1796 2002 233 226 till
1941 2002 262 226 sjöss
2116 2002 204 226 och
2203 2002 175 226 dels

440 2105 449 180 uppehållit
793 2105 224 180 sig
921 2105 224 180 med
1049 2105 481 180 tillfälligt
1434 2105 321 180 arbete
1658 2105 160 180 å
1722 2105 417 180 Hisingen;
2042 2105 224 180 att
2171 2105 224 180 han
2267 2105 96 180 i

440 2230 449 195 sistlidne
786 2230 380 195 Januari
1062 2230 311 195 månad
1269 2230 380 195 blifvit
1545 2230 380 195 intagen
1821 2230 173 195 å
1890 2230 414 195 Allmänna
2166 2230 173 195 och

443 2334 485 158 Sahlgrenska
831 2334 453 158 Sjukhuset,
1187 2334 227 158 der
1316 2334 227 158 han
1446 2334 356 158 vårdats
1705 2334 259 158 till
1867 2334 227 158 den
1996 2334 194 158 23
2061 2334 291 158 dennes,

457 2459 395 187 hvarefter
761 2459 213 187 han
882 2459 243 187 bott
1034 2459 213 187 hos
1156 2459 456 187 målsegaren;
1521 2459 213 187 att
1642 2459 213 187 han
1764 2459 426 187 tillgripit
2068 2459 304 187 samtlige

470 2546 508 214 ifrågavarande
889 2546 418 214 persedlar,
1217 2546 359 214 nemligen
1486 2546 239 214 dels
1636 2546 418 214 Thorsdagen
1965 2546 209 214 den
2084 2546 179 214 26
2144 2546 239 214 dennes

458 2664 189 182 på
553 2664 189 182 f.
648 2664 315 182 midd.,
868 2664 284 182 under
1057 2664 221 182 det
1184 2664 347 182 målseg.
1436 2664 284 182 varit
1625 2664 284 182 borta
1814 2664 252 182 från
1972 2664 410 182 bostaden,
2255 2664 158 182 by¬-

446 2756 274 198 xorna
628 2756 213 198 och
750 2756 335 198 västen,
993 2756 304 198 hvilka
1206 2756 274 198 plagg
1389 2756 304 198 dervid
1602 2756 396 198 förvarats
1906 2756 152 198 å
1967 2756 183 198 en
2058 2756 274 198 olåst
2210 2756 183 198 vind

457 2855 230 223 och
589 2855 197 223 af
687 2855 296 223 henne
884 2855 328 223 genast
1114 2855 230 223 för
1245 2855 197 223 En
1344 2855 296 223 Krona
1541 2855 427 223 pantsatts
1869 2855 230 223 hos
1968 2855 427 223 Pantlånaren

440 3010 191 184 G.
536 3010 350 184 Bergman
790 3010 159 184 i
854 3010 287 184 huset
1045 3010 191 184 No
1141 3010 191 184 37
1236 3010 223 184 vid
1364 3010 287 184 Breda
1555 3010 318 184 vägen,
1778 3010 255 184 dels
1937 3010 223 184 ock
2033 3010 318 184 Lördagen

457 3110 234 142 den
590 3110 200 142 28
690 3110 334 142 dennes
924 3110 200 142 på
1024 3110 200 142 f.
1124 3110 267 142 midd
1291 3110 367 142 lakanet
1559 3110 501 142 sidenduken,
1926 3110 434 142 fällknifven

464 3204 219 168 och
589 3204 407 168 näsduken;
902 3204 219 168 att
1027 3204 251 168 han,
1184 3204 219 168 som
1309 3204 376 168 derefter
1591 3204 407 168 aflägsnat
1904 3204 219 168 sig
2030 3204 251 168 från
2155 3204 219 168 Måls¬-

456 3295 368 200 egarens
723 3295 368 200 bostad,
991 3295 301 200 samma
1192 3295 234 200 dag
1326 3295 402 200 pantsatt
1628 3295 335 200 laknet
1862 3295 234 200 hos
1963 3295 435 200 Pantlånaren

451 3423 196 173 N.
549 3423 391 173 Landgren
843 3423 163 173 i
908 3423 294 173 huset
1104 3423 196 173 No
1202 3423 196 173 53
1299 3423 228 173 vid
1430 3423 196 173 2a
1528 3423 424 173 Långgatan
1854 3423 228 173 för
1984 3423 196 173 50
2082 3423 228 173 öre
2180 3423 163 173 och

433 3511 281 160 sålt
608 3511 491 160 moaréduken
994 3511 246 160 för
1135 3511 211 160 50
1240 3511 246 160 öre
1380 3511 281 160 till
1556 3511 246 160 ett
1696 3511 386 160 obekant
1942 3511 421 160 fruntimmer

446 3638 251 181 som
590 3638 251 181 han
733 3638 395 181 träffat
1021 3638 216 181 på
1129 3638 539 181 Fisktorget,
1560 3638 251 181 men
1703 3638 359 181 tappat
1919 3638 467 181 fällknifven

453 3772 291 116 och
578 3772 457 116 näsduken.

2690 157 250 197 Den
2833 157 214 197 af
2940 157 357 197 Berndt
3190 157 464 197 Johansson
3548 157 464 197 innehafde
3905 157 500 197 pantsedeln
4262 157 250 197 bifo¬-

2518 320 242 126 gas.

2706 317 219 248 På
2816 317 329 248 grund
3035 317 219 248 af
3145 317 292 248 hvad
3327 317 402 248 sålunda
3619 317 548 248 förekommit,
4058 317 365 248 kommer
4277 317 292 248 Berndt

2572 472 475 194 Johansson
2938 472 256 194 att
3084 472 329 194 denna
3304 472 256 194 dag
3450 472 256 194 för
3596 472 256 194 PKn
3706 472 439 194 inställas.

3120 587 444 193 Göteborg
3453 587 259 193 den
3601 587 222 193 30
3711 587 407 193 Augusti
3970 587 259 193 1880.

4462 659 303 144 No
4564 659 303 144 185.

4489 826 295 94 Johan
4653 826 262 94 Albert

4465 907 314 164 Andersson.

2655 682 762 216 Skrädderiarbetaren
3313 682 208 216 J.
3417 682 208 216 P.
3521 682 519 216 Gustafsson,
3937 682 346 216 boende
4179 682 173 216 i
4214 682 242 216 huset

2581 815 205 206 No
2683 815 205 206 15
2786 815 240 206 vid
2923 815 616 206 Kapuniergatan,
3437 815 240 206 har
3574 815 411 206 måndagen
3882 815 240 206 den
4019 815 205 206 30
4121 815 342 206 dennes
4327 815 171 206 an¬-

2573 944 336 186 mält,
2797 944 262 186 att
2946 944 336 186 samma
3170 944 262 186 dag
3320 944 187 186 i
3395 944 299 186 hans
3581 944 598 186 verkstadsrum
4067 944 299 186 från
4216 944 262 186 honom

2576 1107 493 143 tillgripits
2971 1107 197 143 en
3069 1107 559 143 skräddaresax,
3530 1107 263 143 värd
3694 1107 164 143 2
3760 1107 362 143 Kronor,
4023 1107 230 143 och
4154 1107 197 143 en
4220 1107 296 143 rökpipa

2592 1205 269 192 värd
2761 1205 202 192 25
2862 1205 269 192 öre,
3030 1205 269 192 samt
3198 1205 236 192 att
3333 1205 236 192 han
3467 1205 236 192 för
3602 1205 303 192 detta
3804 1205 437 192 tillgrepp
4106 1205 404 192 misstänkte

2560 1335 803 210 Skrädderiarbetaren
3253 1335 328 210 Johan
3472 1335 365 210 Albert
3727 1335 474 210 Andersson
4092 1335 292 210 från
4238 1335 255 210 Möln¬-

2583 1457 290 236 dal,
2764 1457 399 236 hvilken
3054 1457 326 236 förut
3272 1457 218 236 på
3380 1457 326 236 dagen
3598 1457 471 236 innevarit
3960 1457 181 236 i
3997 1457 471 236 Målsegarens

2554 1646 332 161 bostad.

2706 1673 473 243 Gustafsson
3078 1673 236 243 har
3213 1673 304 243 samma
3415 1673 236 243 dag
3550 1673 203 243 på
3652 1673 270 243 e.m.
3821 1673 270 243 till
3989 1673 270 243 PKns
4125 1673 371 243 detektiva

2625 1807 447 212 Afdelnings
2976 1807 319 212 kontor
3200 1807 351 212 uppfört
3456 1807 351 212 bemälde
3711 1807 447 212 Andersson,
4063 1807 351 212 hvilken
4286 1807 192 212 der¬-

2614 1933 232 204 vid
2747 1933 398 204 innehade
3045 1933 498 204 ifrågakomne
3443 1933 232 204 sax
3576 1933 299 204 jemte
3775 1933 299 204 pipa;
3974 1933 232 204 och
4107 1933 232 204 har
4206 1933 299 204 Anders¬-

2622 2026 223 199 son
2749 2026 223 199 vid
2877 2026 382 199 anstäldt
3163 2026 318 199 förhör
3386 2026 445 199 uppgifvit,
3736 2026 223 199 att
3863 2026 255 199 han,
4022 2026 223 199 som
4149 2026 255 199 vore
4276 2026 255 199 boende

2615 2131 178 225 i
2687 2131 784 225 Skomakeriarbetaren
3363 2131 499 225 Johanssons
3755 2131 249 225 hus
3898 2131 178 225 i
3969 2131 392 225 Mölndal
4218 2131 285 225 ofvan¬-

2624 2253 353 184 nämnde
2871 2253 247 184 dag
3012 2253 212 184 på
3117 2253 212 184 e.
3223 2253 212 184 m.
3329 2253 353 184 ingått
3576 2253 176 184 i
3646 2253 529 184 förstnämnde
4069 2253 247 184 hus
4210 2253 247 184 för
4316 2253 176 184 att

2629 2358 275 229 söka
2800 2358 515 229 målsegaren,
3213 2358 275 229 samt
3384 2358 275 229 att,
3556 2358 206 229 då
3659 2358 309 229 denne
3865 2358 206 229 ej
3968 2358 412 229 träffats
4243 2358 275 229 hemma,

2618 2506 429 182 Andersson
2948 2506 461 182 tillgripit
3310 2506 297 182 saxen
3508 2506 231 182 och
3640 2506 330 182 pipan,
3871 2506 429 182 hvarefter
4200 2506 231 182 han
4299 2506 165 182 af¬-

2621 2679 401 160 lägsnat
2876 2679 219 160 sig.

2729 2730 317 143 Saxen
2940 2730 246 143 och
3081 2730 317 143 pipan
3292 2730 246 143 äro
3433 2730 282 143 till
3609 2730 493 143 Målsegaren
3961 2730 493 143 återlemnade.

2716 2827 202 178 På
2817 2827 303 178 grund
3020 2827 202 178 af
3121 2827 270 178 hvad
3289 2827 371 178 sålunda
3559 2827 505 178 förekommit,
3963 2827 202 178 är
4064 2827 303 178 Johan
4232 2827 270 178 Albert

2640 2930 446 204 Andersson
2983 2930 343 204 kallad
3223 2930 275 204 till
3395 2930 515 204 inställelse
3807 2930 309 204 inför
4013 2930 240 204 Pkn
4150 2930 309 204 denna
4321 2930 172 204 dag

2952 3080 420 156 Göteborg
3267 3080 245 156 den
3407 3080 210 156 31
3512 3080 385 156 Augusti
3757 3080 245 156 1880.

4482 3115 274 130 No
4574 3115 274 130 186.

4484 3255 333 109 Samuel
4683 3255 233 109 Johan

4458 3319 302 112 Eklund.

2720 3173 578 177 Waktmästaren
3189 3173 289 177 Carl
3370 3173 397 177 Olsson,
3659 3173 433 177 anställd
3984 3173 253 177 hos
4092 3173 325 177 Enkefru

2632 3305 409 187 Charlotta
2946 3305 409 187 Dahlberg,
3260 3305 220 187 som
3386 3305 220 187 har
3512 3305 220 187 rum
3638 3305 220 187 för
3763 3305 346 187 resande
4015 3305 157 187 i
4078 3305 283 187 huset
4266 3305 189 187 No
4329 3305 126 187 44

2628 3428 217 190 vid
2752 3428 434 190 Sillgatan,
3093 3428 217 190 har
3216 3428 372 190 tisdagen
3495 3428 217 190 den
3619 3428 186 190 31
3712 3428 403 190 sistlidne
4022 3428 341 190 Augusti
4238 3428 279 190 anmält,

2641 3548 225 135 att
2769 3548 225 135 vid
2898 3548 289 135 något
3091 3548 418 135 tillfälle
3413 3548 289 135 sedan
3606 3548 225 135 den
3734 3548 193 135 27
3831 3548 161 135 i
3895 3548 289 135 samma
4088 3548 289 135 månad
4281 3548 193 135 ur
4345 3548 129 135 er

2621 3666 261 203 låst
2785 3666 392 203 koffert,
3078 3666 228 203 som
3209 3666 294 203 varit
3404 3666 359 203 stående
3665 3666 163 203 i
3731 3666 228 203 ett
3861 3666 294 203 olåst
4057 3666 228 203 rum
4187 3666 163 203 i
4220 3666 261 203 ofvan¬
