5064 4042
539 195 357 106 från
762 195 669 106 Westerlanda
1298 195 446 106 socken
1610 195 268 106 af
1744 195 491 106 Inlands
2056 195 312 106 Torpe

496 325 436 98 härad,
802 325 305 98 för
976 325 305 98 det
1151 325 305 98 han
1325 325 349 98 kort
1543 325 393 98 förut
1805 325 262 98 ur
1936 325 436 98 balar,
2198 325 218 98 som

508 455 377 90 legat
759 455 502 90 upplagda
1136 455 209 90 å
1220 455 377 90 oppna
1471 455 461 90 platsen
1806 455 293 90 vid
1932 455 544 90 Cellfängel¬-

514 573 339 98 set,
725 573 592 98 tillgripet
1191 573 466 98 omkring
1529 573 254 98 15
1656 573 212 98 ℔
1741 573 466 98 bomull,
2079 573 296 98 som
2206 573 212 98 han

506 699 484 98 stoppat
858 699 220 98 i
946 699 264 98 en
1078 699 484 98 medförd
1386 699 308 98 säck.

523 815 330 108 Vid
712 815 330 108 det
900 815 330 108 med
1089 815 519 108 Larsson
1467 815 236 108 i
1561 815 614 108 anledning
2033 815 425 108 häraf
2269 815 189 108 a¬-

505 931 413 115 stälde
794 931 455 115 förhör,
1125 931 289 115 har
1290 931 289 115 han
1455 931 579 115 uppgifvit,
1910 931 289 115 att
2075 931 289 115 han
2199 931 207 115 för

506 1040 508 132 omkring
875 1040 277 132 14
1014 1040 415 132 dagar
1291 1040 415 132 sedan
1567 1040 462 132 kommit
1891 1040 323 132 hit
2029 1040 277 132 till

502 1143 422 148 staden,
809 1143 269 148 och
962 1143 269 148 här
1116 1143 461 148 försörjt
1461 1143 269 148 sig
1615 1143 269 148 med
1768 1143 576 148 tillfälligt
2190 1143 192 148 ar¬-

506 1279 378 142 bete,
758 1279 336 142 samt
968 1279 294 142 att
1137 1279 294 142 han
1305 1279 631 142 ifrågakomne
1809 1279 378 142 afton
2020 1279 378 142 visser¬-

505 1411 389 126 ligen
764 1411 605 126 uppehållit
1240 1411 303 126 sig
1413 1411 303 126 vid
1585 1411 389 126 Lilla
1845 1411 476 126 Bommens
2147 1411 303 126 hamn,

508 1523 339 136 men
701 1523 339 136 att
895 1523 339 136 han
1088 1523 290 136 ej
1233 1523 387 136 eger
1475 1523 435 136 någon
1765 1523 581 136 kännedom
2152 1523 194 136 om

500 1667 666 113 ifrågakomne
988 1667 488 113 tillgrepp

662 1761 578 111 Följande
1095 1761 578 111 personer
1528 1761 433 111 hafva
1769 1761 481 111 upplyst.

508 1883 266 132 1o
641 1883 931 132 Besättningskarlen
1439 1883 399 132 Johan
1705 1883 488 132 Månsson
2015 1883 399 132 anstäld

514 2003 211 146 å
598 2003 632 146 ångfartyget
1104 2003 379 146 Lilla
1357 2003 379 146 Edet"
1609 2003 295 146 att
1778 2003 295 146 han
1904 2003 506 146 ifrågakom¬-

507 2123 270 144 ne
642 2123 315 144 dag
822 2123 270 144 på
957 2123 496 144 aftonen
1318 2123 360 144 sett
1543 2123 496 144 Larsson
1858 2123 496 144 uppehålla

506 2242 305 154 sig
681 2242 305 154 vid
855 2242 392 154 några
1116 2242 218 154 å
1203 2242 392 154 öppna
1464 2242 479 154 platsen
1812 2242 305 154 vid
1943 2242 435 154 Cellfän¬-

511 2348 415 172 gelset
801 2348 498 172 upplagda
1175 2348 706 172 bomullsbalar;
1756 2348 332 172 samt
1963 2348 291 172 att
2088 2348 291 172 Lars¬-

486 2461 334 182 son
677 2461 286 182 då
820 2461 334 182 han
1011 2461 620 182 aflägsnat
1488 2461 334 182 sig
1678 2461 381 182 från
1869 2461 429 182 balarna

511 2581 513 188 medfört
885 2581 280 188 en
1025 2581 327 188 med
1211 2581 467 188 bomull
1538 2581 373 188 fyld
1771 2581 420 188 säck,
2005 2581 233 188 som

527 2691 287 200 han
691 2691 328 200 satt
896 2691 369 200 ifrån
1142 2691 287 200 sig
1306 2691 205 200 å
1388 2691 246 200 en
1510 2691 328 200 till
1715 2691 410 200 elfven
1961 2691 369 200 ledande

502 2818 549 198 trappa,
902 2818 499 198 hvarom
1251 2818 549 198 Månsson
1601 2818 649 198 underrättat

517 2942 627 177 Styrmannen
1010 2942 537 177 Wikström
1413 2942 313 177 och
1547 2942 851 177 Besättningskarlen

502 3106 437 113 Johan
744 3106 582 113 Petersson.

522 3181 251 162 2o
648 3181 878 162 Besättningskarlen
1400 3181 376 162 Johan
1651 3181 585 162 Pettersson
2069 3181 335 162 jemväl

517 3297 407 163 anstäld
813 3297 185 163 å
887 3297 407 163 berörde
1182 3297 517 163 ångfartyg,
1589 3297 259 163 att
1737 3297 333 163 efter
1958 3297 259 163 det
2069 3297 333 163 Månsson

518 3405 626 179 underrättat
1019 3405 376 179 honom
1270 3405 251 179 om
1395 3405 668 179 förhållandet
1938 3405 292 179 han
2063 3405 251 179 sett

496 3517 444 184 Larsson
819 3517 484 184 aflägsna
1182 3517 283 184 sig
1343 3517 323 184 från
1545 3517 484 184 trappan,
1909 3517 323 184 samt
2070 3517 202 184 att

518 3655 545 168 derstädes
937 3655 503 168 derefter
1314 3655 587 168 påträffats
1775 3655 251 168 en
1901 3655 335 168 säck
2069 3655 251 168 fyld

2689 198 330 106 med
2830 198 424 106 bomull.

2682 268 745 156 Handelsfirman
3295 268 307 156 Chr
3471 268 613 156 Arfvidsson
3953 268 219 156 &
4040 268 263 156 Co
4172 268 307 156 som
4303 268 219 156 har

2687 395 331 147 sitt
2893 395 413 147 kontor
3183 395 207 147 i
3265 395 372 147 huset
3513 395 248 147 No
3637 395 207 147 8
3720 395 289 147 vid
3885 395 372 147 Norra
4092 395 455 147 Hamngatan

2660 511 307 167 har
2836 511 439 167 anmält
3143 511 307 167 sig
3319 511 395 167 såsom
3582 511 395 167 egare
3845 511 351 167 till
4021 511 439 167 bomullen

2667 622 408 186 under
2939 622 498 186 uppgift
3301 622 317 186 att
3482 622 544 186 densamma
3890 622 317 186 som
4071 622 362 186 vore
4252 622 272 186 värd

2679 740 222 200 60
2790 740 258 200 öre
2938 740 185 200 ℔
3011 740 554 200 tillgripits
3454 740 222 200 ur
3565 740 406 200 firmans
3861 740 517 200 tillhörige
4267 740 258 200 och
4377 740 185 200 vid

2666 878 411 170 Lilla
2941 878 503 170 Bommens
3306 878 366 170 hamn
3535 878 548 170 upplagde
3900 878 366 170 balar.

2705 992 463 176 Bomullen
3053 992 270 176 har
3207 992 425 176 blifvit
3516 992 309 176 till
3709 992 386 176 egaren
3941 992 463 176 återlemnad

2731 1110 270 160 På
2866 1110 405 160 grund
3136 1110 270 160 af
3272 1110 360 160 hvad
3497 1110 496 160 sålunda
3857 1110 631 160 förekommit
4308 1110 270 160 kom¬-

2730 1230 292 166 mer
2897 1230 417 166 Anders
3189 1230 459 166 Larsson
3523 1230 292 166 att
3690 1230 375 166 denna
3940 1230 292 166 dag
4107 1230 292 166 för
4232 1230 334 166 Polis¬-

2737 1341 470 158 kammaren
3089 1341 509 158 inställas
3481 1341 470 158 Göteborg
3834 1341 274 158 den
3991 1341 235 158 11
4108 1341 313 158 Mars
4265 1341 274 158 1880.

4571 1472 329 70 No
4681 1472 219 70 58

4471 1558 475 84 Samuel

4533 1663 461 66 Pettersson

2782 1466 865 194 Poliskonstapeln
3511 1466 273 194 No
3647 1466 273 194 42
3784 1466 319 194 Ahl
3966 1466 319 194 har
4103 1466 455 194 Måndagen

2701 1572 300 218 den
2872 1572 214 218 8
2958 1572 428 218 dennes
3258 1572 257 218 på
3386 1572 557 218 middagen,
3814 1572 385 218 efter
4071 1572 471 218 anmälan
4371 1572 171 218 af

2695 1708 744 218 Fläskmånglaren
3315 1708 331 218 Carl
3521 1708 579 218 Johansson,
3976 1708 413 218 boende
4265 1708 207 218 i
4307 1708 289 218 huset

2706 1838 250 212 No
2831 1838 250 212 40
2956 1838 250 212 af
3081 1838 500 212 Majornas
3457 1838 375 212 andra
3707 1838 375 212 rote,
3957 1838 292 212 och
4082 1838 500 212 flaskmång¬-

2717 1976 433 190 lerskan
3032 1976 315 190 Anna
3229 1976 473 190 Larsson,
3583 1976 394 190 boende
3859 1976 197 190 i
3938 1976 355 190 huset
4174 1976 236 190 No
4292 1976 236 190 22
4371 1976 197 190 vid

2714 2092 534 204 Albogatan,
3133 2092 458 204 anhållit
3476 2092 267 204 för
3629 2092 267 204 4de
3781 2092 343 204 resan
4010 2092 343 204 stöld
4201 2092 381 204 straffa¬-

2690 2226 251 196 de
2816 2226 376 196 förre
3066 2226 877 196 Kronoarbetskarlen
3818 2226 418 196 Samuel
4069 2226 501 196 Pettersson

2700 2350 398 200 boende
2979 2350 199 200 i
3058 2350 358 200 huset
3297 2350 239 200 No
3416 2350 199 200 4
3496 2350 278 200 vid
3655 2350 716 200 Frigångsgatan,
4252 2350 278 200 för
4371 2350 199 200 det

2708 2480 309 188 han
2884 2480 353 188 kort
3105 2480 397 188 förut
3369 2480 221 188 å
3458 2480 662 188 Kungstorget
3987 2480 353 188 från
4163 2480 309 188 deras

2699 2590 819 190 försäljningsbord
3395 2590 327 190 från
3600 2590 246 190 en
3722 2590 327 190 hvar
3927 2590 246 190 af
4050 2590 287 190 dem
4173 2590 409 190 tillgri¬-

2696 2732 283 170 pit
2857 2732 445 170 omkring
3181 2732 202 170 2
3262 2732 202 170 ℔
3343 2732 364 170 fläsk
3586 2732 364 170 värdt
3829 2732 243 170 37
3951 2732 283 170 öre
4072 2732 162 170 ℔.

2718 2854 280 172 Vid
2878 2854 280 172 det
3038 2854 280 172 med
3198 2854 560 172 Pettersson
3638 2854 200 172 i
3718 2854 520 172 anledning
4118 2854 360 172 häraf
4318 2854 200 172 an¬-

2707 2966 432 182 stälda
3009 2966 432 182 förhör
3312 2966 303 182 har
3485 2966 303 182 han
3658 2966 475 182 vidgått
4003 2966 303 182 att
4176 2966 303 182 han
4306 2966 216 182 som

2724 3116 356 160 sagde
2962 3116 277 160 dag
3120 3116 356 160 varit
3357 3116 237 160 af
3476 3116 396 160 starka
3753 3116 435 160 drycker
4069 3116 475 160 berusad,
4386 3116 158 160 på

2707 3254 405 146 anmält
2991 3254 486 146 blifvit,
3356 3254 324 146 från
3558 3254 486 146 hvardera
3923 3254 243 146 af
4004 3254 486 146 målsegarne

2728 3382 505 138 tillgripit
3125 3382 253 138 ett
3269 3382 361 138 mindre
3522 3382 361 138 stycke
3774 3382 361 138 fläsk,
4027 3382 253 138 som
4171 3382 253 138 han
4279 3382 289 138 genast

2730 3506 227 130 då
2844 3506 569 130 tillgreppet
3299 3506 417 130 blifvit
3602 3506 417 130 bemärkt
3867 3506 493 130 återlemnat.

2724 3614 241 120 På
2844 3614 361 120 grund
3085 3614 241 120 af
3205 3614 321 120 hvad
3406 3614 441 120 sålunda
3726 3614 561 120 förekommit
4127 3614 321 120 kommer

2719 3707 306 126 Samuel
2934 3707 428 126 Pettersson
3270 3707 214 126 som
3393 3707 337 126 blifvit
3637 3707 245 126 till
3790 3707 306 126 Cellf.
4004 3707 459 126 införpassad
4341 3707 153 126 att

2739 3801 283 112 denna
2927 3801 220 112 dag
3053 3801 220 112 för
3178 3801 220 112 PKn
3304 3801 440 112 inställas.
3650 3801 377 112 Göteborg
3932 3801 220 112 den
4058 3801 189 112 12
4152 3801 251 112 Mars
4278 3801 220 112 1880.
