5111 4063
582 163 788 143 ifrågavarande
1231 163 371 143 väst
1462 163 324 143 och
1648 163 324 143 den
1833 163 324 143 ena
2019 163 278 143 af
2111 163 371 143 Svens¬-

565 249 394 172 sons
811 249 689 172 omförmälde
1352 249 837 172 nattskjortor,
2041 249 345 172 och
2189 249 246 172 vid

569 366 486 160 anstäld
922 366 618 160 visitation
1408 366 221 160 i
1496 366 662 160 Petterssons
2025 366 441 160 bostad
2290 366 221 160 der

554 504 629 140 påträffats
1048 504 629 140 Anderssons
1543 504 359 140 väst
1767 504 315 140 och
1947 504 315 140 ena
2082 504 404 140 cigarr¬-

555 600 551 172 fodralet,
978 600 551 172 Svenssons
1402 600 339 172 hatt
1614 600 381 172 lakan
1868 600 593 172 bulstervar
2291 600 212 172 och

539 743 503 193 putvar,
905 743 366 193 samt
1134 743 275 193 en
1271 743 595 193 pantsedel
1729 743 229 193 å
1821 743 595 193 Claessons
2232 743 275 193 byx¬-

501 923 188 82 or.

533 947 320 204 Vid
716 947 320 204 det
899 947 320 204 med
1081 947 639 204 Pettersson
1583 947 228 204 i
1675 947 593 204 anledning
2085 947 320 204 häraf

534 1096 572 161 anställde
974 1096 440 161 förhör
1282 1096 308 161 har
1458 1096 308 161 han
1633 1096 616 161 uppgifvit:
2117 1096 308 161 att
2249 1096 220 161 han

537 1188 629 204 Thorsdagen
1031 1188 314 204 den
1211 1188 269 204 30
1345 1188 449 204 sistl.
1660 1188 584 204 September
2064 1188 404 204 klockan

545 1335 441 199 emellan
866 1335 241 199 10
986 1335 201 199 à
1066 1335 241 199 11
1187 1335 241 199 på
1307 1335 441 199 aftonen
1628 1335 201 199 i
1708 1335 401 199 afsigt
1989 1335 281 199 att
2109 1335 281 199 själa

540 1458 440 189 ingått
848 1458 220 189 i
936 1458 572 189 Wincrantz
1376 1458 616 189 Stallgård,
1860 1458 308 189 att
2036 1458 308 189 han
2168 1458 308 189 genom

529 1591 296 198 ett
698 1591 211 198 å
782 1591 296 198 ena
951 1591 633 198 stallväggen
1458 1591 591 198 befintligt
1922 1591 296 198 mot
2049 1591 464 198 trappupp¬-

523 1736 428 170 gången
823 1736 342 170 till
1036 1736 428 170 vinden
1336 1736 470 170 vetande
1678 1736 513 170 fönster,
2063 1736 299 170 som
2191 1736 214 170 han

532 1839 457 207 öppnat,
865 1839 416 207 beredt
1156 1839 291 207 sig
1322 1839 540 207 tillträde
1738 1839 332 207 till
1904 1839 540 207 trappgången

521 1956 590 201 hvarifrån
974 1956 318 201 han
1156 1956 363 201 gått
1383 1956 318 201 upp
1564 1956 363 201 till
1791 1956 454 201 vinden
2109 1956 318 201 der
2245 1956 227 201 han

530 2082 609 181 tillgripit
1009 2082 566 181 Wincrantz
1444 2082 305 181 och
1618 2082 609 181 Anderssons
2053 2082 392 181 ifråga¬-

511 2212 483 191 komne
833 2212 590 191 kläder;
1263 2212 376 191 att
1477 2212 376 191 han
1692 2212 483 191 samma
1960 2212 376 191 afton

525 2352 482 155 jemväl
862 2352 482 155 ingått
1200 2352 241 155 i
1297 2352 724 155 selkammaren
1875 2352 338 155 och
2068 2352 338 155 med
2213 2352 193 155 en

520 2459 559 146 jernkrok
940 2459 606 146 uppbrutit
1406 2459 606 146 Svenssons
1872 2459 326 146 der
2012 2459 419 146 befint¬-

518 2588 385 204 liga
758 2588 625 204 dragkista
1239 2588 625 204 hvarefter
1720 2588 337 204 han
1912 2588 240 204 i
1960 2588 481 204 densamma

509 2702 698 238 tillgripit
1058 2702 299 238 de
1207 2702 947 238 klädespersedlar
1955 2702 349 238 denne

522 2844 480 207 mistat
858 2844 336 207 att
1050 2844 672 207 Pettersson
1577 2844 432 207 någon
1865 2844 336 207 dag
2057 2844 336 207 för
2201 2844 240 207 om¬-

501 2982 423 170 kring
783 2982 282 170 en
924 2982 423 170 månad
1205 2982 423 170 sedan
1487 2982 235 170 å
1581 2982 329 170 det
1769 2982 470 170 ställe
2050 2982 376 170 Claes¬-

496 3089 309 221 son
673 3089 619 221 uppgifvit,
1159 3089 619 221 tillgripit
1645 3089 442 221 dennes
1955 3089 442 221 byxor,
2220 3089 221 221 att

512 3201 619 214 Pettersson
998 3201 265 214 af
1131 3201 265 214 de
1264 3201 619 214 tillgripne
1750 3201 531 214 kläderna
2104 3201 310 214 pant¬-

495 3342 377 152 satt
731 3342 377 152 dels
967 3342 330 152 den
1155 3342 236 152 1
1250 3342 472 152 dennes
1580 3342 660 152 Anderssons
2052 3342 377 152 öfver¬-

501 3495 335 158 rock
711 3495 293 158 för
878 3495 251 158 15
1004 3495 419 158 kronor
1297 3495 293 158 hos
1465 3495 628 158 pantlånaren
1925 3495 503 158 Lindström,

491 3583 306 199 den
666 3583 306 199 grå
841 3583 393 199 bruna
1102 3583 437 199 rocken
1408 3583 306 199 för
1583 3583 218 199 5
1670 3583 437 199 kronor
1975 3583 306 199 hos
2106 3583 306 199 pant¬-

488 3705 500 205 lånaren
851 3705 455 205 Karth,
1170 3705 955 205 sommaröfverrocken
1989 3705 318 205 för
2171 3705 227 205 6
2216 3705 182 205 Kr

2631 124 311 197 hus
2808 124 667 197 pantlånaren
3342 124 267 197 N.
3475 124 533 197 Landgren
3875 124 222 197 i
3964 124 400 197 huset
4231 124 267 197 No
4320 124 222 197 53.

2649 282 317 186 vid
2830 282 407 186 andra
3101 282 588 186 Långgatan
3554 282 362 186 dels
3780 282 317 186 den
3962 282 226 186 5
4052 282 453 186 dennes
4324 282 226 186 den

2655 391 447 229 svarta
2968 391 805 229 Kamgarnsrocken
3640 391 313 229 för
3818 391 224 229 7
3908 391 447 229 kronor
4221 391 313 229 hos
4355 391 224 229 be¬-

2637 544 391 173 mälde
2897 544 391 173 Karth
3158 544 304 173 och
3332 544 348 173 dels
3549 544 304 173 den
3723 544 217 173 7
3810 544 435 173 dennes
4071 544 478 173 Svenssons

2651 669 369 241 byxor
2897 669 287 241 för
3061 669 205 241 3
3144 669 410 241 kronor
3431 669 575 241 äfvenledes
3882 669 287 241 hos
4046 669 410 241 Karth;
4293 669 205 241 att

2651 801 630 178 Pettersson
3146 801 315 178 som
3326 801 360 178 icke
3551 801 540 178 innehade
3955 801 315 178 mer
4135 801 270 178 än
4270 801 270 178 en
4360 801 180 178 af

2653 886 261 215 de
2783 886 348 215 från
3000 886 522 215 Svensson
3392 886 609 215 tillgripne
3870 886 609 215 skjortorna
4305 886 261 215 icke

2653 990 370 270 kunde
2900 990 411 270 erinra
3187 990 288 270 sig
3352 990 493 270 huruvida
3722 990 288 270 han
3886 990 329 270 sålt
4092 990 370 270 eller
4297 990 288 270 pant¬-

2669 1152 321 244 satt
2869 1152 240 244 de
2989 1152 401 244 öfrige
3270 1152 361 244 eller
3510 1152 240 244 om
3631 1152 240 244 de
3751 1152 240 244 på
3871 1152 361 244 något
4111 1152 321 244 satt
4272 1152 240 244 för¬-

2630 1227 498 310 kommit,
2992 1227 317 310 att
3173 1227 317 310 vid
3353 1227 452 310 hvarje
3670 1227 724 310 pantsättning
4213 1227 407 310 obekant

2652 1365 602 321 fruntimmer
3125 1365 387 321 medan
3383 1365 602 321 Pettersson
3856 1365 473 321 stadnat
4200 1365 258 321 på
4286 1365 301 321 gatan

2663 1531 536 282 utanför
3053 1531 780 282 lånekontoret
3687 1531 292 282 på
3833 1531 536 282 anmodan
4223 1531 292 282 af
4320 1531 244 282 ho¬-

2650 1645 334 280 nom
2841 1645 334 280 dit
3032 1645 477 280 ingått
3366 1645 334 280 och
3556 1645 477 280 belånt
3890 1645 572 280 kläderna
4272 1645 286 280 samt

2664 1756 329 277 att
2852 1756 329 277 han
3040 1756 516 277 användt
3415 1756 282 277 de
3556 1756 329 277 vid
3697 1756 845 277 pantsättningarna

2664 1868 523 298 erhallne
3056 1868 653 298 penningarne
3579 1868 348 298 till
3797 1868 348 298 sitt
3971 1868 523 298 uppehälle.

2666 2028 313 295 På
2822 2028 470 295 grund
3136 2028 313 295 af
3292 2028 418 295 hvad
3553 2028 574 295 sålunda
3919 2028 626 295 förekommit

2661 2168 469 269 kommer
2990 2168 516 269 Andreas
3365 2168 657 269 Pettersson
3882 2168 516 269 hvilken
4210 2168 329 269 blif¬-

2676 2345 302 253 vit
2848 2345 345 253 till
3064 2345 734 253 Cellfängelset
3669 2345 647 253 införpassad
4187 2345 302 253 att
4316 2345 259 253 den¬-

2668 2447 301 295 na
2818 2447 351 295 dag
3019 2447 351 295 för
3219 2447 853 295 Poliskammaren
3871 2447 552 295 inställas

3445 2581 460 200 Göteborg
3790 2581 268 200 den
3943 2581 230 200 15
4058 2581 422 200 Oktober
4327 2581 268 200 1880.

4592 2676 264 132 No
4680 2676 264 132 221.

4510 2785 336 183 Johan
4696 2785 299 183 Alfred

4471 2936 519 117 Johansson

4506 3023 291 184 m
4564 3023 291 184 fl.

2678 2704 850 231 Poliskonstapeln
3394 2704 269 231 No
3529 2704 313 231 109
3708 2704 582 231 Andersson
4155 2704 313 231 har
4289 2704 269 231 Fre¬-

2703 2891 350 251 dagen
2936 2891 272 251 den
3092 2891 233 251 15
3208 2891 389 251 dennes
3481 2891 272 251 kl.
3636 2891 233 251 10
3753 2891 194 251 &
3830 2891 233 251 15
3947 2891 233 251 m.
4064 2891 233 251 em
4141 2891 389 251 anhållit

2682 3002 637 287 ynglingarne
3191 3002 382 287 Johan
3446 3002 425 287 Alfred
3743 3002 552 287 Johansson
4168 3002 297 287 och
4296 3002 212 287 An¬-

2678 3140 378 279 ders
2914 3140 473 279 Magnus
3245 3140 520 279 Bergman
3623 3140 426 279 begge
3907 3140 473 279 boende
4238 3140 236 279 i
4285 3140 284 279 hus¬-

2662 3296 304 218 set
2835 3296 260 218 No
2965 3296 304 218 202
3139 3296 347 218 Litt
3356 3296 260 218 C.
3486 3296 260 218 F.
3617 3296 260 218 af
3747 3296 521 218 Majornas
4137 3296 304 218 1te
4268 3296 260 218 rote

2691 3415 361 265 samt
2916 3415 316 265 för
3097 3415 451 265 första
3413 3415 406 265 resan
3683 3415 541 265 snatteri
4044 3415 496 265 straffade

2674 3502 620 309 ynglingen
3151 3502 429 309 Johan
3437 3502 524 309 Mauritz
3818 3502 620 309 Andersson
4247 3502 334 309 boen¬-

2693 3671 274 217 de
2830 3671 228 217 i
2921 3671 410 217 huset
3195 3671 274 217 No
3332 3671 319 217 197
3514 3671 274 217 af
3651 3671 547 217 Majornas
4061 3671 365 217 1ste
4243 3671 274 217 rote
