5036 4040
641 201 228 83 Det
772 201 325 83 skulle
999 201 228 83 här
1129 201 455 83 antecknas,
1487 201 228 83 att
1617 201 228 83 PKn
1747 201 228 83 den
1877 201 195 83 16
1975 201 228 83 och
2105 201 195 83 24
2170 201 260 83 sistl.

515 314 277 78 Mars
688 314 277 78 samt
861 314 242 78 den
1000 314 208 78 6.
1104 314 311 78 denna
1311 314 311 78 månad
1519 314 277 78 till
1692 314 242 78 RRn
1830 314 519 78 öfverlemnat
2211 314 173 78 den

496 414 316 93 vidare
717 414 505 93 ransakningen
1128 414 379 93 angående
1412 414 410 93 Lindqvist
1727 414 221 93 för
1853 414 221 93 tre
1980 414 410 93 särskilde
2264 414 126 93 af

523 519 259 97 honom
696 519 374 97 föröfvade
983 519 345 97 oloflige
1242 519 403 97 tillgrepp.
1530 519 230 97 hvilka

644 621 203 101 På
746 621 305 101 grund
949 621 203 101 af
1050 621 271 101 hvad
1219 621 372 101 sålunda
1490 621 508 101 förekommit,
1896 621 338 101 kommer
2099 621 271 101 Anders

512 735 353 109 Jonsson
769 735 417 109 Lindqvist
1089 735 225 109 att
1218 735 289 109 denna
1410 735 225 109 dag
1538 735 225 109 för
1667 735 225 109 PKn
1763 735 385 109 inställas.

971 841 387 61 Göteborg
1261 841 226 61 den
1390 841 193 61 16
1486 841 290 61 April
1647 841 226 61 1880.

141 939 220 87 No
215 939 183 87 87.

110 1051 223 91 August
243 1051 245 91 Petersson

576 924 224 109 Fru
704 924 383 109 Eleonora
991 924 415 109 Westberg,
1310 924 319 109 boende
1534 924 160 109 i
1598 924 287 109 huset
1789 924 192 109 No
1885 924 224 109 197
2013 924 192 109 af
2077 924 319 109 Majornas

521 1017 312 131 Förste
739 1017 249 131 rote
895 1017 218 131 har
1019 1017 218 131 den
1144 1017 156 131 7
1206 1017 312 131 dennes
1424 1017 343 131 anmält,
1673 1017 218 131 att
1798 1017 561 131 derförutgångne
2234 1017 156 131 dag

506 1141 211 123 vid
626 1141 483 123 middagstiden
1019 1141 151 123 i
1079 1141 362 123 bostaden
1350 1141 241 123 från
1501 1141 271 123 henne
1682 1141 452 123 tillgripits
2044 1141 211 123 två
2135 1141 271 123 stycken

505 1255 281 117 släta
692 1255 468 117 guldringar,
1066 1255 218 117 den
1191 1255 249 117 ende
1347 1255 281 117 märkt
1534 1255 218 117 med
1659 1255 187 117 A.
1752 1255 187 117 R.
1846 1255 187 117 W.
1939 1255 187 117 E.
2033 1255 187 117 L.
2127 1255 218 117 och
2220 1255 156 117 den

502 1361 323 129 andre
717 1361 251 129 med
861 1361 358 129 namnet
1112 1361 394 129 August,
1398 1361 323 129 värde
1613 1361 538 129 tillsammans
2044 1361 215 129 45
2115 1361 287 129 Kronor

502 1463 225 133 och
630 1463 321 133 hvilka
855 1463 321 133 ringar
1080 1463 289 133 legat
1273 1463 193 133 på
1370 1463 193 133 en
1466 1463 482 133 chiffonier,
1852 1463 257 133 samt
2012 1463 225 133 att
2141 1463 225 133 hon
2237 1463 161 133 för

513 1575 283 133 dessa
701 1575 409 133 tillgrepp
1015 1575 440 133 misstänkte
1361 1575 189 133 en
1455 1575 346 133 obekant
1707 1575 346 133 person,
1958 1575 220 133 som
2084 1575 220 133 vid
2178 1575 220 133 samma

499 1693 406 125 tillfälle
811 1693 406 125 innevarit
1124 1693 156 125 i
1186 1693 313 125 rummet
1405 1693 219 125 och
1530 1693 250 125 till
1686 1693 250 125 salu
1843 1693 375 125 utbjudit
2093 1693 281 125 socker.

619 1817 391 107 Ringarne
912 1817 293 107 hafva
1108 1817 358 107 blifvit
1368 1817 423 107 återfunne
1694 1817 423 107 pantsatta
2019 1817 228 107 den
2150 1817 228 107 ena
2247 1817 163 107 den

492 1931 161 121 6
556 1931 323 121 dennes
782 1931 226 121 hos
911 1931 484 121 Pantlånaren
1299 1931 194 121 H.
1396 1931 194 121 C.
1492 1931 387 121 Hallberg
1783 1931 161 121 i
1848 1931 291 121 huset
2041 1931 194 121 No
2138 1931 194 121 14
2203 1931 161 121 vid

491 2047 466 123 Husargatan
857 2047 233 123 för
990 2047 233 123 Fem
1123 2047 333 123 Kronor
1356 2047 233 123 och
1489 2047 233 123 den
1622 2047 300 123 andra
1822 2047 300 123 samma
2022 2047 233 123 dag
2155 2047 166 123 å
2188 2047 200 123 sta¬-

507 2148 262 130 dens
671 2148 393 130 allmänna
965 2148 589 130 Pantlånekontor
1456 2148 164 130 i
1521 2148 294 130 huset
1718 2148 196 130 No
1816 2148 196 130 37
1914 2148 229 130 vid
2012 2148 360 130 Wallgatan

510 2292 179 83 för
613 2292 128 83 8
638 2292 230 83 Kronor.

625 2338 294 125 Efter
821 2338 359 125 anmälan
1083 2338 196 125 af
1181 2338 458 125 Målsegaren
1540 2338 229 125 har
1671 2338 621 125 Poliskonstapeln
2194 2338 196 125 No
2259 2338 131 125 10

491 2447 430 145 Johansson
822 2447 232 145 den
954 2447 199 145 14
1054 2447 331 145 dennes
1285 2447 397 145 anhållit
1583 2447 530 145 Timmermannen
2014 2447 331 145 August
2212 2447 166 145 Pe¬-

496 2539 359 157 tersson,
765 2539 299 157 boende
975 2539 150 157 i
1034 2539 269 157 huset
1214 2539 179 157 No
1303 2539 209 157 106
1423 2539 239 157 Litt
1573 2539 150 157 B
1632 2539 179 157 af
1722 2539 359 157 Majornas
1991 2539 299 157 Tredje
2171 2539 179 157 rote

496 2649 291 155 såsom
690 2649 421 155 misstänkt
1014 2649 227 155 för
1143 2649 486 155 ifrågakomne
1532 2649 453 155 tillgrepp;
1888 2649 227 155 och
2017 2649 227 155 har
2115 2649 291 155 Peters¬-

499 2763 230 145 son
631 2763 230 145 vid
762 2763 230 145 det
894 2763 230 145 med
1025 2763 296 145 honom
1223 2763 164 145 i
1289 2763 428 145 anledning
1617 2763 296 145 häraf
1815 2763 428 145 anställde
2111 2763 263 145 förhör

486 2874 390 144 förnekat
810 2874 195 144 så
908 2874 227 144 väl
1038 2874 227 144 att
1168 2874 227 144 han
1298 2874 292 144 burit
1493 2874 292 144 varit
1688 2874 162 144 i
1753 2874 487 144 Målsegarens
2110 2874 260 144 bostad

499 2996 218 114 och
624 2996 218 114 der
748 2996 374 114 utbjudit
1029 2996 281 114 något
1216 2996 343 114 socker,
1466 2996 218 114 som
1591 2996 218 114 att
1716 2996 218 114 han
1840 2996 374 114 pantsatt
2090 2996 312 114 guldrin¬-

443 3118 339 74 garne.

614 3191 410 96 Följande
922 3191 410 96 personer
1229 3191 308 96 hafva
1400 3191 308 96 upplyst

491 3271 196 118 1o
589 3271 360 118 Muraren
851 3271 262 118 Olof
1015 3271 360 118 Larsson
1277 3271 229 118 och
1408 3271 327 118 dennes
1637 3271 327 118 hustru
1866 3271 360 118 Johanna
2095 3271 327 118 Larsson,

464 3383 318 126 hvilka
687 3383 191 126 bo
782 3383 477 126 tillsammans
1164 3383 223 126 med
1291 3383 477 126 Målsegaren,
1673 3383 223 126 att
1800 3383 413 126 Petersson
2118 3383 191 126 är
2181 3383 223 126 samme

464 3491 348 114 person,
717 3491 221 114 som
844 3491 221 114 den
971 3491 158 114 6
1034 3491 316 114 dennes
1255 3491 411 114 innevarit
1572 3491 221 114 hos
1698 3491 443 114 Målsegaren
2046 3491 221 114 och
2141 3491 253 114 utbju¬-

476 3623 213 81 dit
567 3623 273 81 socker.

466 3713 217 83 2o
574 3713 578 83 Timmermannen
1044 3713 289 83 Nils
1225 3713 470 83 Eriksson,
1586 3713 361 83 boende
1839 3713 181 83 i
1912 3713 325 83 huset
2129 3713 217 83 No
2237 3713 217 83 10
2309 3713 145 83 af

2650 212 402 107 Majornas
2952 212 335 107 Förste
3187 212 302 107 rote,
3388 212 235 107 att
3522 212 235 107 han
3656 212 235 107 den
3790 212 168 107 6
3857 212 168 107 i
3924 212 302 107 denna
4125 212 302 107 månad
4292 212 168 107 vid

2643 310 531 137 middagstiden
3074 310 166 137 å
3140 310 298 137 Andra
3339 310 431 137 Långgatan
3671 310 564 137 sammanträffat
4135 310 232 137 med
4235 310 265 137 August

2627 412 409 151 Petersson,
2948 412 204 151 som
3065 412 175 151 då
3152 412 379 151 framvisat
3444 412 175 151 en
3532 412 350 151 guldring
3794 412 204 151 och
3911 412 234 151 bedt
4057 412 263 151 honom
4232 412 263 151 följa
4378 412 146 151 med

2646 522 238 161 till
2795 522 356 161 Majornas
3062 522 535 161 Pantlånekontor
3508 522 208 161 vid
3627 522 416 161 Husargatan
3953 522 208 161 för
4072 522 208 161 att
4161 522 327 161 pantsätta

2646 626 333 173 ringen;
2888 626 212 173 att
3009 626 182 173 då
3100 626 212 173 vid
3221 626 455 173 framkomsten
3585 626 242 173 dit,
3737 626 364 173 kontoret
4009 626 273 173 varit
4161 626 303 173 stängdt,

2623 762 176 145 de
2711 762 235 145 gått
2857 762 235 145 till
3004 762 323 145 staden,
3239 762 323 145 hvarest
3473 762 381 145 Petersson
3767 762 147 145 å
3825 762 323 145 Stadens
4060 762 352 145 Allmänna
4295 762 205 145 Pant¬-

2629 884 530 137 låneinrättning
3070 884 353 137 pantsatt
3335 884 294 137 ringen
3541 884 206 137 för
3658 884 147 137 8
3717 884 324 137 Kronor;
3952 884 206 137 att
4070 884 206 137 vid
4158 884 324 137 bortgåen¬-

2626 996 199 149 det
2739 996 369 149 derifrån,
3023 996 369 149 Petersson
3306 996 170 149 ur
3392 996 199 149 sin
3505 996 369 149 västficka
3789 996 369 149 framtagit
4072 996 426 149 ytterligare
4385 996 113 149 en

2642 1106 414 155 guldring,
2961 1106 223 155 som
3088 1106 223 155 han
3216 1106 319 155 jemväl
3439 1106 287 155 velat
3630 1106 414 155 pantsätta
3948 1106 159 155 å
4012 1106 382 155 Majornas
4267 1106 223 155 Pant¬-

2631 1224 428 145 lånekontor
2968 1224 214 145 vid
3090 1224 459 145 Husargatan,
3458 1224 214 145 men
3580 1224 214 145 som
3702 1224 275 145 detta
3886 1224 245 145 ännu
4039 1224 275 145 varit
4192 1224 306 145 stängdt,

2630 1327 194 163 de
2727 1327 258 163 gått
2888 1327 226 163 ned
3017 1327 194 163 åt
3114 1327 484 163 Husargatan,
3501 1327 355 163 hvarest
3760 1327 194 163 de
3857 1327 355 163 träffat
4083 1327 387 163 Förtenaren

2651 1442 257 167 Adolf
2823 1442 457 167 Frankenberg,
3194 1442 200 167 som
3308 1442 257 167 följt
3479 1442 228 167 dem;
3622 1442 200 167 att
3736 1442 371 167 Petersson
4021 1442 342 167 derefter
4250 1442 228 167 ingått

2651 1552 164 179 å
2717 1552 426 179 Hallbergs
3044 1552 590 179 Pantlånekontor
3536 1552 229 179 vid
3667 1552 295 179 sagde
3863 1552 262 179 gata
4027 1552 229 179 och
4158 1552 229 179 der
4256 1552 262 179 belånt

2659 1668 293 175 ringen
2864 1668 205 175 med
2981 1668 205 175 Fem
3099 1668 323 175 Kronor;
3333 1668 235 175 samt
3480 1668 205 175 att
3597 1668 381 175 Petersson
3890 1668 176 175 på
3978 1668 264 175 fråga
4154 1668 176 175 af
4213 1668 293 175 Eriksson

2654 1784 392 170 hvarifrån
2955 1784 211 170 han
3076 1784 241 170 fått
3226 1784 392 170 ringarne,
3528 1784 271 170 först
3709 1784 331 170 svarat,
3950 1784 211 170 att
4070 1784 211 170 han
4191 1784 241 170 fått
4311 1784 151 170 dem

2667 1900 187 158 af
2760 1900 218 158 sin
2885 1900 342 158 syster,
3133 1900 218 158 men
3258 1900 404 158 sedermera
3569 1900 311 158 ändrat
3787 1900 280 158 denna
3973 1900 218 158 sin
4098 1900 342 158 uppgift
4315 1900 187 158 der¬-

2649 2043 251 124 hän,
2805 2043 219 124 att
2931 2043 188 124 de
3025 2043 376 124 tillhört
3307 2043 251 124 hans
3463 2043 470 124 frånskiljda
3808 2043 282 124 hustru;

2651 2125 189 150 3o
2745 2125 441 150 Förtenaren
3091 2125 283 150 Adolf
3280 2125 504 150 Frankenberg,
3689 2125 315 150 boende
3910 2125 157 150 i
3973 2125 283 150 huset
4162 2125 189 150 No
4256 2125 189 150 33
4319 2125 189 150 Litt

2629 2280 228 101 A
2674 2280 182 101 af

2880 2250 241 57 Majornas

3079 2236 215 111 5te
3202 2236 277 111 rote,
3387 2236 215 111 att
3509 2236 246 111 han,
3663 2236 277 111 såsom
3847 2236 369 111 Eriksson
4093 2236 369 111 uppgifvit,

2657 2342 294 147 varit
2853 2342 490 147 tillsammans
3245 2342 229 147 med
3376 2342 424 147 Petersson
3702 2342 163 147 å
3767 2342 424 147 Hallbergs
4061 2342 457 147 pantlånekon¬-

2658 2468 237 133 tor,
2806 2468 207 133 der
2925 2468 355 133 Peterson
3191 2468 296 133 belånt
3399 2468 178 133 en
3487 2468 355 133 guldring
3754 2468 207 133 med
3872 2468 207 133 Fem
3991 2468 326 133 Kronor;
4198 2468 148 133 och

2662 2592 181 111 4o
2752 2592 542 111 Bergsprängaren
3204 2592 241 111 Nils
3354 2592 421 111 Petersson,
3685 2592 301 111 boende
3896 2592 151 111 i
3956 2592 271 111 huset
4137 2592 181 111 No
4227 2592 211 111 106
4317 2592 181 111 Litt

2626 2701 182 139 B.
2717 2701 182 139 af
2808 2701 364 139 Majornas
3081 2701 304 139 Tredje
3294 2701 273 139 rote,
3476 2701 213 139 att
3597 2701 304 139 August
3810 2701 425 139 Petersson,
4144 2701 213 139 som
4265 2701 182 139 är
4326 2701 152 139 in¬-

2636 2809 388 137 neboende
2927 2809 226 137 hos
3056 2809 323 137 honom,
3282 2809 226 137 för
3412 2809 356 137 omkring
3670 2809 194 137 14
3767 2809 291 137 dagar
3961 2809 291 137 sedan
4155 2809 194 137 en
4220 2809 226 137 afton

2653 2923 400 135 hemkommit
2961 2923 215 135 och
3084 2923 369 135 omtalat,
3360 2923 215 135 att
3483 2923 215 135 han
3606 2923 307 135 hittat
3822 2923 184 135 en
3914 2923 369 135 guldring
4191 2923 154 135 i
4221 2923 277 135 Slotts¬-

2651 3066 369 96 skogen,
2919 3066 235 96 men
3053 3066 201 96 ej
3153 3066 302 96 visat
3321 3066 302 96 ringen.

2776 3142 420 114 Petersson
3099 3142 226 114 har
3228 3142 485 114 fortfarande
3616 3142 420 114 bestridt,
3939 3142 226 114 att
4068 3142 226 114 han
4165 3142 323 114 innehaft

2620 3265 303 96 eller
2822 3265 404 96 pantsatt
3125 3265 303 96 några
3293 3265 303 96 ringar.

2797 3369 518 80 Målsegaren
3204 3369 259 80 har
3352 3369 370 80 utlöst
3573 3369 407 80 ringarne.

2795 3474 200 84 På
2895 3474 300 84 grund
3095 3474 200 84 af
3195 3474 267 84 hvad
3362 3474 367 84 sålunda
3629 3474 500 84 förekommit,
4029 3474 334 84 kommer
4229 3474 267 84 August

2641 3595 408 80 Petersson
2954 3595 220 80 att
3080 3595 282 80 denna
3268 3595 220 80 dag
3394 3595 220 80 för
3519 3595 220 80 PKn
3645 3595 439 80 inställas.
3990 3595 377 80 Göteborg
4272 3595 220 80 den
4366 3595 126 80 16

2620 3685 345 91 April
2811 3685 269 91 1880.
