5032 4063
385 248 372 138 till
618 248 419 138 henne
897 248 605 138 ankommit,
1363 248 326 138 hon
1549 248 419 138 sjelf
1828 248 233 138 å
1875 248 512 138 stationen

402 374 618 166 afhemtat
866 374 618 166 densamme
1330 374 361 166 och
1536 374 567 166 inburit
1948 374 361 166 den
2103 374 309 166 till

393 460 477 198 hustru
727 460 667 198 Dahlström,
1251 460 238 198 i
1347 460 429 198 hvars
1633 460 524 198 närvaro
2014 460 334 198 hon
2157 460 286 198 öpp¬-

409 580 318 155 nat
590 580 681 155 nattsäcken,
1135 580 500 155 hvilken
1499 580 636 155 innehållit
1998 580 363 155 dels
2180 580 227 155 ett

406 672 364 167 bref
633 672 364 167 från
860 672 455 167 hennes
1178 672 364 167 man,
1406 672 364 167 dels
1633 672 409 167 denne
1860 672 546 167 tillhörige

406 798 405 135 orena
676 798 719 135 linnekläder,
1260 798 360 135 dels
1485 798 315 135 500
1665 798 450 135 Kronor
1934 798 450 135 kontanta

383 897 665 145 penningar
895 897 665 145 bestående
1406 897 307 145 af
1560 897 358 145 fem
1765 897 512 145 sedlar
2072 897 358 145 hvar¬-

390 969 357 191 dera
613 969 223 191 å
703 969 312 191 100
881 969 312 191 Kr,
1060 969 357 191 dels
1283 969 312 191 ock
1461 969 312 191 ett
1640 969 357 191 till
1863 969 446 191 hustru
2131 969 312 191 Dahl¬-

381 1114 445 159 ström
677 1114 742 159 adresseradt
1271 1114 495 159 paket,
1617 1114 346 159 som
1815 1114 445 159 denna
2063 1114 346 159 sjelf

402 1201 578 131 upptagit
835 1201 385 131 och,
1076 1201 481 131 såvidt
1413 1201 481 131 Hustru
1750 1201 530 131 Hansson
2087 1201 337 131 iakt¬-

383 1299 470 132 tagit
696 1299 731 132 innehållit
1270 1299 731 132 grönsaker;
1844 1299 365 132 att
2001 1299 417 132 hustru

384 1399 597 188 Hansson
818 1399 380 188 den
1035 1399 325 188 27
1197 1399 434 188 Juni
1469 1399 434 188 från
1740 1399 380 188 sin
1957 1399 380 188 man
2119 1399 380 188 emot¬-

379 1511 446 142 tagit
677 1511 347 142 ett
875 1511 248 142 i
975 1511 645 142 Lidköping
1471 1511 595 142 dateradt
1868 1511 595 142 orekommen¬-

391 1597 492 146 deradt
735 1597 393 146 bref
981 1597 787 146 innehållande
1620 1597 295 146 30
1768 1597 344 146 kr;
1964 1597 344 146 att
2112 1597 344 146 begge

387 1681 709 202 förenämnde
944 1681 405 202 bref
1198 1681 456 202 varit
1502 1681 304 202 så
1654 1681 557 202 suddigt
2008 1681 456 202 skrifne

393 1806 364 133 att
601 1806 364 133 hon
809 1806 416 133 icke
1068 1806 519 133 kunnat
1432 1806 416 133 läsa
1692 1806 364 133 dem
1900 1806 364 133 och
2055 1806 416 133 derför

412 1907 539 151 genast
790 1907 647 151 uppbränt
1275 1907 432 151 dem;
1545 1907 378 151 att
1761 1907 378 151 han
1976 1907 378 151 med
2138 1907 216 151 de

367 2015 377 129 500
583 2015 323 129 Kr
744 2015 539 129 betalt
1121 2015 485 129 flera
1444 2015 592 129 skulder
1821 2015 539 129 nemligen

396 2087 374 135 300
609 2087 320 135 kr
769 2087 427 135 till
1036 2087 694 135 Rådmannen
1570 2087 854 135 Blomstervall
2211 2087 160 135 i

424 2176 645 151 Uddevalla,
930 2176 322 151 100
1115 2176 276 151 kr
1253 2176 368 151 till
1483 2176 783 151 Stadsfiskalen
2082 2176 322 151 Kihl¬-

405 2294 372 129 berg
638 2294 605 129 derstädes
1103 2294 326 129 och
1289 2294 698 129 återstående
1848 2294 326 129 100
2034 2294 279 129 kr
2127 2294 279 129 till

412 2408 747 107 åtskillige
999 2408 480 107 andra
1319 2408 694 107 personer;
1852 2408 427 107 samt
2066 2408 320 107 att,

401 2493 491 97 innan
729 2493 382 97 hon
947 2493 655 97 utbetalt
1438 2493 709 97 sedlarne,
1984 2493 382 97 hon
2147 2493 273 97 lå¬-

418 2558 331 164 tit
607 2558 331 164 sin
796 2558 615 164 systerson
1269 2558 378 164 Axel
1506 2558 520 164 Wilhelm
1884 2558 520 164 Eklund,
2215 2558 237 164 som

407 2673 639 126 vistades
886 2673 373 126 hos
1099 2673 533 126 henne,
1472 2673 320 126 på
1632 2673 480 126 olika
1899 2673 480 126 ställen

407 2792 284 97 i
521 2792 569 97 staden
919 2792 512 97 vexla
1260 2792 682 97 desamme,
1772 2792 512 97 ehuru
2056 2792 398 97 skul¬-

404 2876 407 174 dena
659 2876 407 174 till
913 2876 814 174 Blomstervall
1575 2876 356 174 och
1778 2876 611 174 Kihlberg
2186 2876 254 174 ut¬-

430 2972 530 150 gjorts
801 2972 318 150 af
960 2972 477 150 jemna
1278 2972 583 150 belopp.
1701 2972 689 150 Sedermera
2178 2972 265 150 har

423 3101 511 126 hustru
781 3101 562 126 Hansson
1189 3101 358 126 vid
1394 3101 460 126 besök
1701 3101 664 126 härstädes
2160 3101 256 126 den

385 3160 224 173 1
475 3160 359 173 Juli
699 3160 494 173 blifvit
1058 3160 673 173 ytterligare
1597 3160 404 173 hörd,
1866 3160 449 173 dervid
2136 3160 269 173 hon,

410 3252 453 144 sedan
712 3252 353 144 hon
913 3252 403 144 fått
1165 3252 453 144 veta,
1467 3252 353 144 att
1669 3252 554 144 Hansson
2021 3252 403 144 erkänt

419 3346 329 151 sig
607 3346 376 151 vara
842 3346 564 151 delaktig
1265 3346 235 151 i
1359 3346 517 151 brotten
1734 3346 611 151 uppgifvit
2157 3346 235 151 att

394 3446 241 129 i
490 3446 674 129 nattsäcken
1020 3446 433 129 varit
1309 3446 674 129 inneslutne
1838 3446 530 129 förutom
2175 3446 193 129 de

388 3574 347 109 500
587 3574 297 109 Kr
735 3574 347 109 som
934 3574 545 109 Hansson
1330 3574 446 109 sändt
1627 3574 496 109 henne,
1925 3574 496 109 ytterli¬-

425 3652 336 142 gare
635 3652 294 142 400
803 3652 252 142 Kr
929 3652 210 142 i
1013 3652 336 142 fyra
1223 3652 462 142 sedlar,
1560 3652 294 142 dem
1728 3652 294 142 hon
1896 3652 420 142 lemnat
2148 3652 252 142 till

2594 240 457 190 hustru
2869 240 548 190 Dahlström.

2747 330 457 187 Denna,
3067 330 320 187 som
3250 330 320 187 vid
3432 330 320 187 med
3615 330 411 187 henne
3889 330 274 187 af
4026 330 457 187 Andrén
4346 330 228 187 i
4392 330 228 187 Ud¬-

2627 444 460 191 devalla
2962 444 502 191 anstäldt
3339 444 418 191 förhör
3631 444 502 191 alldeles
4008 444 502 191 förnekat
4343 444 209 191 sig

2627 568 429 151 hafva
2913 568 381 151 från
3152 568 334 151 sin
3342 568 334 151 man
3533 568 238 151 i
3628 568 477 151 hustru
3962 568 572 151 Hanssons
4343 568 334 151 natt¬-

2629 679 394 128 säck
2875 679 591 128 mottagit
3318 679 394 128 vare
3565 679 345 128 sig
3762 679 640 128 grönsaker
4205 679 345 128 eller

2620 796 746 127 penningar,
3206 796 373 127 har
3419 796 693 127 sedermera
3952 796 533 127 lemnat
4272 796 426 127 sadåne

2641 865 711 181 uppgifter,
3200 865 356 181 som
3403 865 711 181 omförmälas
3962 865 254 181 i
4013 865 559 181 bifogade,

2647 976 411 183 från
2904 976 874 183 Stadsfiskalen
3624 976 257 183 i
3726 976 668 183 Uddevalla
4241 976 360 183 hit
4395 976 257 183 an¬-

2641 1091 469 165 komne
2954 1091 730 165 skrifvelse
3527 1091 365 165 (se
3736 1091 417 165 Bil.
3997 1091 469 165 Litt.
4257 1091 261 165 B).

2641 1178 351 172 På
2817 1178 644 172 begäran
3285 1178 410 172 har
3519 1178 995 172 Poliskammaren
4280 1178 351 172 från

2645 1306 851 153 Stadsfiskalerne
3362 1306 224 153 i
3451 1306 537 153 Carlstad
3855 1306 314 153 och
4034 1306 403 153 Gefle
4258 1306 358 153 erhål¬-

2633 1416 345 181 lit
2830 1416 345 181 hos
3027 1416 591 181 följande
3470 1416 690 181 skriftliga
3963 1416 690 181 upplysningar

2629 1556 304 159 (Se
2802 1556 391 159 Litts
3063 1556 261 159 C.
3193 1556 304 159 och
3367 1556 347 159 D.);
3584 1556 478 159 varande
3931 1556 304 159 vid
4062 1556 564 159 Stadsfiska¬-

2625 1633 395 172 lens
2871 1633 247 172 i
2970 1633 592 172 Carlstad
3414 1633 691 172 skrifvelse
3957 1633 444 172 fogad
4253 1633 395 172 deri
4450 1633 247 172 om¬-

2651 1745 674 166 förmälde
3156 1745 393 166 här
3381 1745 618 166 bilagde
3774 1745 786 166 pappersremsa

2678 1884 325 109 och
2863 1884 1067 109 "anmälningssedlar";
3791 1884 325 109 och
3977 1884 603 109 medföljer
4395 1884 278 109 rap¬-

2656 1929 472 166 porten
2986 1929 283 166 en
3128 1929 378 166 från
3364 1929 802 166 stadsfiskalen
4025 1929 236 166 i
4072 1929 519 166 Uddevalla

2678 2023 538 109 hitsänd
3069 2023 586 109 papplåda
3509 2023 782 109 innehållande
4144 2023 342 109 den
4291 2023 293 109 aska

2657 2127 339 109 som
2850 2127 679 109 påtraffats
3384 2127 242 109 i
3481 2127 679 109 Kakelugnen
4014 2127 242 109 i
4062 2127 582 109 Dahlströms

2654 2217 611 170 verkstad,
3124 2217 423 170 bland
3406 2217 517 170 hvilken
3781 2217 376 170 öska
4016 2217 564 170 befinnes
4392 2217 235 170 två

2659 2314 664 175 förkolnade
3180 2314 806 175 pappersbitar,
3844 2314 379 175 derå
4033 2314 569 175 åtskilliga

2646 2441 612 142 stämplar
3105 2441 408 142 ännu
3360 2441 357 142 äro
3513 2441 510 142 synliga;

2748 2533 324 111 För
2933 2533 695 111 anställande
3489 2533 370 111 dels
3720 2533 278 111 af
3859 2533 463 111 vidare
4137 2533 509 111 undersök¬-

2627 2626 480 173 ningar
2963 2626 240 173 i
3059 2626 624 173 Stenbergs
3539 2626 336 173 och
3732 2626 384 173 hans
3972 2626 528 173 hustrus
4308 2626 384 173 bostä¬-

2654 2723 344 190 der
2850 2723 344 190 och
3047 2723 393 190 dels
3292 2723 295 190 af
3440 2723 491 190 förhör
3783 2723 344 190 med
3980 2723 344 190 den
4127 2723 540 190 sistnämn¬-

2645 2883 323 135 da
2807 2883 485 135 jemte
3130 2883 538 135 öfrige
3507 2883 700 135 personer,
4045 2883 377 135 som
4206 2883 485 135 ansågos

2632 2941 570 186 kunna
3012 2941 570 186 hafva
3392 2941 570 186 några
3709 2941 887 186 upplysningar

2647 3073 399 147 att
2875 3073 285 147 i
2989 3073 512 147 saken
3330 3073 626 147 meddela
3786 3073 626 147 afreste
4184 3073 456 147 Detek¬-

2637 3179 1213 143 tivpoliskonstapeln
3684 3179 331 143 C.
3849 3179 331 143 G.
4015 3179 551 143 Andrén
4345 3179 276 143 Fre

2634 3310 478 139 dagen
2953 3310 372 139 den
3165 3310 266 139 2
3272 3310 532 139 dennes
3644 3310 425 139 till
3910 3310 691 139 Falköping
4388 3310 266 139 och

2634 3401 732 179 Ekedalen,
3197 3401 394 179 men
3422 3401 394 179 vid
3648 3401 338 179 af
3817 3401 507 179 honom
4098 3401 620 179 företagne

2651 3511 1043 190 husvisitationer
3529 3511 384 190 har
3749 3511 384 190 han
3968 3511 439 190 icke
4188 3511 439 190 kunnat
