5015 4072
545 248 315 136 då
702 248 315 136 de
860 248 525 136 besökt
1227 248 473 136 henne
1542 248 263 136 i
1647 248 525 136 boden,
1962 248 420 136 gifvit

499 338 470 174 några
812 338 731 174 fläskbitar
1386 338 313 174 af
1543 338 783 174 tillsammans
2117 338 261 174 om¬-

512 443 447 125 kring
810 443 248 125 5
910 443 298 125 ℔s
1009 443 348 125 vigt.

552 523 565 182 Drängen
962 523 513 182 Alfred
1322 523 719 182 Johansson,
1886 523 513 182 boende
2194 523 154 182 i

543 658 429 124 huset
830 658 286 124 No
973 658 286 124 53
1116 658 382 124 Litt
1354 658 286 124 C.
1497 658 334 124 vid
1688 658 620 124 Långgatan
2117 658 239 124 har

551 767 605 161 vitsordat
1016 767 651 161 Anderssons
1527 767 651 161 berättelse
2039 767 233 161 i
2085 767 279 161 hvad

538 870 488 154 honom
809 870 542 154 anginge.

539 923 308 192 af
693 923 719 192 Omförmälda
1258 923 719 192 fruntimren
1823 923 462 192 Maria
2079 923 360 192 hafva

540 1053 534 183 blifvit
929 1053 729 183 eftersökta,
1512 1053 340 183 men
1706 1053 291 183 ej
1852 1053 486 183 kunnat
2143 1053 243 183 an¬-

501 1184 428 194 träffas.

512 1254 317 219 På
671 1254 476 219 grund
988 1254 317 219 af
1147 1254 423 219 hvad
1411 1254 582 219 sålunda
1781 1254 635 219 förekommit

511 1398 563 154 kommer
905 1398 450 154 Anna
1186 1398 507 154 Brita
1468 1398 619 154 Andersson

1187 1374 280 72 hvilken
1390 1374 280 72 blifvit
1594 1374 204 72 till
1721 1374 433 72 Cellfängelset
2052 1374 331 72 införpassad

2091 1391 272 88 att

519 1489 420 194 denna
799 1489 327 194 dag
986 1489 420 194 inför
1266 1489 327 194 Pkn
1453 1489 654 194 inställas.
1920 1489 467 194 Göteborg

537 1617 344 149 den
733 1617 295 149 27
881 1617 442 149 April
1126 1617 344 149 1880.

115 1736 329 160 No
225 1736 274 160 95.

77 1874 196 89 Carl
199 1874 270 89 Larsson
371 1874 123 89 Fa¬-

72 1957 310 104 gerberg,
279 1957 207 104 Svante

71 2052 221 129 Edlund
225 2052 154 129 och
314 2052 132 129 E.
358 2052 176 129 Johan¬-

50 2138 129 107 son.

569 1735 312 164 Förre
777 1735 625 164 Bagaremästaren
1298 1735 208 164 J.
1402 1735 208 164 F.
1506 1735 416 164 Behrends
1819 1735 347 164 boende
2061 1735 174 164 i
2096 1735 243 164 huset

504 1807 202 168 No
605 1807 202 168 63
707 1807 236 168 vid
842 1807 304 168 Södra
1044 1807 472 168 Hamngatan,
1415 1807 236 168 har
1550 1807 405 168 Fredagen
1854 1807 236 168 den
1989 1807 202 168 23
2056 1807 270 168 dennes

511 1935 368 172 anmält,
778 1935 234 172 att
912 1935 301 172 under
1113 1935 201 172 de
1213 1935 368 172 senaste
1481 1935 368 172 dagarne
1749 1935 167 172 å
1816 1935 335 172 gården
2050 1935 268 172 till
2184 1935 167 172 be¬-

495 2058 284 155 rörde
685 2058 221 155 hus
811 2058 347 155 inlagts
1064 2058 316 155 säckar
1285 2058 316 155 fyllda
1506 2058 221 155 med
1632 2058 253 155 råg,
1790 2058 316 155 hvilka
1980 2058 347 155 afhemtats

468 2145 260 192 sent
631 2145 195 192 om
729 2145 390 192 aftnarne
1021 2145 195 192 af
1119 2145 293 192 någon
1314 2145 293 192 okänd
1509 2145 358 192 person,
1769 2145 260 192 samt
1931 2145 228 192 att
2029 2145 325 192 förstbe¬-

496 2238 276 196 rörde
680 2238 215 196 dag
803 2238 184 196 på
895 2238 460 196 förmiddagen
1263 2238 245 196 ånyo
1416 2238 337 196 inlagts
1661 2238 460 196 ytterligare
2029 2238 215 196 två
2121 2238 245 196 säckar

488 2378 260 210 råg,
651 2378 325 210 hvilka
879 2378 293 210 efter
1074 2378 195 210 en
1171 2378 260 210 kort
1334 2378 293 210 stund
1529 2378 423 210 bortförts
1854 2378 195 210 af
1951 2378 195 210 en
2049 2378 228 210 för
2146 2378 228 210 honom

476 2537 434 130 obekant
752 2537 513 130 mansperson.

572 2573 226 209 Wid
701 2573 226 209 den
830 2573 550 209 undersökning,
1283 2573 226 209 som
1412 2573 162 209 i
1477 2573 420 209 anledning
1800 2573 291 209 häraf
1962 2573 420 209 verkställts

480 2705 209 229 af
585 2705 836 229 detektivkonstaplarne
1317 2705 348 229 Andrén
1560 2705 244 229 och
1700 2705 453 229 Rönnbäck,
2048 2705 244 229 har
2153 2705 209 229 yng¬-

491 2811 315 187 lingen
711 2811 252 187 John
868 2811 315 187 Albert
1088 2811 440 187 Petersson,
1434 2811 315 187 boende
1654 2811 157 187 i
1717 2811 283 187 huset
1906 2811 189 187 No
2001 2811 157 187 2
2063 2811 220 187 vid
2158 2811 220 187 Span¬-

474 2933 515 220 nemålsgatan
886 2933 240 220 för
1023 2933 240 220 dem
1160 2933 412 220 upplyst,
1469 2933 240 220 att
1607 2933 240 220 han
1744 2933 309 220 sagde
1950 2933 240 220 dag
2087 2933 206 220 på
2156 2933 206 220 f.m.

481 3059 561 157 varseblifvit
937 3059 210 157 en
1042 3059 491 157 mansperson
1428 3059 245 157 med
1568 3059 210 157 en
1673 3059 456 157 handkärra
1988 3059 351 157 bortföra

474 3191 222 163 två
601 3191 317 163 säckar
823 3191 222 163 råg
950 3191 254 163 från
1109 3191 317 163 gården
1331 3191 254 163 till
1490 3191 286 163 huset
1681 3191 190 163 No
1776 3191 190 163 63
1871 3191 222 163 vid
1998 3191 286 163 Södra
2157 3191 222 163 Hamn¬-

464 3299 298 213 gatan,
673 3299 239 213 samt
822 3299 209 213 att
942 3299 418 213 Petersson,
1270 3299 179 213 då
1359 3299 179 213 på
1449 3299 328 213 afstånd
1688 3299 269 213 följt
1867 3299 269 213 efter
2046 3299 269 213 denne
2195 3299 179 213 per¬-

476 3418 242 192 son
615 3418 276 192 till
787 3418 657 192 Landsvägsgatan,
1340 3418 380 192 hvarest
1617 3418 242 192 han
1755 3418 415 192 indragit
2031 3418 346 192 säckarna

467 3535 182 164 å
539 3535 364 164 gården
794 3535 291 164 till
977 3535 328 164 huset
1195 3535 219 164 No
1268 3535 182 164 10.

599 3601 164 207 I
665 3601 426 207 anledning
992 3601 295 207 häraf
1189 3601 295 207 hafva
1385 3601 360 207 bemälde
1647 3601 458 207 konstaplar
1974 3601 393 207 verkställt

477 3721 559 201 undersökning
931 3721 245 201 hos
1071 3721 489 201 Handlanden
1455 3721 349 201 Svante
1700 3721 384 201 Edlund,
1980 3721 384 201 hvarvid
2224 3721 140 201 de

2633 197 229 168 i
2725 197 321 168 ett
2908 197 275 168 af
3045 197 458 168 Edlund
3366 197 229 168 i
3457 197 687 168 sistberörde
4007 197 321 168 hus
4144 197 275 168 för¬-

2574 332 412 190 hyrt
2831 332 618 190 magasin,
3294 332 566 190 hvarvid
3706 332 309 190 de
3809 332 566 190 påträffat

2582 449 391 159 dels
2826 449 244 159 6
2924 449 488 159 säckar
3266 449 781 159 innehållande
3852 449 635 159 tillsammans

2577 574 288 159 67
2721 574 288 159 L℔
2865 574 240 159 3
2962 574 240 159 ℔
3058 574 385 159 råg,
3298 574 337 159 och
3490 574 385 159 dels
3731 574 673 159 undangömda
4212 574 240 159 un¬-

2589 681 319 195 der
2772 681 410 195 några
3045 681 319 195 fat
3227 681 228 195 4
3318 681 592 195 tackjerns
3773 681 319 195 st.
3955 681 410 195 deraf
4182 681 228 195 tre

2585 764 512 183 märkta
2943 764 359 183 med
3148 764 307 183 S.
3302 764 307 183 K.
3456 764 307 183 H.
3609 764 307 183 N.
3763 764 307 183 B.
3917 764 359 183 och
4121 764 307 183 en
4224 764 256 183 med

2589 932 301 163 C.
2689 932 201 163 D.

2899 937 380 181 Wid
3116 937 380 181 det
3333 937 380 181 med
3550 937 543 181 Edlund
3876 937 543 181 anstälda

2603 1083 524 169 förhör
2969 1083 367 169 har
3179 1083 367 169 han
3388 1083 733 169 uppgifvit,
3964 1083 367 169 att
4121 1083 262 169 han

2606 1182 393 125 som
2830 1182 505 125 idkar
3167 1182 561 125 handel
3560 1182 281 125 i
3672 1182 505 125 öppen
3953 1182 505 125 salubad

2596 1290 240 211 i
2692 1290 432 211 huset
2980 1290 288 211 No
3124 1290 288 211 10
3268 1290 336 211 vid
3460 1290 912 211 Landsvägsgatan,
4180 1290 288 211 köpt

2604 1402 721 192 ifrågakomne
3181 1402 240 192 6
3277 1402 337 192 st.
3469 1402 625 192 rågsäckar
3950 1402 288 192 af
4094 1402 288 192 en
4191 1402 240 192 för

2577 1514 473 167 honom
2893 1514 578 167 obekant
3313 1514 578 167 person,
3734 1514 631 167 hvilkens
4155 1514 315 167 namn

2591 1642 380 139 och
2808 1642 598 139 hemvist
3243 1642 380 139 han
3460 1642 435 139 icke
3732 1642 543 139 kände,
4058 1642 326 139 samt

2578 1753 348 198 att
2777 1753 348 198 han
2976 1753 497 198 betalt
3324 1753 497 198 rågen,
3672 1753 448 198 hvars
3970 1753 398 198 vigt
4169 1753 249 198 han

2584 1879 407 187 icke
2838 1879 458 187 kunde
3144 1879 610 187 uppgifva
3601 1879 458 187 efter
3906 1879 356 187 ett
4059 1879 356 187 pris¬-

2597 1997 295 170 af
2744 1997 344 170 90-
2941 1997 344 170 öre
3137 1997 344 170 L℔,
3334 1997 540 170 sålunda
3726 1997 344 170 att
3923 1997 344 170 han
4070 1997 393 170 Månda¬-

2593 2093 357 180 gen
2797 2093 357 180 den
3001 2093 306 180 19
3153 2093 509 180 dennes
3510 2093 408 180 köpt
3765 2093 306 180 en
3918 2093 408 180 säck
4121 2093 255 180 råg

2410 2253 560 145 för

3996 2195 259 125 9.
4082 2195 388 125 Kronor.

2615 2245 358 237 den
2820 2245 307 237 20
2973 2245 307 237 -"
3127 2245 512 237 dennes
3485 2245 256 237 1
3588 2245 307 237 do
3741 2245 358 237 för
3946 2245 307 237 9.

2715 2461 242 91 21

3650 2363 233 152 2
3744 2363 233 152 "
3837 2363 327 152 17.
4024 2363 233 152 -
4117 2363 280 152 50
4211 2363 233 152 öre

2576 2485 370 239 och
2788 2485 370 239 den
2999 2485 318 239 23
3158 2485 529 239 dennes
3529 2485 265 239 -
3635 2485 318 239 2-
3793 2485 265 239 "
3846 2485 212 239 14

4099 2465 244 114 40

2584 2568 417 222 samt
2844 2568 365 222 att
3053 2568 365 222 han
3261 2568 417 222 köpt
3522 2568 313 222 de
3678 2568 365 222 hos
3887 2568 469 222 honom
4147 2568 313 222 fun¬-

2581 2711 295 200 na
2728 2711 787 200 jerntackorna
3368 2711 295 200 af
3515 2711 590 200 obekanta
3909 2711 541 200 personer.

2707 2822 495 205 Sedan
3037 2822 770 205 upplysning
3642 2822 605 205 vunnits
4082 2822 385 205 att
4247 2822 165 205 i

2583 2939 476 178 huset
2900 2939 317 178 No
3059 2939 317 178 64
3217 2939 370 178 vid
3429 2939 951 178 Drottninggatan
4169 2939 264 178 fin

2557 3079 412 175 nas
2792 3079 823 175 magasiner,
3439 3079 647 175 hvaruti
3851 3079 529 175 spanmål

2592 3185 607 174 förvaras
3048 3185 354 174 och
3250 3185 354 174 att
3453 3185 304 174 en
3604 3185 405 174 gång
3857 3185 405 174 från
4060 3185 354 174 dessa

2566 3275 686 230 magasiner
3094 3275 475 230 förer
3410 3275 475 230 genom
3727 3275 475 230 huset
4043 3275 317 230 No
4149 3275 211 230 61

2570 3412 395 187 vid
2795 3412 508 187 Södra
3134 3412 734 187 Hamngatan
3699 3412 508 187 hafva
3981 3412 452 187 Lörda¬-

2583 3539 358 167 gen
2787 3539 358 167 den
2992 3539 307 167 24
3145 3539 511 167 dennes
3503 3539 307 167 på
3656 3539 256 167 f
3759 3539 256 167 m
3861 3539 562 167 Detektiv¬-

2559 3637 930 172 konstaplarne
3314 3637 581 172 Andrén
3721 3637 407 172 och
3895 3637 581 172 Rönnbäck
