5121 4062
530 126 336 221 köpt
740 126 589 221 pantsedeln
1203 126 210 221 å
1287 126 715 221 ifrågavarande
1834 126 210 221 ur.

528 285 356 183 Sedan
766 285 633 183 undersökning
1280 285 593 183 verkställts
1755 285 198 183 i
1834 285 475 183 Bergmans
2151 285 317 183 bostad

511 417 211 197 i
595 417 379 197 huset
848 417 253 197 No
974 417 211 197 7
1058 417 295 197 vid
1227 417 547 197 Albogatan
1648 417 211 197 i
1732 417 463 197 Annedal
2069 417 295 197 och
2195 417 253 197 der¬-

514 562 439 231 städes
821 562 219 231 i
909 562 263 231 en
1041 562 395 231 honom
1304 562 570 231 tillhörig
1743 562 483 231 koffert
2050 562 307 231 bland

503 674 375 268 annat
753 674 584 268 påträffats
1212 674 334 268 dels
1421 674 250 268 en
1546 674 542 268 pantsedel
1963 674 208 268 å
2046 674 250 268 en
2129 674 334 268 kedja,

497 847 554 196 pantsatta
923 847 298 196 den
1094 847 256 196 11
1222 847 426 196 dennes
1520 847 383 196 under
1776 847 256 196 No
1903 847 426 196 28686,
2159 847 213 196 for

507 943 237 253 12
626 943 396 253 Kronor
903 943 277 253 hos
1061 943 593 253 Pantlånaren
1536 943 237 253 C.
1655 943 237 253 H.
1773 943 475 253 Hallberg
2130 943 198 253 i
2169 943 277 253 huset

494 1083 218 253 No
603 1083 218 253 14
711 1083 254 253 vid
857 1083 544 253 Husargatan,
1292 1083 254 253 och
1437 1083 290 253 dels
1619 1083 254 253 ett
1764 1083 472 253 pitschaft
2127 1083 218 253 af
2199 1083 218 253 guld

517 1259 247 206 med
658 1259 212 206 en
764 1259 283 206 deri
941 1259 353 206 insatt
1188 1259 283 206 grön
1365 1259 318 206 sten,
1577 1259 247 206 har
1718 1259 424 206 Bergman,
2001 1259 459 206 ytterligare

487 1360 332 224 hörd
694 1360 373 224 gjort
943 1360 290 224 den
1109 1360 539 224 ändringen
1523 1360 207 224 i
1606 1360 290 224 sin
1772 1360 373 224 förra
1980 1360 373 224 uppgift

481 1523 478 190 angående
840 1523 518 190 åtkomsten
1238 1523 319 190 till
1437 1523 558 190 pantsedeln
1875 1523 199 190 å
1955 1523 319 190 uret
2154 1523 279 190 att
2274 1523 199 190 han

509 1623 342 245 sagt
723 1623 300 245 det
894 1623 342 245 wara
1108 1623 428 245 endast
1408 1623 257 245 10
1536 1623 428 245 Kronor
1836 1623 300 245 som
2007 1623 300 245 han
2136 1623 342 245 betalt

493 1760 303 227 för
666 1760 563 227 densamma,
1099 1760 563 227 hwarjemte
1532 1760 303 227 han
1705 1760 520 227 tillagt,
2095 1760 303 227 att
2225 1760 216 227 han

499 1887 277 224 vid
658 1887 277 224 det
816 1887 515 224 tillfälle
1213 1887 238 224 då
1332 1887 277 224 hon
1490 1887 317 224 köpt
1689 1887 555 224 pantsedeln
2125 1887 198 224 å
2164 1887 238 224 uret

480 2043 254 207 af
607 2043 381 207 Samma
860 2043 507 207 obekanta
1241 2043 338 207 karl
1452 2043 338 207 köpt
1664 2043 254 207 en
1791 2043 550 207 pantsedel
2214 2043 211 207 å
2256 2043 169 207 en

477 2148 401 227 kedja,
757 2148 280 227 som
918 2148 361 227 varit
1158 2148 481 227 pantsatt
1519 2148 280 227 för
1679 2148 200 227 5
1759 2148 240 227 Kr
1879 2148 280 227 har
1999 2148 441 227 Pantlåna¬-

470 2283 281 270 ren
630 2283 241 270 C.
751 2283 241 270 H.
871 2283 321 270 Berg
1072 2283 201 270 i
1152 2283 361 270 huset
1393 2283 241 270 No
1514 2283 241 270 57
1634 2283 281 270 vid
1795 2283 562 270 Sillgatan,
2196 2283 281 270 hwil¬-

454 2413 312 286 ken
633 2413 446 286 Kedja,
945 2413 491 286 Bergman
1302 2413 312 286 som
1481 2413 402 286 varit
1749 2413 268 286 af
1883 2413 357 286 guld
2061 2413 402 286 Bergman

468 2564 496 245 utlöst,
828 2564 586 245 hwarefter
1279 2564 315 245 han
1459 2564 496 245 belånat
1819 2564 541 245 densamma
2180 2564 225 245 hos

456 2688 627 228 Pantlånaren
958 2688 502 228 Hallberg
1335 2688 293 228 för
1502 2688 251 228 12
1627 2688 418 228 Kronor
1920 2688 335 228 samt
2129 2688 293 228 att
2255 2688 209 228 han

478 2820 291 231 för
645 2820 457 231 omkring
977 2820 291 231 fem
1143 2820 249 231 år
1268 2820 374 231 sedan
1517 2820 291 231 för
1683 2820 249 231 75
1808 2820 291 231 öre
1974 2820 208 231 å
2016 2820 457 231 Lidköping

465 2931 362 261 köpt
691 2931 678 261 pitschaftet
1234 2931 271 261 af
1369 2931 271 261 en
1505 2931 498 261 obekant
1822 2931 452 261 yngling.

720 3095 369 239 Uret
951 3095 323 239 och
1135 3095 461 239 kedjan
1458 3095 415 239 hafva
1735 3095 554 239 härefter
2104 3095 323 239 före¬-

485 3221 470 220 visats,
827 3221 342 220 uret
1041 3221 299 220 hos
1212 3221 684 220 Urfabrikören
1768 3221 257 220 H.
1896 3221 257 220 H.
1982 3221 428 220 Hallgren

488 3356 287 240 som
652 3356 491 240 innehar,
1020 3356 410 240 firman
1307 3356 451 240 Malmsjö
1635 3356 205 240 &
1717 3356 246 240 Co
1799 3356 655 240 Fabriksrörelse

477 3473 221 287 i
565 3473 398 287 huset
831 3473 265 287 No
963 3473 265 287 29
1096 3473 310 287 vid
1273 3473 398 287 Södra
1538 3473 575 287 Hamngatan
1981 3473 310 287 och
2113 3473 354 287 kedjan

467 3600 266 243 hos
619 3600 760 243 Juwellärarfirman
1265 3600 418 243 Larsson
1568 3600 190 243 &
1644 3600 228 243 Co
1758 3600 190 243 i
1834 3600 342 243 huset
2062 3600 228 243 No
2176 3600 228 243 65
2252 3600 190 243 vid

2627 122 339 261 vid
2820 122 678 261 sistnämnde
3353 122 436 261 gata,
3644 122 533 261 hwarvid
3983 122 581 261 upplysning

2626 311 477 193 vunnits
2973 311 391 193 derom
3233 311 304 193 att
3407 311 347 193 uret
3624 311 477 193 blifvit
3971 311 304 193 den
4144 311 260 193 24
4231 311 304 193 April

2614 448 356 183 1876
2837 448 445 183 inköpt
3149 448 223 183 i
3238 448 490 183 Malsjös
3594 448 712 183 handelslokal
4173 448 267 183 af
4262 448 267 183 Herr

2637 589 490 236 Doktorn
2993 589 267 236 m.
3126 589 267 236 m.
3260 589 267 236 O.
3393 589 534 236 Dickson,
3794 589 312 236 och
3972 589 312 236 att
4105 589 356 236 kedjan

2624 730 492 202 Samma
2952 730 492 202 April
3280 730 492 202 månad
3608 730 601 202 inköpts
4045 730 382 202 hos
4209 730 382 202 Lars¬-

2648 877 304 216 son
2821 877 217 216 &
2908 877 260 216 Co
3038 877 607 216 äfvenledes
3515 877 260 216 af
3645 877 434 216 Doktor
3906 877 390 216 Dickson

3038 1019 255 221 I
3140 1019 664 221 anledning
3651 1019 460 221 haraf
3957 1019 358 221 har
4110 1019 358 221 såväl

2658 1204 390 221 uret,
2918 1204 303 221 som
3091 1204 433 221 kedjan
3394 1204 303 221 och
3568 1204 650 221 pitschaftet
4044 1204 520 221 förevisats

2644 1317 476 225 denne;
2978 1317 523 225 hiilken
3358 1317 476 225 dervid
3691 1317 619 225 förklarat
4120 1317 428 225 berörde

2661 1481 579 243 persedlar
3107 1481 535 243 tillhöra
3508 1481 357 243 sig,
3731 1481 579 243 hwarjamte
4177 1481 312 243 han
4311 1481 267 243 upp¬-

2684 1638 482 219 gifvit,
3035 1638 307 219 att
3210 1638 657 219 persedlarne
3735 1638 307 219 som
3910 1638 394 219 legat
4129 1638 482 219 förwarade

2670 1747 237 186 i
2764 1747 332 186 ett
2954 1747 379 186 etui
3191 1747 237 186 i
3286 1747 332 186 ett
3476 1747 379 186 låst
3713 1747 379 186 skåp
3950 1747 237 186 i
4045 1747 379 186 hans
4235 1747 332 186 Säng¬-

2667 1899 530 189 kammare
3052 1899 434 189 under
3341 1899 1012 189 reparationsarbete
4209 1899 241 189 å
4257 1899 289 189 hand

2667 2019 338 217 hus
2860 2019 338 217 vid
3053 2019 435 217 Gamla
3344 2019 435 217 Allén
3634 2019 484 217 sistl.
3972 2019 532 217 Augusti
4311 2019 338 217 månad

2684 2180 317 227 från
2882 2180 356 227 honom
3120 2180 594 227 tillgripits
3595 2180 396 227 dervid
3873 2180 436 227 tjufven
4189 2180 396 227 beredt
4427 2180 198 227 sig

2657 2305 476 234 tillträde
3024 2305 293 234 till
3207 2305 366 234 skåpet
3463 2305 403 234 medelst
3756 2305 256 234 att
3902 2305 256 234 med
4049 2305 293 234 dyrk
4232 2305 330 234 eller
4415 2305 256 234 falsk

2663 2486 452 161 nyckel
2979 2486 407 161 öppna
3250 2486 587 161 detsamma;
3702 2486 361 161 samt
3928 2486 316 161 att
4064 2486 587 161 persedlarne

2652 2601 493 221 inköpts,
3022 2601 329 221 uret
3227 2601 288 221 för
3392 2601 288 221 380
3556 2601 411 221 Kronor
3844 2601 288 221 och
4008 2601 411 221 kuljan
4296 2601 288 221 för
4419 2601 206 221 150

2584 2752 417 157 Kronor

2785 2887 494 222 Bergman
3145 2887 225 222 i
3235 2887 584 222 anledning
3684 2887 405 222 häraf
3954 2887 270 222 än
4044 2887 584 222 ytterligare

2653 3031 321 224 hörd
2854 3031 281 224 har
3014 3031 522 224 vidhållit
3416 3031 241 224 om
3536 3031 321 224 sist
3737 3031 442 224 afgifna
4059 3031 562 224 förklaring
4460 3031 201 224 men

2652 3183 532 217 medgifvit
3061 3183 286 217 att
3225 3183 245 217 då
3347 3183 286 217 han
3511 3183 368 217 någon
3756 3183 491 217 någontid
4124 3183 368 217 under
4329 3183 286 217 näst¬-

2663 3309 375 219 lidne
2914 3309 417 219 sommar
3206 3309 375 219 varit
3456 3309 501 219 anställt
3831 3309 292 219 hos
3956 3309 626 219 Malaremästare

2653 3479 524 202 Winqvist,
3056 3479 282 202 han
3217 3479 363 202 under
3459 3479 282 202 tre
3620 3479 403 202 veckor
3903 3479 202 202 i
3983 3479 403 202 sistl.
4225 3479 363 202 Augusti

2672 3607 336 227 haft
2882 3607 756 227 sysselsättning
3512 3607 294 227 med
3680 3607 672 227 måleriarbete
4226 3607 210 227 i
4268 3607 378 227 åtskil¬-

2679 3744 365 213 lige
2907 3744 319 213 rum
3090 3744 228 213 i
3181 3744 730 213 målsegandens
3774 3744 638 213 förenamnda
4230 3744 228 213 hus
