5026 4089
514 146 248 198 att
655 146 212 198 de
761 146 354 198 skulle
1009 146 283 198 söka
1186 146 389 198 åtkomma
1469 146 389 198 hustrun
1751 146 530 198 Zachrissons
2140 146 248 198 port¬-

471 278 404 190 monaie,
765 278 257 190 det
912 278 331 190 warit
1132 278 441 190 Nilsson,
1463 278 257 190 som
1610 278 294 190 från
1793 278 220 190 en
1904 278 331 190 ficka
2124 278 184 190 i
2161 278 220 190 hen¬-

460 382 238 193 nes
596 382 374 193 påhafda
868 382 340 193 paletå
1107 382 477 193 tillgripit
1481 382 545 193 portmonaien,
1924 382 374 193 hwilken
2162 382 170 193 med

456 503 557 163 inneliggande
909 503 488 163 penningar,
1292 503 209 163 en
1397 503 314 163 sedel
1606 503 174 163 à
1675 503 209 163 10
1780 503 383 163 kronor,
2059 503 244 163 han
2163 503 209 163 der¬-

462 608 299 186 efter
661 608 499 186 öfverlemnat
1060 608 266 186 till
1227 608 366 186 Olsson,
1493 608 233 186 att
1626 608 200 186 då
1725 608 333 186 Olsson
1958 608 233 186 och
2058 608 299 186 Nilsson

463 712 226 154 kort
604 712 254 154 efter
774 712 254 154 detta
943 712 396 154 tillgrepps
1254 712 396 154 föröfwande
1565 712 480 154 sammanträffat
1960 712 198 154 med
2045 712 311 154 ynglingen

476 834 251 166 Carl
632 834 313 166 Alfred
852 834 407 166 Andersson
1165 834 219 166 och
1290 834 282 166 derom
1478 834 470 166 underrättat
1854 834 313 166 denne;
2073 834 313 166 Olsson
2261 834 94 166 i

443 913 593 181 Handelsfirman
932 913 314 181 Prytz
1141 913 174 181 &
1211 913 454 181 Winckens'
1560 913 523 181 Cigarrbutik
1978 913 244 181 vid
2083 913 279 181 Kungs¬-

472 1038 352 173 torgat
718 1038 352 173 wexlat
965 1038 387 173 sedeln,
1246 1038 458 173 hvarefter
1599 1038 211 173 de
1704 1038 423 173 samtlige
1986 1038 352 173 begifvit

462 1140 257 143 sig
609 1140 294 143 till
793 1140 331 143 Gamle
1013 1140 331 143 Allén
1234 1140 257 143 der
1381 1140 367 143 Olsson
1638 1140 367 143 lemnat
1859 1140 514 143 portemonaien

468 1256 278 149 till
642 1256 486 149 Andersson,
1023 1256 243 149 som
1162 1256 555 149 sönderskurit
1613 1256 243 149 och
1752 1256 520 149 bortkastadt
2134 1256 208 149 den¬-

470 1370 268 150 samma
649 1370 238 150 samt
798 1370 209 150 att
917 1370 328 150 Olsson,
1156 1370 358 150 Nilsson,
1424 1370 209 150 och
1543 1370 387 150 Andersson
1841 1370 328 150 användt
2050 1370 298 150 pengarne

469 1444 260 172 dels
631 1444 260 172 till
793 1444 292 172 inköp
988 1444 195 172 af
1085 1444 227 172 mat
1215 1444 227 172 och
1344 1444 519 172 dryckeswaror
1766 1444 227 172 och
1896 1444 260 172 dels
2058 1444 260 172 till
2188 1444 162 172 in¬-

457 1554 529 182 trädesafgift
887 1554 264 182 till
1052 1554 364 182 Cirkus,
1316 1554 231 182 att
1449 1554 231 182 han
1581 1554 198 182 en
1680 1554 331 182 Lördag
1911 1554 165 182 i
1977 1554 331 182 början
2176 1554 132 182 af

443 1650 311 159 sist.
651 1650 414 159 November
961 1650 207 159 på
1065 1650 207 159 f.
1168 1650 242 159 m.,
1306 1650 311 159 sjelf
1514 1650 207 159 ur
1617 1650 207 159 en
1721 1650 311 159 ficka
1928 1650 173 159 i
1962 1650 380 159 målsegan¬-

473 1765 254 156 dens
632 1765 445 156 Börjessons
982 1765 350 156 påhafde
1236 1765 318 156 paletå
1458 1765 413 156 tillgript
1776 1765 318 156 hennes
1967 1765 381 156 perlbrode¬-

446 1840 273 180 rade
617 1840 752 180 sammetsportemonai,
1266 1840 239 180 som
1403 1840 479 180 innehållit
1779 1840 376 180 omkring
2052 1840 239 180 två
2155 1840 205 180 kro¬-

461 1941 223 177 nor
588 1941 159 177 i
652 1941 509 177 silfwermynt,
1066 1941 223 177 att
1193 1941 286 177 sedan
1384 1941 223 177 han
1511 1941 223 177 för
1639 1941 414 177 Andersson
1957 1941 350 177 omtalat
2180 1941 159 177 att

437 2043 241 153 han
574 2043 482 153 tillgripit
953 2043 310 153 sista
1159 2043 344 153 posten
1400 2043 241 153 med
1538 2043 551 153 inneliggande
1951 2043 378 153 penningar

444 2137 351 192 Olsson
689 2137 245 192 och
830 2137 456 192 Andersson
1180 2137 456 192 nedkastat
1531 2137 175 192 i
1601 2137 210 192 en
1706 2137 561 192 afloppsbrunn
2127 2137 210 192 inom

452 2248 207 193 en
555 2248 379 193 urinkur
830 2248 448 193 gemensamt
1175 2248 379 193 användt
1450 2248 516 193 penningarne
1863 2248 275 193 till
2035 2248 310 193 inköp
2207 2248 138 193 af

443 2334 438 197 matvaror;
780 2334 236 197 att
915 2334 202 197 då
1017 2334 371 197 Nilsson
1286 2334 236 197 och
1421 2334 472 197 Andersson,
1792 2334 405 197 Lördagen
2096 2334 236 197 den
2197 2334 101 197 6

436 2453 266 175 Now.
602 2453 233 175 Kl.
735 2453 166 175 2
802 2453 200 175 e.
901 2453 200 175 m.
1001 2453 466 175 tilsammans
1367 2453 466 175 uppehållit
1733 2453 233 175 sig
1866 2453 166 175 å
1899 2453 432 175 Kungstorget

436 2545 276 148 och
593 2545 395 148 derwid
870 2545 316 148 sett
1067 2545 592 148 målseganden
1541 2545 474 148 Ullander
1896 2545 197 148 i
1975 2545 276 148 sin
2094 2545 276 148 ficka

439 2650 406 146 nedlägga
744 2650 203 146 en
845 2650 508 146 skinnväska,
1252 2650 203 146 de
1353 2650 271 146 alla
1523 2650 237 146 tre
1658 2650 237 146 med
1793 2650 440 146 hvarandra
2098 2650 271 146 öfwer¬-

445 2742 437 128 enskommit
782 2742 235 128 att
916 2742 437 128 tillgripa
1252 2742 303 128 samma
1454 2742 336 128 väska,
1689 2742 437 128 hvarefter
1992 2742 336 128 Nilsson,

451 2823 339 166 medan
677 2823 377 166 Olsson
941 2823 264 166 och
1092 2823 490 166 Andersson
1469 2823 339 166 stält
1695 2823 264 166 sig
1845 2823 414 166 bredwid
2109 2823 226 166 Anna

461 2923 404 179 Ullander,
772 2923 187 179 ur
865 2923 187 179 en
958 2923 280 179 ficka
1145 2923 155 179 i
1207 2923 218 179 den
1331 2923 311 179 kofta,
1549 2923 218 179 hon
1673 2923 218 179 wid
1798 2923 435 179 tillfället
2108 2923 218 179 warit

432 3023 370 157 iklädd,
702 3023 471 157 tillgripit
1072 3023 370 157 wäskan,
1341 3023 236 157 som
1475 3023 471 157 innehållit
1845 3023 202 157 en
1946 3023 303 157 Sedel
2148 3023 168 157 å
2182 3023 168 157 Fem

435 3151 393 166 kronor,
721 3151 250 166 att
864 3151 215 166 de
972 3151 393 166 deruppå
1258 3151 286 166 fylt
1437 3151 358 166 wäskan
1687 3151 250 166 med
1830 3151 286 166 sten
2009 3151 250 166 och
2116 3151 215 166 ned¬-

431 3246 258 156 sänkt
603 3246 344 156 densamma
862 3246 143 156 i
919 3246 430 156 Fattighusan
1263 3246 229 156 samt
1407 3246 201 156 att
1521 3246 172 156 de
1607 3246 143 156 i
1665 3246 172 156 en
1751 3246 402 156 handelsbod
2066 3246 201 156 wid
2153 3246 229 156 Stamp¬-

445 3328 299 223 gatan
644 3328 333 223 wexlat
877 3328 333 223 sedeln
1110 3328 166 223 å
1177 3328 166 223 5
1243 3328 233 223 kr.
1376 3328 233 223 som
1509 3328 200 223 de
1609 3328 432 223 gemensamt
1942 3328 366 223 användt
2174 3328 200 223 jem¬-

400 3417 211 126 wäl
520 3417 241 126 till
671 3417 271 126 inköp
852 3417 181 126 af
912 3417 362 126 förtäring.

418 3504 121 173 I
466 3504 316 173 anledling
709 3504 219 173 häraf
855 3504 170 173 han
952 3504 292 173 Detektiv
1171 3504 121 173 -
1220 3504 340 173 konstapeln
1487 3504 219 173 Peter
1633 3504 292 173 Lindgren
1851 3504 170 173 den
1949 3504 146 173 10
2021 3504 146 173 ds
2070 3504 243 173 anhållit

421 3602 278 176 bemälde
623 3602 202 176 Carl
749 3602 253 176 Alfred
926 3602 354 176 Andersson,
1204 3602 202 176 född
1330 3602 177 176 den
1431 3602 126 176 1
1482 3602 177 176 Jli
1583 3602 202 176 1865
1709 3602 177 176 och
1810 3602 253 176 boende
1987 3602 126 176 i
2037 3602 227 176 huset
2189 3602 152 176 No

382 3700 263 207 27
514 3700 351 207 Litt
733 3700 219 207 B
821 3700 307 207 wid
997 3700 571 207 Långgatan
1435 3700 219 207 i
1523 3700 483 207 Landala
1874 3700 351 207 samt
2050 3700 307 207 Johan

2639 146 342 178 Fredrik
2888 146 373 178 Nilsson,
3168 146 249 178 född
3323 146 218 178 den
3448 146 187 178 15
3541 146 373 178 Februari
3821 146 249 178 1867
3976 146 218 178 och
4101 146 218 178 son
4225 146 249 178 till
4349 146 156 178 Ar¬-

2630 249 418 120 båtskarlen
2958 249 328 120 Fredrik
3197 249 358 120 Nilsson,
3465 249 298 120 boende
3674 249 149 120 i
3734 249 268 120 huset
3913 249 179 120 No
4002 249 179 120 11
4091 249 209 120 wid
4181 249 328 120 Snickare¬-

2622 330 355 167 gatan,
2870 330 355 167 hvilka
3118 330 248 167 med
3260 330 248 167 det
3402 330 248 167 med
3544 330 248 167 dem
3686 330 461 167 anställde
4041 330 355 167 förhör
4254 330 213 167 sam¬-

2615 428 529 139 manstämmande
3045 428 430 139 vitsordat
3376 428 364 139 Olssons
3641 428 463 139 berättelse
4005 428 165 139 i
4071 428 265 139 hvad
4236 428 232 139 dem
4336 428 165 139 an¬-

2608 569 208 109 ginge.

2632 573 206 181 På
2735 573 309 181 grund
2941 573 206 181 af
3044 573 275 181 hvad
3215 573 378 181 sålunda
3490 573 515 181 förekommit,
3902 573 240 181 äro
4039 573 275 181 Carl
4176 573 275 181 Alfred

2628 696 467 169 Andersson
2987 696 252 169 och
3131 696 323 169 Johan
3347 696 395 169 Fredrik
3599 696 323 169 Nilsson

4199 675 205 130 att
4286 675 205 130 denna

2638 772 225 167 dag
2766 772 289 167 inför
2959 772 546 167 Poliskammaren
3408 772 225 167 sig
3505 772 353 167 inställa.

3056 882 395 181 Göteborg
3352 882 231 181 den
3484 882 198 181 11
3583 882 395 181 December
3846 882 231 181 1880.

4459 820 262 144 No
4547 820 262 144 261.

2608 967 307 199 Herr
2800 967 883 199 Stationsinspektoren
3567 967 269 199 vid
3721 967 422 199 Statens
3989 967 461 199 Jernwägars

2624 1050 469 167 Hamnbana
2976 1050 235 167 F.
3093 1050 235 167 W.
3211 1050 508 167 Wallgren,
3602 1050 391 167 boende
3875 1050 196 167 i
3954 1050 352 167 huset
4188 1050 235 167 No
4267 1050 156 167 11

2625 1157 264 155 vid
2776 1157 754 155 Pusterviksgatan,
3417 1157 264 155 har
3568 1157 452 155 Onsdagen
3907 1157 264 155 den
4058 1157 189 155 8
4133 1157 189 155 i
4171 1157 264 155 denna

2621 1255 332 153 månad
2842 1255 369 153 anmält
3101 1255 258 153 att
3248 1255 258 153 wid
3396 1255 332 153 olika
3617 1255 516 153 tillfällen
4023 1255 332 153 sedan
4244 1255 184 153 i
4281 1255 221 153 slu¬-

2614 1332 269 176 tet
2767 1332 230 176 af
2882 1332 499 176 sistlidne
3266 1332 499 176 September
3650 1332 345 176 månad
3880 1332 345 176 invid
4072 1332 422 176 Hamnbanan

2634 1432 229 159 wid
2765 1432 458 159 Skeppsbron
3125 1432 523 159 tillgripits,
3550 1432 360 159 Statens
3812 1432 425 159 Jernvägar
4106 1432 393 159 tillhörige

2630 1523 250 166 tre
2773 1523 393 166 stycken
3059 1523 357 166 nästan
3309 1523 250 166 nya
3452 1523 643 166 pressenningar,
3988 1523 357 166 hvaraf
4238 1523 214 166 en
4309 1523 179 166 wa¬-

2645 1599 273 184 rit
2801 1599 351 184 märkt
3035 1599 273 184 ITD
3191 1599 312 184 588,
3386 1599 234 184 en
3503 1599 351 184 märkt
3736 1599 273 184 3TD
3892 1599 273 184 217
4048 1599 273 184 och
4204 1599 234 184 en
4282 1599 234 184 utan

2642 1726 346 161 kändt
2872 1726 384 161 märke,
3141 1726 346 161 wärda
3372 1726 231 161 80
3487 1726 384 161 kronor
3718 1726 384 161 stycket.

2697 1820 312 177 Sedan
2905 1820 485 177 upplysning
3286 1820 450 177 erhållits
3632 1820 242 177 att
3771 1820 381 177 stycken
4048 1820 277 177 dels
4221 1820 208 177 af
4290 1820 173 177 dy¬-

2654 1911 290 182 lika
2835 1911 616 182 pressenningar
3342 1911 254 182 och
3487 1911 290 182 dels
3668 1911 217 182 af
3777 1911 326 182 andra
3958 1911 543 182 pressenningar

2624 2002 536 164 tillhörande
3053 2002 464 164 Göteborgs
3410 2002 393 164 Packhus
3695 2002 393 164 blifvit
3981 2002 179 164 å
4017 2002 464 164 Kungstorget

2644 2081 308 165 sålde
2849 2081 274 165 till
3021 2081 480 165 åtskillige
3398 2081 445 165 personer,
3740 2081 206 165 så
3843 2081 308 165 hafva
4014 2081 480 165 Detektivkon¬-

2622 2174 472 174 staplarrne
2993 2174 202 174 C.
3094 2174 202 174 W.
3195 2174 472 174 Söderqvist
3566 2174 236 174 och
3701 2174 202 174 C.
3802 2174 438 174 Hellström
4139 2174 236 174 för
4240 2174 236 174 dessa

2643 2278 397 205 tillgrepp
2949 2278 366 205 anhållit
3223 2278 214 205 för
3346 2278 305 205 första
3559 2278 275 205 resan
3742 2278 275 205 stöld
3926 2278 153 205 i
3987 2278 427 205 straffadde
4292 2278 183 205 för¬-

2623 2367 245 159 re
2746 2367 531 159 sjömannen
3154 2367 286 159 och
3317 2367 694 159 Segelsömmaren
3889 2367 327 159 Olof
4053 2367 408 159 Nilsson,

2637 2478 388 145 boende
2909 2478 194 145 i
2987 2478 505 145 Snickaren
3375 2478 350 145 Dahls
3608 2478 272 145 hus
3764 2478 272 145 wid
3880 2478 583 145 Landalabergen

2645 2602 246 108 och
2785 2602 246 108 har
2926 2602 246 108 wid
3066 2602 421 108 anställd
3382 2602 492 108 visitation
3769 2602 176 108 i
3839 2602 421 108 Nilssons
4120 2602 281 108 bostad

2637 2674 529 180 påträffats
3053 2674 302 180 dels
3242 2674 340 180 flera
3469 2674 265 180 små
3620 2674 416 180 stycken
3923 2674 302 180 till
4112 2674 265 180 den
4225 2674 189 180 med

2654 2769 397 161 märket
2932 2769 278 161 1TD
3091 2769 278 161 588
3250 2769 477 161 försedde
3608 2769 596 161 pressenning
4084 2769 278 161 och
4204 2769 238 161 dels

2656 2856 239 146 små
2793 2856 376 146 stycken
3066 2856 205 146 af
3169 2856 205 146 en
3271 2856 342 146 nästan
3511 2856 205 146 ny
3613 2856 547 146 pressenning,
4024 2856 445 146 tillhörande

2635 2966 607 166 ofwannamnde
3080 2966 405 166 Packhus.

2700 3014 259 166 Wid
2848 3014 259 166 det
2996 3014 259 166 med
3144 3014 407 166 Nilsson
3439 3014 185 166 i
3513 3014 480 166 anledning
3883 3014 333 166 häraf
4067 3014 407 166 anställde

2636 3151 379 160 förhör
2901 3151 265 160 har
3053 3151 265 160 han
3205 3151 493 160 uppgifwit
3584 3151 265 160 och
3736 3151 531 160 förklarat:
4153 3151 265 160 att
4266 3151 190 160 han

2652 3242 230 160 wid
2784 3242 296 160 olika
2981 3242 461 160 tillfällen
3343 3242 296 160 sedan
3541 3242 165 160 i
3606 3242 329 160 slutet
3837 3242 197 160 af
3935 3242 428 160 sistlidne
4232 3242 230 160 Seps¬-

2655 3331 341 165 tember
2893 3331 307 165 månad
3098 3331 443 165 olofligen
3439 3331 477 165 tillgripit
3814 3331 273 165 dels
3984 3331 307 165 invid
4154 3331 307 165 berörde

2636 3424 428 175 Hamnbana
2957 3424 178 175 3
3028 3424 392 175 stycken
3314 3424 642 175 pressenningar,
3848 3424 356 175 hvilka
4062 3424 392 175 tillhörde

2648 3523 380 144 Statens
2925 3523 449 144 Jernvägar
3270 3523 242 144 och
3408 3523 311 144 varit
3616 3523 414 144 försedda
3926 3523 242 144 med
4065 3523 311 144 deras
4237 3523 242 144 märke

2656 3627 227 170 och
2785 3627 260 170 dels
2948 3627 227 170 wid
3078 3627 260 170 s.k.
3240 3627 487 170 tillskjulet
3630 3627 162 170 å
3695 3627 487 170 Skeppsbron,
4084 3627 227 170 twå
4182 3627 292 170 stycken

2633 3716 586 154 pressenningar
3115 3716 345 154 hvilka
3356 3716 310 154 varit
3563 3716 345 154 märkte
3804 3716 241 154 med
3942 3716 448 154 Göteborgs
4252 3716 241 154 Pack¬
