5096 4082
556 211 325 111 Bruun
773 211 253 111 och
917 211 506 111 Söderqvist
1315 211 253 111 den
1460 211 181 111 9
1532 211 362 111 dennes
1785 211 325 111 såsom
1966 211 398 111 misstänkt

543 329 215 111 för
666 329 276 111 detta
850 329 399 111 tillgrepp
1157 329 368 111 anhållit
1434 329 215 111 för
1556 329 276 111 andra
1741 329 276 111 resan
1925 329 368 111 snatteri
2170 329 246 111 straf¬-

537 447 263 113 fade
701 447 558 113 qvinspersonen
1161 447 361 113 Johanna
1424 447 296 113 Sofia
1621 447 394 113 Hansson,
1916 447 328 113 boende
2146 447 164 113 å
2179 447 197 113 tor¬-

531 567 231 95 pet
663 567 463 95 Ljungslätt
1027 567 165 95 i
1093 567 661 95 Hospitalsbergen,
1655 567 364 95 hvilken
1919 567 231 95 vid
2052 567 231 95 det
2151 567 165 95 med

533 685 283 93 honom
721 685 408 93 anställda
1035 685 314 93 förhör
1255 685 440 93 uppgifvit,
1601 685 220 93 att
1726 685 251 93 han,
1883 685 220 93 som
2009 685 188 93 en
2103 685 251 93 kort
2229 685 157 93 tid

529 799 301 97 varit
729 799 334 97 boende
963 799 167 97 i
1030 799 301 97 samma
1230 799 267 97 hus,
1397 799 234 97 som
1531 799 501 97 målsegaren,
1932 799 401 97 lördagen
2199 799 167 97 den

518 929 158 91 4
582 929 315 91 dennes
802 929 315 91 ingått
1023 929 158 91 i
1086 929 221 91 ett
1212 929 221 91 rum
1338 929 410 91 derstädes
1653 929 221 91 och
1779 929 441 91 tillgripit
2094 929 284 91 ifråga¬-

503 1047 317 89 komne
714 1047 247 89 par
855 1047 388 89 pjexor,
1138 1047 353 89 hvilka
1384 1047 247 89 han
1526 1047 282 89 kort
1702 1047 317 89 derpå
1913 1047 423 89 pantsatt
2196 1047 176 89 för

510 1166 213 96 En
617 1166 320 96 Krona
830 1166 213 96 50
937 1166 284 96 öre,
1114 1166 249 96 som
1257 1166 249 96 han
1399 1166 391 96 användt
1683 1166 284 96 till
1861 1166 320 96 inköp
2074 1166 213 96 af
2145 1166 213 96 mat.

625 1272 520 92 Målsegaren
1034 1272 260 92 har
1182 1272 372 92 utlöst
1405 1272 409 92 pjexorna.

625 1385 232 95 På
741 1385 349 95 grund
974 1385 232 95 af
1090 1385 310 95 hvad
1284 1385 426 95 sålunda
1594 1385 581 95 förekommit,
2020 1385 310 95 kommer

496 1499 376 103 Johanna
770 1499 308 103 Sofia
975 1499 376 103 Hansson
1249 1499 240 103 att
1386 1499 308 103 denna
1591 1499 240 103 dag
1728 1499 240 103 för
1865 1499 240 103 Pkn
1967 1499 411 103 inställas.

765 1623 463 83 Göteborg
1113 1623 270 83 den
1267 1623 232 83 12
1383 1623 425 83 Januari
1654 1623 270 83 1880.

101 1745 295 68 No
199 1745 197 68 9.

97 1860 188 77 Johan
222 1860 229 77 Fredrik
368 1860 146 77 Pers¬-

116 1947 146 63 son,
207 1947 165 63 Frans
299 1947 219 63 Bernadotte

97 2017 250 63 Andersson
289 2017 135 63 och
347 2017 135 63 Johan

98 2093 226 60 Bengtsson.

569 1738 280 98 Efter
755 1738 342 98 anmälan
1004 1738 186 98 af
1097 1738 621 98 Tullvaktmästaren
1625 1738 186 98 B.
1719 1738 186 98 J.
1812 1738 404 98 Lundgren,
2091 1738 249 98 boende

545 1836 147 113 i
603 1836 265 113 huset
780 1836 177 113 No
869 1836 147 113 4
928 1836 206 113 vid
1045 1836 265 113 Östra
1222 1836 442 113 Skansgatan,
1576 1836 206 113 har
1694 1836 560 113 Poliskonstapeln
2165 1836 177 113 No
2224 1836 118 113 15

522 1925 334 133 Svensson
773 1925 334 133 måndagen
1023 1925 195 133 den
1134 1925 167 133 29
1218 1925 250 133 sist.
1384 1925 334 133 December
1635 1925 195 133 kl.
1746 1925 195 133 1/4
1857 1925 139 133 4
1913 1925 167 133 e.
1996 1925 167 133 m.
2080 1925 139 133 å
2108 1925 250 133 franska

521 2025 271 139 tomten
711 2025 325 139 anhållit
955 2025 217 139 före
1090 2025 461 139 Artilleristen
1470 2025 244 139 Frans
1633 2025 380 139 Bernadotte
1931 2025 380 139 Andersson,
2202 2025 136 139 bo¬-

520 2132 220 142 ende
658 2132 138 142 i
713 2132 248 142 huset
878 2132 165 142 No
961 2132 138 142 2
1016 2132 193 142 vid
1126 2132 413 142 Trycksgatan
1457 2132 138 142 i
1512 2132 468 142 Galgkrogarne,
1897 2132 193 142 för
2008 2132 193 142 det
2118 2132 193 142 han
2200 2132 138 142 in¬-

512 2245 278 141 nehaft
707 2245 306 141 omkring
929 2245 139 141 8
985 2245 139 141 ℔
1040 2245 250 141 hvitt
1207 2245 417 141 toppsocker,
1540 2245 306 141 hvilket
1763 2245 278 141 socker
1957 2245 333 141 Lundgren
2179 2245 195 141 miss¬-

515 2371 274 137 tänkte
706 2371 274 137 utgöra
898 2371 164 137 en
980 2371 192 137 del
1090 2371 164 137 af
1172 2371 164 137 en
1254 2371 219 137 topp
1391 2371 274 137 dylikt
1583 2371 301 137 socker,
1803 2371 192 137 som
1912 2371 219 137 kort
2049 2371 247 137 förut
2186 2371 192 137 till¬-

498 2477 305 143 gripits
720 2477 167 143 ur
804 2477 194 143 ett
915 2477 222 143 från
1053 2477 416 143 ångfartyget
1386 2477 389 143 "Reserven"
1692 2477 361 143 utlossadt
1969 2477 333 143 söndrigt
2191 2477 167 143 fat,

502 2589 397 145 tillhörigt
814 2589 482 145 Handelsfirman
1211 2589 170 145 J.
1296 2589 170 145 O.
1381 2589 227 145 Grén
1523 2589 142 145 &
1580 2589 199 145 Co,
1694 2589 199 145 som
1807 2589 199 145 har
1921 2589 227 145 sitt
2063 2589 284 145 kontor
2233 2589 85 145 i

478 2727 269 120 huset
658 2727 180 120 No
748 2727 150 120 2
807 2727 210 120 vid
927 2727 269 120 Lilla
1077 2727 389 120 Kyrkogatan.

567 2803 494 130 Ofvanberörde
969 2803 216 130 dag
1092 2803 185 130 på
1185 2803 185 130 e.
1277 2803 185 130 m.
1370 2803 216 130 har
1493 2803 371 130 dessutom
1771 2803 587 130 Poliskonstapeln
2234 2803 124 130 No

483 2928 188 124 24
577 2928 376 124 Carlsson
859 2928 188 124 på
953 2928 345 124 anmälan
1204 2928 188 124 af
1298 2928 533 124 Packhuskarlen
1737 2928 188 124 A.
1831 2928 439 124 Sandström,
2145 2928 219 124 boen¬-

487 3050 185 122 de
580 3050 154 122 i
641 3050 277 122 huset
826 3050 185 122 No
918 3050 185 122 20
1010 3050 215 122 vid
1134 3050 431 122 Ahlbogatan
1472 3050 369 122 anhållit
1749 3050 492 122 arbetskarlen
2119 3050 215 122 Johan

483 3154 402 134 Bengtsson,
799 3154 287 134 boende
1000 3154 144 134 i
1058 3154 258 134 huset
1230 3154 172 134 No
1316 3154 172 134 11
1402 3154 230 134 Litt
1546 3154 172 134 M.
1632 3154 201 134 vid
1747 3154 460 134 Nyfikeliden,
2120 3154 201 134 för
2206 3154 144 134 det

469 3267 242 137 han
608 3267 415 137 innehaft
919 3267 207 137 13
1022 3267 173 137 ℔
1091 3267 518 137 toppsocker,
1506 3267 380 137 hvilket
1783 3267 346 137 socker
1990 3267 380 137 Sandström

477 3393 458 117 misstänkte
837 3393 327 117 jemväl
1066 3393 262 117 vara
1229 3393 458 117 tillgripit
1589 3393 196 117 ur
1687 3393 229 117 det
1818 3393 262 117 från
1949 3393 425 117 ångfartyget

480 3511 423 91 "Reserven"
812 3511 393 91 utlossade
1114 3511 363 91 söndriga
1356 3511 242 91 fatet.

565 3615 219 78 Wid
690 3615 219 78 det
815 3615 219 78 med
940 3615 406 78 Andersson
1252 3615 219 78 och
1377 3615 406 78 Bengtsson
1689 3615 156 78 i
1751 3615 406 78 anledning
2064 3615 281 78 häraf
2220 3615 156 78 an¬-

449 3719 358 88 ställde
710 3719 325 88 förhör
937 3719 293 88 hafva
1133 3719 195 88 de
1198 3719 390 88 uppgifvit:

2715 239 200 106 1o
2815 239 468 106 Andersson:
3182 239 234 106 att
3316 239 234 106 han
3450 239 234 106 den
3583 239 200 106 29
3683 239 301 106 sist.
3884 239 401 106 December
4185 239 200 106 på
4285 239 200 106 e.
4385 239 200 106 m.
4452 239 100 106 i

2707 341 402 138 sällskap
3008 341 234 138 med
3142 341 435 138 Bengtsson
3477 341 469 138 uppehållit
3845 341 234 138 sig
3979 341 167 138 å
4046 341 301 138 kajen
4247 341 234 138 vid
4348 341 234 138 Fran¬-

2709 443 246 156 ska
2849 443 351 156 tomten
3095 443 175 156 i
3165 443 421 156 närheten
3481 443 211 156 af
3586 443 246 156 den
3727 443 351 156 plats,
3972 443 246 156 der
4078 443 456 156 ångfartyget

2738 557 360 148 Reserven
3008 557 270 148 legat
3188 557 360 148 förtöjd;
3459 557 210 148 att
3579 557 210 148 för
3699 557 300 148 första
3909 557 270 148 resan
4089 557 360 148 snatteri
4330 557 240 148 straf¬-

2718 661 241 162 fade
2868 661 481 162 Arbetskarlen
3259 661 271 162 Johan
3440 661 331 162 Fredrik
3680 661 361 162 Persson,
3951 661 301 162 boende
4161 661 150 162 i
4221 661 271 162 huset
4402 661 180 162 No
4462 661 90 162 1

2730 759 243 182 Litt
2882 759 152 182 L
2942 759 182 182 af
3033 759 334 182 stadens
3276 759 243 182 12te
3428 759 243 182 rote
3580 759 304 182 dervid
3793 759 182 182 ur
3884 759 213 182 ett
4006 759 243 182 fat,
4157 759 213 182 som
4249 759 273 182 blifvit

2735 879 406 172 utlossadt
3047 879 250 172 från
3204 879 344 172 berörde
3454 879 406 172 ångfartyg
3766 879 219 172 och
3891 879 375 172 upplagdt
4172 879 156 172 å
4235 879 281 172 kajen
4391 879 219 172 till¬-

2719 993 331 184 gripit
2951 993 199 184 en
3050 993 265 184 topp
3216 993 298 184 hvitt
3415 993 365 184 socker;
3680 993 232 184 att
3813 993 365 184 Persson
4045 993 497 184 söndersparkat

2730 1101 474 180 sockertoppen
3116 1101 148 180 i
3175 1101 208 180 två
3294 1101 296 180 delar,
3501 1101 296 180 hvaraf
3709 1101 208 180 han
3827 1101 296 180 gifvit
4035 1101 208 180 den
4153 1101 208 180 ena
4272 1101 178 180 åt
4331 1101 267 180 Bengts¬-

2706 1209 268 182 son,
2874 1209 235 182 men
3008 1209 235 182 med
3143 1209 235 182 den
3277 1209 302 182 andre
3478 1209 403 182 begifvit
3780 1209 235 182 sig
3914 1209 302 182 bakom
4116 1209 201 182 en
4216 1209 168 182 å
4250 1209 302 182 franska

2719 1311 308 184 tomten
2935 1311 338 184 stående
3181 1311 308 184 större
3396 1311 338 184 soplår,
3642 1311 215 184 der
3765 1311 338 184 Persson
4011 1311 461 184 ytterligare
4349 1311 185 184 sön¬-

2745 1433 402 172 dersparkat
3061 1433 344 172 sockret;
3319 1433 201 172 att
3434 1433 373 172 Andersson
3721 1433 344 172 derefter
3979 1433 230 172 gått
4123 1433 230 172 bort
4266 1433 230 172 till
4381 1433 201 172 ifrå¬-

2724 1561 372 172 gakomne
2995 1561 338 172 soplår
3232 1561 237 172 och
3367 1561 440 172 upplockat
3706 1561 203 172 de
3807 1561 338 172 bitar,
4044 1561 237 172 som
4180 1561 203 172 af
4247 1561 305 172 Persson

2725 1679 406 172 derstädes
3037 1679 499 172 qvarlemnats,
3442 1679 250 172 samt
3598 1679 218 172 att
3723 1679 187 172 då
3817 1679 218 172 han
3941 1679 374 172 begifvit
4222 1679 218 172 sig
4316 1679 218 172 deri¬-

2724 1779 305 189 från,
2927 1779 237 189 han
3063 1779 203 189 på
3165 1779 373 189 anmodan
3436 1779 203 189 af
3537 1779 407 189 Lundgren
3842 1779 373 189 blifvit
4113 1779 203 189 af
4215 1779 203 189 en
4283 1779 271 189 Polis¬-

2718 1957 414 117 konstapel
3036 1957 414 117 anhållen;
3323 1957 159 117 och

2739 2029 176 139 2o
2827 2029 410 139 Bengtsson:
3148 2029 205 139 att
3265 2029 234 139 han,
3412 2029 176 139 på
3499 2029 234 139 sätt
3646 2029 380 139 Andersson
3938 2029 410 139 uppgifvit,
4260 2029 176 139 af
4319 2029 263 139 Persson

2717 2137 431 154 emottagit
3048 2137 232 154 det
3181 2137 199 154 af
3280 2137 298 154 honom
3479 2137 431 154 innehafde
3811 2137 398 154 sockret;
4109 2137 265 154 samt
4275 2137 232 154 att
4374 2137 166 154 han

2714 2229 227 180 ej
2828 2229 265 180 egt
2979 2229 454 180 kännedom
3320 2229 379 180 derom,
3585 2229 265 180 att
3737 2229 454 180 detsamma
4078 2229 303 180 vore
4229 2229 303 180 stulet

2714 2332 275 189 förr
2886 2332 206 189 än
2989 2332 378 189 Persson
3264 2332 413 189 uppmanat
3573 2332 309 189 honom
3779 2332 378 189 springa
4054 2332 241 189 sin
4192 2332 275 189 väg,
4329 2332 241 189 hvil¬-

2719 2446 233 175 ken
2852 2446 432 175 uppmaning
3184 2446 432 175 Bengtsson
3516 2446 299 175 äfven
3715 2446 365 175 åtlydt,
3981 2446 233 175 men
4114 2446 332 175 dervid
4313 2446 233 175 blif¬-

2719 2564 247 157 vit
2860 2564 212 157 af
2966 2564 600 157 Packhuskarlen
3460 2564 459 157 Sandström
3813 2564 459 157 upphunnen
4166 2564 247 157 och
4272 2564 282 157 öfver¬-

2734 2709 336 107 lemnad
2969 2709 201 107 åt
3070 2709 201 107 en
3137 2709 571 107 Poliskonstapel.

2832 2762 160 137 I
2896 2762 417 137 anledning
3217 2762 289 137 häraf
3409 2762 225 137 har
3538 2762 289 137 Johan
3730 2762 353 137 Fredrik
3987 2762 385 137 Persson,
4243 2762 289 137 hvilken

2731 2867 242 150 den
2870 2867 207 150 30
2973 2867 311 150 sist.
3180 2867 414 150 December
3491 2867 207 150 af
3594 2867 587 150 Poliskammaren
4077 2867 380 150 blifvit
4319 2867 207 150 till

2724 2971 502 160 cellfängelset
3138 2971 443 160 införpassad
3493 2971 207 160 för
3611 2971 443 160 undergående
3965 2971 177 160 af
4054 2971 148 160 9
4113 2971 295 160 dagars
4291 2971 295 160 fängelse

2728 3091 195 150 vid
2840 3091 279 150 vatten
3035 3091 195 150 och
3146 3091 251 150 bröd,
3314 3091 251 150 efter
3481 3091 418 150 undergången
3815 3091 446 150 bestraffning
4178 3091 307 150 blifvit
4373 3091 195 150 hörd,

2720 3211 351 142 hvarvid
2975 3211 223 142 han
3103 3211 447 142 uppgifvit,
3454 3211 223 142 att
3581 3211 255 142 han,
3741 3211 223 142 som
3868 3211 478 142 ifrågakomne
4251 3211 223 142 dag
4347 3211 223 142 varit

2721 3331 210 130 af
2826 3331 351 130 starka
3072 3331 386 130 drycker
3352 3331 421 130 berusad,
3668 3331 210 130 ej
3773 3331 245 130 kan
3913 3331 351 130 erinra
4158 3331 245 130 sig
4299 3331 210 130 om
4369 3331 175 130 han

2714 3473 449 97 tillgripit
3067 3473 289 97 något
3227 3473 289 97 socker.

2712 3523 546 133 Sockertoppen,
3161 3523 225 133 som
3290 3523 257 133 vägt
3450 3523 193 133 27
3547 3523 193 133 ℔,
3643 3523 225 133 har
3771 3523 193 133 af
3868 3523 321 133 egaren
4092 3523 417 133 värderats
4381 3523 193 133 till

2732 3671 183 79 41
2823 3671 213 79 öre
2914 3671 122 79 ℔.

2843 3748 224 91 På
2955 3748 336 91 grund
3179 3748 224 91 af
3291 3748 299 91 hvad
3478 3748 411 91 sålunda
3776 3748 560 91 förekommit,
4225 3748 261 91 äro
4337 3748 261 91 Frans
