5042 4074
463 158 394 183 Elfström,

641 147 323 99 som

838 163 333 149 jemväl
1071 163 665 149 tillstädesvarit,
1636 163 399 149 tillsagt
1935 163 399 149 Carlsson
2234 163 233 149 att
2334 163 133 149 å¬-

499 304 466 145 terkomma
849 304 388 145 längre
1120 304 311 145 fram
1314 304 233 145 på
1431 304 388 145 dagen;
1664 304 194 145 och

536 358 915 213 Glasmästarelärlingen
1337 358 305 213 Axel
1528 358 496 213 Elfström,
1909 358 381 213 boende
2176 358 191 213 i
2214 358 267 213 huset

498 479 216 159 No
606 479 216 159 13
714 479 253 159 vid
859 479 505 159 Bergsgatan
1255 479 253 159 och
1400 479 433 159 anställd
1724 479 253 159 hos
1869 479 541 159 ofvannämnde
2266 479 216 159 Alm¬-

510 605 365 190 qvist:
766 605 256 190 att
912 605 256 190 han
1058 605 256 190 med
1205 605 511 190 bestämdhet
1606 605 475 190 igenkände
1972 605 438 190 Carlsson
2264 605 219 190 vara

519 695 244 181 den
659 695 384 181 person,
938 695 244 181 som
1077 695 244 181 den
1217 695 209 181 13
1321 695 349 181 dennes
1565 695 244 181 kl.
1705 695 244 181 1/2
1844 695 174 181 8
1914 695 279 181 f.m.
2088 695 418 181 inkommit
2367 695 105 181 i

492 835 535 158 verkstaden
912 835 191 158 i
988 835 344 158 samma
1218 835 267 158 hus
1370 835 306 158 och,
1561 835 344 158 under
1791 835 458 158 uppgift,
2134 835 267 158 att
2249 835 191 158 han

502 947 307 179 ville
707 947 307 179 hafva
912 947 342 179 betalt
1151 947 239 179 för
1287 947 205 179 en
1390 947 410 179 räkning,
1697 947 342 179 frågat
1936 947 307 179 efter
2107 947 376 179 Almqvist,

495 1031 176 222 i
565 1031 458 222 anledning
918 1031 352 222 hvaraf
1164 1031 423 222 Elfström
1481 1031 423 222 tillsagt
1799 1031 423 222 Carlsson
2116 1031 247 222 att
2221 1031 247 222 åter¬-

478 1171 365 206 komma
721 1171 405 206 längre
1004 1171 324 206 fram
1207 1171 243 206 på
1328 1171 405 206 dagen,
1612 1171 243 206 då
1733 1171 486 206 Almqvist
2098 1171 324 206 vore
2260 1171 203 206 att

480 1293 406 185 träffa;
775 1293 295 185 samt
960 1293 258 185 att
1107 1293 443 185 Carlsson
1439 1293 332 185 efter
1660 1293 332 185 någon
1882 1293 332 185 stund
2103 1293 295 185 ånyo
2251 1293 184 185 in¬-

507 1400 347 194 funnit
750 1400 243 194 sig
889 1400 174 194 i
959 1400 486 194 verkstaden
1340 1400 243 194 och
1479 1400 347 194 frågat
1722 1400 312 194 efter
1931 1400 451 194 Almqvist,
2243 1400 243 194 hvar¬-

501 1508 264 166 vid
652 1508 452 166 Elfström
991 1508 414 166 anmodat
1292 1508 452 166 Carlsson
1631 1508 264 166 att
1782 1508 414 166 begifva
2083 1508 264 166 sig
2234 1508 226 166 in
2309 1508 113 166 å

493 1604 534 216 Almqvists
904 1604 206 216 i
986 1604 370 216 samma
1233 1604 288 216 hus
1397 1604 452 216 belägne
1726 1604 411 216 butik,
2014 1604 288 216 dit
2137 1604 329 216 Carls¬-

495 1775 253 149 son
640 1775 434 149 derefter
929 1775 326 149 ingått.

601 1817 251 241 På
727 1817 377 241 grund
978 1817 251 241 af
1103 1817 335 241 hvad
1313 1817 460 241 sålunda
1648 1817 628 241 förekommit,
2108 1817 335 241 kommer

472 1940 345 235 Johan
701 1940 383 235 Alfred
970 1940 460 235 Carlsson
1314 1940 268 235 att
1467 1940 345 235 denna
1697 1940 268 235 dag
1850 1940 268 235 för
2003 1940 268 235 PKn
2118 1940 345 235 instäl¬-

495 2093 349 217 las.
714 2093 524 217 Göteborg
1107 2093 306 217 den
1282 2093 262 217 21
1413 2093 480 217 Augusti
1718 2093 306 217 1880.

90 2240 307 133 No
192 2240 307 133 179.

86 2401 305 97 Carsten
280 2401 250 97 Andreas

46 2511 333 144 Nissen.

579 2236 318 192 Till
778 2236 278 192 PKn
937 2236 318 192 hade
1136 2236 477 192 inkommit
1494 2236 239 192 en
1613 2236 239 192 så
1732 2236 437 192 lydande
2011 2236 437 192 skriftlig

449 2387 468 148 anmälan;

623 2462 328 179 Till
828 2462 698 179 Poliskammaren
1403 2462 328 179 etc.
1608 2462 205 179 -
1690 2462 205 179 -
1731 2462 123 179 -

494 2556 428 219 Varande
805 2556 233 219 de
922 2556 194 219 i
1000 2556 467 219 skriften
1350 2556 545 219 omförmälde
1778 2556 545 219 handlingar
2167 2556 233 219 den¬-

481 2718 352 165 samme
716 2718 508 165 bifogade,
1107 2718 235 165 så
1185 2718 391 165 lydande:

667 2818 622 151 "Protokoll
1155 2818 355 151 etc.
1333 2818 222 151 ---

682 2869 686 208 "Marketenterskan
1265 2869 274 208 etc.
1436 2869 172 208 -
1505 2869 172 208 -
1574 2869 172 208 -
1642 2869 206 208 Se
1711 2869 720 208 originalhandlingar,

496 3041 278 154 som
655 3041 278 154 hos
814 3041 675 154 Poliskammaren
1330 3041 436 154 förvaras.

596 3126 186 164 I
670 3126 482 164 anledning
1041 3126 334 164 häraf
1264 3126 297 164 hade
1449 3126 631 164 sockerbagaren
1969 3126 371 164 Nissen
2191 3126 260 164 blif¬-

481 3243 233 213 vit
614 3243 200 213 af
714 3243 799 213 detektivkonstaplarne
1413 3243 200 213 C.
1513 3243 200 213 J.
1613 3243 466 213 Söderqvist
1980 3243 233 213 och
2113 3243 200 213 J.
2180 3243 266 213 Bohlin

484 3340 181 220 i
556 3340 254 220 dag
701 3340 472 220 anhållen;
1064 3340 254 220 och
1209 3340 218 220 då
1318 3340 218 220 nu
1427 3340 363 220 förhör
1681 3340 254 220 med
1826 3340 327 220 honom
2008 3340 399 220 företogs,

468 3459 499 221 inställde
851 3459 269 221 sig
1005 3459 192 221 i
1082 3459 422 221 närvaro
1388 3459 230 221 af
1504 3459 576 221 Kamereraren
1964 3459 269 221 vid
2079 3459 307 221 Aktie¬-

460 3584 410 164 bolaget
758 3584 298 164 Swea
944 3584 223 164 M.
1055 3584 372 164 Olbers
1316 3584 261 164 och
1465 3584 447 164 Bolagets
1800 3584 484 164 Juridiska
2135 3584 298 164 Ombud,

469 3676 316 205 Herr
667 3676 277 205 Fil
825 3676 237 205 Dr
944 3676 237 205 Ph
1063 3676 356 205 Leman
1300 3676 396 205 jemväl
1577 3676 356 205 förra
1775 3676 672 205 Marketenterskan

2601 163 510 226 Albertina
2993 163 353 226 Ljung
3229 163 275 226 och
3386 163 353 226 pigan
3621 163 314 226 Anna
3817 163 353 226 Sofia
4053 163 471 226 Carlsson
4367 163 235 226 från

2569 326 529 156 Stockholm,
2985 326 415 156 hvilka,
3287 326 227 156 på
3400 326 680 156 föranstaltande
3967 326 227 156 af
4042 326 529 156 Aktiebolaget

2576 469 333 177 Svea
2784 469 291 177 hit
2951 469 333 177 till
3159 469 416 177 staden
3408 469 416 177 anländt.

2756 549 327 234 Sedan
2974 549 400 234 Nissens
3264 549 254 234 vid
3410 549 618 234 Polisförhöret
3918 549 327 234 inför
4100 549 472 234 Kronofogden

2592 676 473 224 Hellhoff
2946 676 433 224 lemnade
3261 676 512 224 uppgifter
3655 676 433 224 blifvit
3970 676 236 224 ur
4088 676 276 224 det
4207 676 354 224 ingifna

2601 794 826 219 förhörsprotokollet
3315 794 451 219 uppläst,
3653 794 413 219 vidhöll
3953 794 375 219 Nissen
4179 794 375 219 desamme;

2605 901 524 229 tilläggande
3024 901 384 229 Nissen,
3304 901 175 229 i
3374 901 454 229 anledning
3723 901 210 229 af
3828 901 384 229 frågor,
4108 901 245 229 att
4247 901 245 229 han
4352 901 210 229 kän¬-

2592 1026 231 200 de
2708 1026 501 200 Albertina
3093 1026 385 200 Ljung,
3363 1026 424 200 hvilken
3671 1026 347 200 under
3903 1026 347 200 någon
4134 1026 270 200 tid
4249 1026 270 200 idkat

2609 1149 869 187 marketenterirörelse
3365 1149 264 187 vid
3516 1149 416 187 Nissens
3818 1149 718 187 chokoladfabrik,
4385 1149 189 187 men

2598 1263 283 221 den
2759 1263 688 221 ifrågavarande
3326 1263 405 221 natten
3609 1263 324 221 icke
3811 1263 688 221 sammanträffat
4337 1263 243 221 vare

2594 1380 283 197 sig
2755 1380 283 197 med
2917 1380 364 197 henne
3160 1380 364 197 eller
3403 1380 324 197 Anna
3605 1380 364 197 Sofia
3848 1380 526 197 Carlsson,
4212 1380 364 197 hvilken

2599 1513 384 215 sednare
2878 1513 244 215 han
3018 1513 279 215 icke
3192 1513 349 215 visste
3436 1513 244 215 sig
3576 1513 488 215 tillförene
3959 1513 314 215 hafva
4169 1513 314 215 sett;
4343 1513 244 215 hvar¬-

2601 1601 353 222 jemte
2836 1601 431 222 Nissen,
3149 1601 235 222 på
3267 1601 353 222 fråga
3502 1601 235 222 af
3620 1601 392 222 Doktor
3894 1601 392 222 Leman,
4129 1601 392 222 bestämdt

2603 1729 546 248 förklarade,
3039 1729 255 248 att
3185 1729 364 248 Nissen
3440 1729 291 248 från
3622 1729 255 248 den
3768 1729 218 248 21
3877 1729 437 248 Februari
4204 1729 291 248 1879
4350 1729 182 248 kl.

2604 1845 188 240 9
2680 1845 226 240 på
2792 1845 414 240 aftonen
3093 1845 301 240 till
3281 1845 451 240 påföljde
3620 1845 376 240 morgon
3883 1845 414 240 klockan
4184 1845 414 240 omkring
4447 1845 113 240 3

2602 1983 346 186 icke
2818 1983 433 186 lemnat
3121 1983 303 186 sin
3251 1983 390 186 bostad.

2757 2081 457 238 Härefter
3100 2081 381 238 hördes
3366 2081 495 238 Albertina
3747 2081 343 238 Ljung
3975 2081 266 238 och
4127 2081 305 238 Anna
4280 2081 266 238 Sofia

2591 2249 484 153 Carlsson,
2963 2249 373 153 hvilka
3187 2249 447 153 berättade:

2609 2318 235 189 1o
2726 2318 509 189 Albertina
3118 2318 391 189 Ljung,
3392 2318 391 189 boende
3666 2318 274 189 för
3822 2318 548 189 närvarande
4253 2318 196 189 i
4292 2318 274 189 huset

2594 2396 214 221 No
2701 2396 214 221 10
2808 2396 249 221 vid
2951 2396 712 221 Stadssmedjegatan
3556 2396 178 221 4
3627 2396 392 221 trappor
3912 2396 285 221 upp,
4090 2396 249 221 men
4233 2396 285 221 från
4375 2396 178 221 den

2611 2497 176 246 1
2681 2497 387 246 Oktober
2962 2497 176 246 å
3033 2497 316 246 Nedre
3244 2497 387 246 bottnen
3525 2497 176 246 i
3595 2497 316 246 huset
3806 2497 211 246 No
3912 2497 211 246 44
4017 2497 246 246 vid
4123 2497 457 246 Skeppsbron:

2612 2633 245 246 att
2752 2633 350 246 Ljung,
2997 2633 245 246 som
3137 2633 245 246 för
3277 2633 385 246 omkring
3557 2633 175 246 4
3626 2633 210 246 år
3731 2633 315 246 sedan
3941 2633 280 246 från
4116 2633 245 246 den
4256 2633 175 246 1
4291 2633 210 246 Juni

2616 2725 258 219 till
2777 2725 226 219 den
2906 2725 161 219 7
2971 2725 355 219 Oktober
3229 2725 290 219 idkat
3422 2725 742 219 marketenterirörelse
4067 2725 161 219 å
4099 2725 484 219 sockerbagaren

2617 2875 372 205 Nissens
2888 2875 406 205 chokolad
3192 2875 338 205 fabrik
3429 2875 440 205 Sandviken
3767 2875 237 205 och
3903 2875 271 205 från
4072 2875 237 205 den
4207 2875 304 205 tiden
4376 2875 203 205 kän¬-

2608 2969 198 246 de
2707 2969 363 246 Nissen,
2971 2969 396 246 Fredagen
3268 2969 231 246 den
3400 2969 198 246 21
3499 2969 396 246 Februari
3797 2969 264 246 1879
3962 2969 231 246 vid
4094 2969 264 246 11va
4259 2969 297 246 tiden
4424 2969 132 246 på

2608 3079 388 269 aftonen
2890 3079 176 269 i
2960 3079 423 269 sällskap
3278 3079 247 269 med
3419 3079 282 269 Anna
3595 3079 317 269 Sofia
3807 3079 423 269 Carlsson
4124 3079 388 269 anländt
4371 3079 212 269 till

2628 3206 401 212 Sandviken
2937 3206 216 212 för
3060 3206 216 212 att
3183 3206 216 212 hos
3307 3206 432 212 åtskillige
3646 3206 216 212 vid
3769 3206 339 212 Fabiken
4016 3206 401 212 anställde
4293 3206 278 212 arbeta¬-

2600 3322 207 245 re
2703 3322 413 245 utkräfva
3013 3322 344 245 smärre
3254 3322 517 245 fordringar;
3667 3322 241 245 att
3805 3322 207 245 de
3909 3322 448 245 derstädes
4219 3322 344 245 begifvit

2607 3480 261 205 sig
2756 3480 298 205 till
2942 3480 261 205 ett
3092 3480 224 205 af
3204 3480 224 205 en
3316 3480 448 205 dalkulla
3651 3480 261 205 vid
3801 3480 298 205 namn
3987 3480 336 205 Anna,
4211 3480 261 205 med
4323 3480 261 205 hvil¬-

2620 3594 243 174 ken
2759 3594 312 174 Ljung
2967 3594 312 174 varit
3176 3594 278 174 nära
3349 3594 382 174 bekant,
3627 3594 347 174 bebodt
3870 3594 278 174 rum,
4043 3594 382 174 beläget
4321 3594 174 174 i
4355 3594 174 174 det

2612 3693 215 201 s.
2720 3693 215 201 k.
2827 3693 502 201 Kullhuset,
3222 3693 215 201 så
3330 3693 431 201 benämndt
3653 3693 359 201 emedan
3904 3693 251 201 det
4048 3693 287 201 till
4227 3693 287 201 stor
4371 3693 179 201 del
