5152 4097
558 249 286 97 blads
749 249 254 97 ring
907 249 222 97 för
1034 249 222 97 Två
1161 249 349 97 Kronor,
1415 249 412 97 Swangrens
1732 249 317 97 pjexor
1954 249 222 97 för
2081 249 222 97 Tre
2176 249 254 97 Kronor

537 364 219 101 och
662 364 375 101 Hartmans
943 364 344 101 ylleduk
1193 364 219 101 för
1318 364 187 101 50
1411 364 219 101 öre
1536 364 219 101 hos
1661 364 469 101 Pantlånaren
2036 364 187 101 P.
2130 364 187 101 J.
2192 364 250 101 Osberg

536 481 152 110 i
596 481 273 110 huset
778 481 182 110 No
869 481 152 110 3
930 481 212 110 vid
1051 481 455 110 Jerntorget;
1415 481 212 110 att
1536 481 212 110 hon
1658 481 364 110 dessutom
1931 481 212 110 den
2052 481 182 110 27
2143 481 273 110 sist.
2294 481 152 110 Fe¬-

544 595 301 110 bruari
755 595 150 110 i
815 595 241 110 Axel
965 595 391 110 Gillblads
1266 595 150 110 &
1326 595 211 110 Cis
1447 595 271 110 butik
1627 595 150 110 i
1688 595 271 110 huset
1868 595 181 110 No
1958 595 181 110 18
2049 595 211 110 vid
2139 595 331 110 Korsgatan

535 709 462 120 tillgripit
898 709 198 120 en
997 709 264 120 brun
1162 709 396 120 ylleduk,
1459 709 231 120 som
1591 709 231 120 hon
1723 709 297 120 samma
1921 709 231 120 dag
2053 709 231 120 för
2185 709 198 120 75
2251 709 165 120 öre

522 847 403 108 pantsatt
825 847 168 108 å
892 847 471 108 sistnämnde
1262 847 639 108 pantlånekontor;
1799 847 235 108 att
1934 847 235 108 den
2068 847 235 108 hos
2169 847 269 108 Osberg

522 975 411 108 pantsatte
838 975 253 108 ring
996 975 253 108 vore
1154 975 253 108 den,
1312 975 221 108 som
1439 975 221 108 hon
1565 975 442 108 tillgripit
1913 975 221 108 hos
2039 975 348 108 Ekeblad
2260 975 158 108 och

538 1093 324 108 hvarom
764 1093 227 108 hon
894 1093 292 108 förut
1089 1093 454 108 uppgifvit,
1445 1093 227 108 att
1575 1093 227 108 hon
1704 1093 389 108 förstört
1996 1093 389 108 densamme
2256 1093 194 108 samt

518 1209 250 112 att
661 1209 250 112 hon
804 1209 286 112 till
983 1209 357 112 hustru
1233 1209 393 112 Fridman
1519 1209 357 112 lemnat
1769 1209 572 112 pantsedlarne
2198 1209 250 112 såsom

519 1327 372 120 Säkerhet
798 1327 217 120 för
922 1327 217 120 ett
1046 1327 217 120 lån
1170 1327 155 120 å
1233 1327 217 120 Tre
1357 1327 310 120 Kronor
1574 1327 186 120 50
1636 1327 186 120 öre.

639 1464 632 86 Handelsidkerskorna
1185 1464 258 86 Sofia
1357 1464 345 86 Edström.
1615 1464 258 86 Maria
1788 1464 373 86 Svensson,
2075 1464 172 86 A.
2161 1464 172 86 L.
2218 1464 230 86 Jonas¬-

512 1577 239 100 son,
661 1577 597 100 Juvelerarefirman
1169 1577 209 100 Fr.
1288 1577 239 100 Holm
1437 1577 149 100 &
1497 1577 209 100 Co,
1616 1577 418 100 Skomakaren
1945 1577 179 100 C.
2034 1577 179 100 F.
2094 1577 328 100 Mattsson,

531 1697 533 104 Handelsfirman
969 1697 313 104 Liepe,
1189 1697 282 104 Ström
1377 1697 157 104 &
1439 1697 219 104 Co,
1565 1697 627 104 Juvelerarefirman
2097 1697 188 104 A.
2191 1697 188 104 M.
2254 1697 188 104 Eke¬-

530 1815 267 100 blad,
708 1815 563 100 Läderhandlanden
1182 1815 178 100 J.
1271 1815 178 100 P.
1360 1815 385 100 Svangren,
1656 1815 415 100 Handlanden
1982 1815 178 100 J.
2071 1815 326 100 Hartman
2278 1815 148 100 och

528 1929 549 106 Handelsfirman
980 1929 258 106 Axel
1142 1929 388 106 Gillblad
1432 1929 162 106 &
1497 1929 194 106 Co
1594 1929 291 106 hafva
1788 1929 355 106 anmält,
2046 1929 226 106 att
2143 1929 291 106 ifråga¬-

522 2057 270 100 komne
702 2057 300 100 saker,
912 2057 180 100 på
1002 2057 240 100 sätt
1152 2057 390 100 Andersson
1452 2057 420 100 uppgifvit,
1782 2057 240 100 från
1932 2057 210 100 dem
2022 2057 420 100 tillgripits:

514 2183 221 92 och
641 2183 221 92 har
767 2183 347 92 Edström
1019 2183 378 92 värderat
1303 2183 284 92 tyget
1492 2183 252 92 till
1650 2183 221 92 Sju
1776 2183 347 92 Kronor,
2028 2183 378 92 Svensson
2280 2183 158 92 du¬-

513 2295 215 100 ken
636 2295 245 100 till
789 2295 215 100 Två
912 2295 337 100 Kronor,
1158 2295 245 100 Holm
1311 2295 307 100 ringen
1526 2295 245 100 till
1679 2295 153 100 8
1740 2295 337 100 Kronor,
1986 2295 368 100 Jonasson
2231 2295 215 100 duken

514 2417 237 91 till
662 2417 207 91 Tre
781 2417 326 91 Kronor,
1018 2417 355 91 Mattsson
1284 2417 355 91 pjexorna
1550 2417 237 91 till
1698 2417 178 91 12
1787 2417 326 91 Kronor;
2024 2417 296 91 Liepe,
2231 2417 266 91 Ström

514 2529 150 93 &
574 2529 180 93 Co
664 2529 270 93 duken
844 2529 240 93 till
994 2529 210 93 Två
1114 2529 330 93 kronor,
1354 2529 330 93 Ekeblad
1594 2529 300 93 ringen
1804 2529 240 93 till
1954 2529 180 93 10
2044 2529 330 93 Kronor,
2254 2529 210 93 Svan¬-

519 2657 265 96 gren
684 2657 397 96 pjexorna
982 2657 265 96 till
1147 2657 231 96 Sju
1280 2657 364 96 Kronor,
1544 2657 364 96 Hartman
1809 2657 298 96 duken
2007 2657 265 96 till
2172 2657 198 96 En
2239 2657 231 96 Krona

518 2784 236 89 och
653 2784 269 89 Axel
821 2784 404 89 Gillblad
1125 2784 303 89 duken
1327 2784 269 89 till
1495 2784 202 89 En
1563 2784 269 89 Krona.

607 2890 188 93 De
701 2890 408 93 pantsatte
1015 2890 471 93 persedlarne
1392 2890 283 93 hafva
1580 2890 188 93 af
1674 2890 314 93 egarne
1894 2890 345 93 blifvit
2114 2890 314 93 utlöste.

611 3021 220 82 På
721 3021 331 82 grund
942 3021 220 82 af
1052 3021 294 82 hvad
1236 3021 404 82 sålunda
1530 3021 551 82 förekommit,
1970 3021 367 82 kommer
2191 3021 257 82 Augu¬-

512 3135 249 105 sta
655 3135 462 105 Andersson
1010 3135 249 105 att
1153 3135 320 105 denna
1366 3135 249 105 dag
1508 3135 249 105 för
1651 3135 249 105 PKn
1757 3135 427 105 inställas.

585 3258 497 80 Göteborg
958 3258 290 80 den
1123 3258 207 80 5
1206 3258 332 80 Mars
1372 3258 290 80 1880.

108 3370 239 53 No
188 3370 199 53 52.

82 3483 245 60 Frans
245 3483 245 60 Oskar
382 3483 164 60 Ema¬-

60 3559 174 56 nuel
169 3559 305 56 Gustafsson
387 3559 153 56 Lätt.

605 3356 265 84 Sedan
781 3356 412 84 upplysning
1105 3356 353 84 erhållit
1370 3356 206 84 att
1488 3356 206 84 för
1605 3356 353 84 snatteri
1870 3356 383 84 straffade
2165 3356 177 84 fe
2223 3356 177 84 Kro¬-

531 3458 546 93 noarbetskarlen
985 3458 273 93 Frans
1167 3458 273 93 Oskar
1349 3458 333 93 Emanuel
1592 3458 424 93 Gustafsson
1925 3458 273 93 Lätt,
2107 3458 303 93 boende
2289 3458 91 93 i

525 3562 282 91 huset
713 3562 188 91 No
807 3562 188 91 15
901 3562 219 91 vid
1026 3562 470 91 Brunnsgatan
1403 3562 282 91 någon
1591 3562 219 91 dag
1716 3562 157 91 i
1779 3562 376 91 förlidne
2061 3562 282 91 månad
2218 3562 188 91 till

500 3675 224 94 sin
628 3675 320 94 bostad
852 3675 352 94 medfört
1107 3675 192 94 en
1203 3675 288 94 svart
1395 3675 256 94 muff
1555 3675 224 94 med
1683 3675 288 94 brunt
1875 3675 288 94 foder
2066 3675 224 94 och
2194 3675 160 94 7
2226 3675 160 94 st.

498 3785 341 92 nycklar,
753 3785 284 92 hvilka
952 3785 370 92 persedlar
1237 3785 199 92 han
1350 3785 398 92 antagligen
1663 3785 426 92 tillgripit,
2004 3785 199 92 har
2089 3785 313 92 detektiv¬

2723 269 455 85 konstapeln
3081 269 195 85 C.
3179 269 423 85 Hellström
3504 269 228 85 den
3634 269 163 85 8
3699 269 325 85 dennes
3927 269 390 85 anhållit
4187 269 423 85 ofvannämnde

2730 371 270 97 Lätt,
2910 371 330 97 hvilken
3150 371 210 97 vid
3269 371 210 97 det
3389 371 210 97 med
3509 371 270 97 honom
3689 371 390 97 anställde
3989 371 300 97 förhör
4198 371 420 97 uppgifvit,
4498 371 150 97 att

2739 471 199 105 då
2838 471 232 105 han
2971 471 298 105 någon
3169 471 232 105 dag
3302 471 166 105 i
3368 471 430 105 sistlidne
3699 471 298 105 månad
3898 471 364 105 uppgått
4163 471 166 105 i
4229 471 232 105 ett
4361 471 232 105 hus
4460 471 166 105 vid

2727 579 593 95 Pusterviksgatan
3226 579 219 95 för
3351 579 219 95 att
3476 579 219 95 der
3601 579 250 95 söka
3757 579 187 95 en
3851 579 437 95 månadskarl
4194 579 219 95 vid
4319 579 250 95 namn
4444 579 250 95 Svens¬-

2699 679 263 121 son,
2864 679 230 121 han
2995 679 329 121 funnit
3226 679 329 121 dörren
3456 679 263 121 till
3621 679 230 121 ett
3752 679 230 121 rum
3884 679 165 121 i
3950 679 362 121 berörde
4213 679 230 121 hus
4312 679 296 121 stående

2711 791 311 123 öppen;
2929 791 218 123 att
3053 791 218 123 han
3177 791 187 123 då
3270 791 218 123 dit
3395 791 311 123 ingått
3612 791 218 123 och
3737 791 218 123 der
3861 791 435 123 tillgripit
4172 791 404 123 ifrågakomne

2712 907 286 111 muff,
2903 907 254 111 samt
3062 907 222 111 att
3189 907 222 111 han
3316 907 222 111 den
3443 907 159 111 2
3506 907 318 111 dennes
3729 907 159 111 i
3792 907 222 111 ett
3919 907 286 111 olåst
4110 907 222 111 kök
4237 907 222 111 vid
4332 907 286 111 Nygatan

2729 1025 144 85 i
2787 1025 231 85 Haga
2931 1025 404 85 tillgripit
3248 1025 461 85 ofvanberörde
3623 1025 202 85 sju
3710 1025 288 85 nycklar.

2895 1125 306 79 Fröken
3109 1125 245 79 Alma
3262 1125 428 79 Psilander,
3599 1125 306 79 boende
3813 1125 153 79 i
3874 1125 275 79 huset
4058 1125 183 79 No
4149 1125 183 79 11
4241 1125 214 79 vid
4333 1125 275 79 Puster¬-

2722 1231 421 83 viksgatan
3046 1231 227 83 har
3175 1231 324 83 anmält
3402 1231 227 83 sig
3532 1231 227 83 som
3662 1231 292 83 egare
3856 1231 259 83 till
4018 1231 486 83 ifrågakomne
4375 1231 227 83 muff,

2725 1341 297 93 under
2923 1341 396 93 uppgift,
3220 1341 231 93 att
3351 1341 231 93 den
3483 1341 264 93 från
3648 1341 297 93 honom
3846 1341 494 93 tillgripits
4241 1341 165 93 i
4307 1341 198 93 en
4373 1341 231 93 olåst

2720 1442 302 96 tambur
2931 1442 212 96 och
3052 1442 242 96 vore
3204 1442 242 96 värd
3355 1442 151 96 8
3415 1442 333 96 Kronor;
3627 1442 151 96 och

2789 1530 307 106 Ogifta
3004 1530 338 106 Johanna
3250 1530 369 106 Carolina
3527 1530 399 106 Eriksson,
3834 1530 307 106 boende
4049 1530 154 106 i
4110 1530 277 106 huset
4295 1530 184 106 No
4387 1530 184 106 16
4448 1530 154 106 vid

2714 1643 353 121 Nygatan
2971 1643 161 121 i
3035 1643 257 121 Haga
3195 1643 257 121 till
3356 1643 449 121 nycklarna,
3709 1643 225 121 som
3838 1643 289 121 legat
4030 1643 161 121 i
4094 1643 321 121 hennes
4319 1643 225 121 kök
4415 1643 161 121 och

2721 1775 204 95 der
2808 1775 408 95 tillgripits.

2836 1851 214 125 På
2943 1851 321 125 grund
3157 1851 214 125 af
3264 1851 285 125 hvad
3443 1851 392 125 sålunda
3728 1851 535 125 förekommit,
4156 1851 357 125 kommer
4370 1851 250 125 Frans

2711 1961 277 135 Oskar
2896 1961 339 135 Emanuel
3142 1961 431 135 Gustafsson
3481 1961 246 135 Lätt
3634 1961 215 135 att
3758 1961 277 135 denna
3942 1961 215 135 dag
4065 1961 215 135 för
4188 1961 215 135 PKn
4281 1961 369 135 inställas.

3160 2091 359 73 Göteborg
3429 2091 209 73 den
3549 2091 150 73 8
3609 2091 239 73 Mars
3729 2091 209 73 1880.

4629 2185 219 53 No
4702 2185 183 53 53.

4607 2309 226 57 Johan
4732 2309 276 57 Ferdinand

4596 2397 265 56 Eriksson
4795 2397 155 56 och
4861 2397 177 56 Gustaf

4591 2470 215 63 Emil
4699 2470 295 63 Andersson

4596 2547 187 56 Krans.

2774 2181 319 133 Ogifta
2998 2181 255 133 Anna
3157 2181 479 133 Henriksson,
3540 2181 351 133 hvilken
3796 2181 287 133 idkar
3987 2181 415 133 skohandel
4307 2181 160 133 i
4339 2181 287 133 Bazaren

2715 2277 204 145 och
2832 2277 204 145 bor
2948 2277 146 145 i
3007 2277 263 145 huset
3182 2277 175 145 No
3269 2277 175 145 18
3357 2277 204 145 vid
3473 2277 438 145 Brunnsgatan
3823 2277 204 145 har
3940 2277 350 145 lördagen
4203 2277 204 145 den
4319 2277 146 145 6
4378 2277 175 145 ds
4436 2277 146 145 an¬-

2703 2409 277 111 mält,
2888 2409 215 111 att
3011 2409 277 111 sagde
3195 2409 215 111 dag
3318 2409 215 111 kl.
3441 2409 338 111 omkring
3687 2409 154 111 7
3748 2409 184 111 e.
3841 2409 184 111 m.
3933 2409 246 111 från
4086 2409 184 111 en
4179 2409 154 111 å
4209 2409 400 111 förstnämnde

2710 2509 237 147 gata
2858 2509 325 147 stående
3095 2509 266 147 henne
3272 2509 385 147 tillhörig
3568 2509 266 147 kista
3746 2509 444 147 tillgripits
4101 2509 207 147 två
4219 2509 266 147 omaka
4367 2509 207 147 mans¬-

2709 2631 248 135 skor
2864 2631 186 135 af
2957 2631 434 135 smorläder,
3298 2631 279 135 värda
3484 2631 217 135 Sju
3608 2631 341 135 Kronor;
3857 2631 248 135 samt
4012 2631 217 135 att
4136 2631 217 135 hon
4260 2631 217 135 för
4353 2631 217 135 detta

2708 2751 416 133 tillgrepp
3028 2751 448 133 misstänkte
3380 2751 224 133 två
3508 2751 320 133 okända
3732 2751 544 133 manspersoner,
4180 2751 224 133 som
4308 2751 224 133 vid
4404 2751 224 133 ifrå¬-

2694 2867 357 130 gakomne
2953 2867 422 130 tillfälle
3278 2867 292 130 velat
3472 2867 195 130 af
3570 2867 292 130 henne
3765 2867 260 130 köpa
3927 2867 227 130 ett
4057 2867 227 130 par
4187 2867 260 130 skor
4349 2867 227 130 och
4446 2867 130 130 af

2712 2961 302 152 hvilka
2923 2961 212 152 den
3044 2961 212 152 ene
3165 2961 302 152 passat
3377 2961 212 152 ett
3498 2961 212 152 par
3619 2961 333 152 dylika,
3860 2961 242 152 enär
4012 2961 302 152 genast
4223 2961 272 152 efter
4374 2961 212 152 deras

2706 3108 466 105 bortgång,
3065 3108 215 105 de
3173 3108 323 105 omaka
3388 3108 359 105 skorna
3603 3108 359 105 saknats.

2779 3172 279 137 Såsom
2965 3172 433 137 misstänkte
3305 3172 217 137 för
3429 3172 279 137 detta
3615 3172 433 137 tillgrepp,
3955 3172 217 137 har
4048 3172 526 137 Poliskonstapeln

2680 3283 191 143 No
2776 3283 191 143 57
2871 3283 351 143 Jonsson
3127 3283 478 143 oftaberörde
3509 3283 223 143 dag
3637 3283 191 143 på
3733 3283 351 143 aftonen
3988 3283 383 143 anhållit
4275 3283 191 143 fe
4339 3283 255 143 Krono¬-

2695 3384 503 153 arbetskarlen
3104 3384 283 153 Johan
3292 3384 409 153 Ferdinand
3607 3384 409 153 Eriksson,
3922 3384 220 153 och
4048 3384 315 153 boende
4268 3384 157 153 i
4331 3384 283 153 huset
4488 3384 126 153 No

2696 3507 182 123 17
2787 3507 243 123 Litt
2939 3507 152 123 K
3000 3507 152 123 i
3061 3507 456 123 Redbergslid
3425 3507 213 123 och
3547 3507 213 123 för
3669 3507 304 123 första
3882 3507 274 123 resan
4064 3507 365 123 snatteri
4307 3507 335 123 straffade

2702 3613 513 107 arbetskarlen
3119 3613 321 107 Gustaf
3343 3613 257 107 Emil
3504 3613 417 107 Andersson
3824 3613 321 107 Krans,
4049 3613 321 107 boende
4273 3613 160 107 å
4305 3613 321 107 lägenhe¬-

2697 3708 217 112 ten
2821 3708 279 112 Burås
3007 3708 155 112 i
3068 3708 619 112 Galgkrogsbergen,
3595 3708 310 112 hvilka
3811 3708 217 112 vid
3935 3708 217 112 det
4059 3708 217 112 med
4183 3708 217 112 dem
4276 3708 340 112 anställde
