5033 4063
85 180 301 124 No
185 180 251 124 99.

97 254 170 217 Carl
203 254 213 217 August
331 254 213 217 Hansson.

604 187 704 138 Detektivkonstapeln
1212 187 192 138 C.
1308 187 192 138 G.
1404 187 320 138 Andrén
1628 187 224 138 har
1756 187 224 138 den
1884 187 192 138 27
1980 187 320 138 dennes
2204 187 192 138 på
2268 187 160 138 af¬-

520 280 247 149 tonen
684 280 329 149 anhållit
931 280 192 149 för
1041 280 275 149 första
1233 280 247 149 resan
1398 280 247 149 stöld
1563 280 357 149 straffade
1837 280 165 149 fe
1892 280 522 149 Kronoarbetskarlen

486 383 243 170 Carl
637 383 303 170 August
850 383 364 170 Hansson,
1123 383 243 170 utan
1275 383 334 170 bostad,
1517 383 212 170 för
1639 383 212 170 det
1760 383 212 170 han
1881 383 212 170 hos
1973 383 394 170 Pantlånaren

508 481 167 147 N.
592 481 167 147 A.
675 481 361 147 Landgren,
952 481 278 147 boende
1147 481 139 147 i
1202 481 250 147 huset
1369 481 167 147 No
1452 481 167 147 53
1535 481 194 147 vid
1646 481 250 147 Andra
1813 481 361 147 Långgatan
2091 481 222 147 kort
2202 481 194 147 förut

503 605 196 171 för
615 605 224 171 fyra
755 605 280 171 Kronor
951 605 336 171 pantsatt
1202 605 168 171 en
1286 605 252 171 svart
1454 605 448 171 sommarpaletå
1818 605 168 171 af
1902 605 336 171 ylletyg,
2153 605 168 171 en
2209 605 196 171 svart

507 708 470 198 sidenparasoll
894 708 194 198 och
1005 708 194 198 två
1116 708 332 198 ljusröda
1364 708 415 198 ylletröjor,
1696 708 194 198 som
1807 708 304 198 Hansson
2028 708 304 198 antoges
2221 708 194 198 hafva

498 863 343 147 tillgripit.

661 908 263 196 Sedan
836 908 351 196 Hansson,
1099 908 263 196 härom
1275 908 263 196 hörd,
1450 908 380 196 förnekat,
1743 908 205 196 att
1860 908 205 196 han
1977 908 205 196 hos
2065 908 292 196 Landgren

515 1037 337 161 pantsatt
767 1037 252 161 några
936 1037 393 161 persedlar,
1244 1037 196 161 har
1356 1037 308 161 Mamsell
1581 1037 365 161 Elisabeth
1861 1037 224 161 Ask,
2001 1037 280 161 boende
2198 1037 140 161 i
2226 1037 196 161 huset

505 1173 183 161 No
597 1173 183 161 10
689 1173 214 161 vid
811 1173 306 161 Vestra
1025 1173 428 161 Skansgatan
1361 1173 214 161 den
1483 1173 183 161 28
1575 1173 306 161 dennes
1789 1173 183 161 på
1881 1173 367 161 morgonen
2125 1173 275 161 anmält,

517 1241 208 187 att
636 1241 178 187 då
725 1241 208 187 hon
844 1241 327 187 aftonen
1082 1241 267 187 förut
1260 1241 386 187 hemkommit
1557 1241 238 187 till
1706 1241 208 187 sin
1825 1241 327 187 bostad,
2062 1241 178 187 en
2122 1241 297 187 främman¬-

519 1371 191 183 de
615 1371 318 183 nyckel
837 1371 318 183 suttet
1060 1371 159 183 i
1123 1371 413 183 dörrlåset
1441 1371 254 183 till
1600 1371 318 183 hennes
1823 1371 254 183 rum,
1982 1371 413 183 hvarjemte
2268 1371 95 183 i

505 1494 317 177 rummet
727 1494 444 177 åtskilliga
1077 1494 413 177 byrålådor
1394 1494 286 177 varit
1584 1494 381 177 utdragna
1870 1494 254 177 samt
2029 1494 222 177 att
2156 1494 222 177 hon
2251 1494 127 177 då

526 1647 304 142 saknat
738 1647 486 142 ofvanberörde
1133 1647 152 142 i
1194 1647 304 142 rummet
1407 1647 395 142 förvarade
1710 1647 425 142 persedlar,
2044 1647 304 142 hvilka
2227 1647 182 142 voro

511 1726 270 185 värda
691 1726 330 185 paletån
931 1726 180 185 25
1021 1726 330 185 Kronor,
1261 1726 420 185 parasollen
1590 1726 150 185 6
1650 1726 300 185 Kronor
1860 1726 210 185 och
1950 1726 420 185 ylletröjorna

520 1883 220 121 Fem
614 1883 282 121 Kronor.

602 1937 361 205 Hansson,
873 1937 451 205 ytterligare
1233 1937 271 205 hörd,
1414 1937 210 205 har
1534 1937 361 205 förnekat
1805 1937 210 205 all
1925 1937 361 205 kännedom
2196 1937 180 205 om
2256 1937 150 205 det

511 2082 255 167 från
670 2082 223 167 Ask
798 2082 414 167 föröfvade
1085 2082 382 167 tillgrepp.

575 2187 434 145 Följande
900 2187 434 145 personer
1226 2187 325 145 hafva
1406 2187 362 145 upplyst:

512 2292 195 180 1o
609 2292 487 180 Pantlånaren
998 2292 195 180 N.
1096 2292 195 180 A.
1193 2292 422 180 Landgren:
1518 2292 227 180 att
1648 2292 227 180 han
1777 2292 162 180 i
1842 2292 357 180 Hansson
2069 2292 325 180 igenkän¬-

525 2413 239 185 ner
662 2413 239 185 den
798 2413 376 185 person,
1072 2413 239 185 som
1209 2413 239 185 hos
1345 2413 308 185 honom
1550 2413 410 185 pantsatt
1858 2413 273 185 Asks
1995 2413 410 185 persedlar;

467 2570 192 93 och

498 2596 186 208 2o
591 2596 403 208 Ynglingen
901 2596 310 208 August
1117 2596 403 208 Landgren,
1427 2596 310 208 boende
1644 2596 155 208 i
1706 2596 279 208 huset
1892 2596 186 208 No
1984 2596 186 208 53
2077 2596 217 208 vid
2170 2596 217 208 Andra

521 2755 402 174 Långgatan
830 2755 247 174 samt
985 2755 495 174 arbetskarlen
1387 2755 278 174 Johan
1572 2755 433 174 Andersson,
1912 2755 309 174 boende
2129 2755 155 174 i
2160 2755 216 174 huset

499 2848 225 203 No
611 2848 225 203 14
723 2848 262 203 vid
873 2848 412 203 Rygatan
1173 2848 187 203 i
1248 2848 412 203 Annedal
1548 2848 750 203 sammanstämmande:
2148 2848 187 203 att

516 2978 190 160 de
611 2978 413 160 innevarit
929 2978 159 160 i
992 2978 413 160 Landgrens
1310 2978 603 160 pantlånekontor,
1818 2978 190 160 då
1913 2978 349 160 Hansson
2135 2978 286 160 derstä¬-

520 3129 224 140 des
648 3129 384 140 pantsatt
936 3129 256 140 Asks
1064 3129 384 140 persedlar.

645 3176 371 182 Hansson
915 3176 405 182 innehade
1219 3176 236 182 vid
1354 3176 506 182 anhållandet
1759 3176 236 182 Tre
1894 3176 337 182 Kronor
2130 3176 202 182 98
2197 3176 169 182 öre

515 3310 225 177 som
644 3310 225 177 har
772 3310 386 177 bifogas,
1062 3310 386 177 äfvensom
1352 3310 225 177 den
1481 3310 322 177 falska
1706 3310 354 177 nyckel,
1963 3310 225 177 som
2092 3310 322 177 suttit
2285 3310 97 177 i

457 3469 337 132 låset.

664 3492 189 214 På
759 3492 284 214 grund
949 3492 189 214 af
1043 3492 253 214 hvad
1201 3492 347 214 sålunda
1454 3492 473 214 förekommit,
1832 3492 316 214 kommer
2053 3492 253 214 Carl
2179 3492 253 214 August

506 3640 314 181 Hansson
735 3640 200 181 att
849 3640 257 181 denna
1020 3640 200 181 dag
1134 3640 200 181 för
1248 3640 200 181 PKn
1362 3640 399 181 inställas.
1676 3640 342 181 Göteborg
1932 3640 200 181 den
2046 3640 171 181 29
2132 3640 257 181 April
2274 3640 200 181 1880.

4535 213 242 132 No
4615 213 242 132 100.

4523 321 396 126 Wilhelmina
4806 321 141 126 An¬-

4531 431 252 93 dersson
4714 431 160 93 och
4783 431 137 93 Carl

4535 501 243 109 Alfred
4681 501 267 109 Andersson

4531 572 293 125 Sjöstrand.

2752 181 571 201 Trädgårdsmästaren
3241 181 163 201 G.
3323 181 163 201 B.
3404 181 408 201 Strandberg,
3730 181 326 201 anställd
3975 181 190 201 och
4084 181 272 201 boende
4274 181 190 201 hos
4356 181 190 201 Hand¬-

2638 346 278 138 landen
2833 346 167 138 P.
2916 346 222 138 Kobb
3055 346 139 138 å
3110 346 361 138 egendomen
3388 346 333 138 Prospekt
3638 346 222 138 hill
3777 346 139 138 i
3833 346 306 138 Örgryte
4055 346 278 138 Socken
4249 346 194 138 har
4333 346 222 138 Onsda¬-

2641 456 212 169 gen
2762 456 212 169 den
2883 456 182 169 28
2974 456 303 169 dennes
3186 456 333 169 anmält,
3428 456 212 169 att
3550 456 273 169 sagde
3731 456 212 169 dag
3853 456 182 169 på
3943 456 242 169 e.m.
4095 456 273 169 under
4277 456 212 169 det
4368 456 151 169 han

2646 553 389 192 uppehållit
2952 553 195 192 sig
3063 553 195 192 här
3175 553 139 192 i
3230 553 278 192 staden
3425 553 250 192 eller
3592 553 195 192 ock
3703 553 250 192 under
3870 553 195 192 det
3981 553 195 192 han
4092 553 195 192 för
4204 553 167 192 en
4287 553 222 192 kort
4398 553 195 192 stund

2650 673 264 171 legat
2826 673 206 171 och
2943 673 294 171 sofvit
3149 673 147 171 å
3208 673 353 171 Lewgrens
3472 673 235 171 äng,
3619 673 176 171 ur
3707 673 294 171 fickan
3913 673 147 171 i
3972 673 235 171 hans
4119 673 353 171 påhafvde
4354 673 176 171 väst

2636 801 247 146 från
2790 801 278 146 honom
2976 801 463 146 tillgripits
3346 801 216 146 ett
3470 801 648 146 silfvercylinderur
4025 801 216 146 med
4118 801 401 146 vidhängande

2631 892 288 142 kedja
2823 892 192 142 af
2919 892 384 142 messing,
3208 892 481 142 tillsammans
3592 892 288 142 värdt
3784 892 192 142 20
3880 892 352 142 Kronor,
4137 892 256 142 samt
4297 892 224 142 att
4393 892 160 142 han

2647 999 258 188 icke
2808 999 226 188 kan
2937 999 387 188 uppgifva
3228 999 355 188 platsen
3486 999 226 188 der
3615 999 484 188 tillgreppet
4003 999 452 188 föröfvats,
4325 999 194 188 enär

2658 1171 208 125 han
2777 1171 208 125 vid
2896 1171 416 125 tillfället
3223 1171 268 125 varit
3402 1171 178 125 af
3491 1171 297 125 starka
3699 1171 327 125 drycker
3937 1171 357 125 berusad,
4204 1171 208 125 men
4323 1171 208 125 att
4412 1171 149 125 han

2644 1249 288 200 antog
2836 1249 224 200 det
2964 1249 480 200 tillgreppet
3348 1249 288 200 skett
3540 1249 288 200 under
3732 1249 224 200 det
3860 1249 224 200 han
3988 1249 288 200 legat
4180 1249 224 200 och
4276 1249 288 200 sofvit.

2801 1362 292 119 Sedan
2995 1362 714 119 detektivkonstapeln
3612 1362 390 119 Rönnbäck
3905 1362 227 119 den
4034 1362 195 119 29
4132 1362 325 119 dennes
4327 1362 227 119 åter¬-

2645 1469 318 173 funnit
2868 1469 254 173 uret
3026 1469 381 173 pantsatt
3312 1469 222 173 för
3439 1469 159 173 5
3503 1469 318 173 Kronor
3725 1469 222 173 hos
3852 1469 540 173 Pantlånerskan
4297 1469 191 173 J.
4361 1469 222 173 Jons¬-

2644 1569 215 191 son
2767 1569 154 191 i
2829 1569 277 191 huset
3013 1569 184 191 No
3105 1569 154 191 6
3167 1569 215 191 vid
3290 1569 522 191 Eklundsgatan,
3720 1569 215 191 har
3843 1569 184 191 fe
3935 1569 522 191 Artilleristen
4335 1569 184 191 Carl

2654 1676 320 218 Alfred
2878 1676 416 218 Andersson
3198 1676 448 218 Sjöstrand,
3550 1676 320 218 boende
3774 1676 160 218 i
3838 1676 448 218 Handlanden
4158 1676 384 218 Lindqvists

2637 1823 255 202 hus
2782 1823 255 202 vid
2928 1823 473 202 Albogatan
3292 1823 182 202 i
3365 1823 401 202 Annedal
3656 1823 510 202 sistnämnde
4057 1823 255 202 dag
4166 1823 364 202 infunnit

2642 1911 227 232 sig
2771 1911 227 232 hos
2901 1911 552 232 Pantlånerskan
3356 1911 357 232 Jonsson
3616 1911 260 232 och,
3778 1911 227 232 med
3908 1911 455 232 företeende
4266 1911 195 232 af
4331 1911 227 232 pant¬-

2641 2026 340 229 sedeln
2879 2026 170 229 å
2947 2026 306 229 uret,
3151 2026 238 229 som
3287 2026 238 229 han
3423 2026 442 229 förklarat
3763 2026 272 229 vara
3933 2026 306 229 sitt,
4137 2026 340 229 begärt
4341 2026 170 229 att

2626 2170 203 226 få
2728 2170 339 226 utlösa
2965 2170 441 226 detsamma,
3304 2170 373 226 hvarvid
3575 2170 373 226 Jonsson
3846 2170 305 226 sändt
4050 2170 237 226 bud
4185 2170 305 226 efter
4355 2170 169 226 po¬-

2649 2269 369 218 sterande
2926 2269 583 218 Poliskonstapeln
3417 2269 184 218 No
3509 2269 154 218 2
3571 2269 369 218 Ahlberg,
3847 2269 215 218 som
3970 2269 369 218 anhållit
4215 2269 369 218 Sjöstrand.

2800 2400 239 151 Wid
2936 2400 239 151 det
3073 2400 239 151 med
3210 2400 444 151 Sjöstrand
3551 2400 171 151 i
3620 2400 444 151 anledning
3961 2400 307 151 häraf
4132 2400 376 151 anställde

2632 2534 339 193 förhör
2869 2534 237 193 har
3005 2534 237 193 han
3140 2534 474 193 uppgifvit,
3512 2534 237 193 att
3648 2534 271 193 han,
3817 2534 237 193 som
3952 2534 305 193 under
4155 2534 203 193 en
4223 2534 271 193 längre

2641 2645 247 186 tid
2782 2645 318 186 varit
2994 2645 353 186 bekant
3241 2645 247 186 med
3382 2645 600 186 qvinspersonen
3877 2645 494 186 Wilhelmina
4230 2645 318 186 Anders¬-

2642 2766 262 164 son,
2806 2766 327 164 boende
3035 2766 163 164 i
3100 2766 294 164 huset
3296 2766 196 164 No
3394 2766 196 164 19
3492 2766 229 164 vid
3623 2766 589 164 Kapuniergatan,
4081 2766 425 164 sistberörde

2634 2876 228 166 dag
2765 2876 424 166 emottagit
3091 2876 457 166 pantsedeln
3450 2876 196 166 af
3548 2876 424 166 Andersson
3874 2876 228 166 för
4004 2876 228 166 att
4135 2876 326 166 utlösa
4331 2876 228 166 uret,

2630 2986 265 177 samt
2795 2986 231 177 att
2928 2986 265 177 han,
3093 2986 231 177 som
3225 2986 265 177 icke
3391 2986 231 177 egt
3523 2986 298 177 någon
3721 2986 397 177 kännedom
4019 2986 198 177 om
4085 2986 463 177 tillgreppet,

2634 3119 249 179 utan
2789 3119 311 179 trott,
3007 3119 218 179 att
3132 3119 249 179 uret
3287 3119 404 179 tillhörde
3598 3119 435 179 Andersson,
3940 3119 280 179 ansåg
4127 3119 218 179 det
4251 3119 249 179 icke
4376 3119 156 179 va¬-

2630 3272 213 182 ra
2737 3272 320 182 någon
2950 3272 284 182 fara
3128 3272 462 182 uppgifva,
3483 3272 249 182 att
3625 3272 249 182 det
3767 3272 284 182 vore
3944 3272 284 182 hans
4086 3272 178 182 ur.

2779 3363 166 210 I
2845 3363 431 210 anledning
3176 3363 298 210 häraf
3375 3363 232 210 har
3508 3363 729 210 detektivkonstapeln
4137 3363 199 210 E.
4204 3363 364 210 Hellström

2620 3516 239 164 den
2756 3516 205 164 29
2859 3516 341 164 dennes
3098 3516 205 164 på
3200 3516 273 164 e.m.
3371 3516 410 164 anhållit
3678 3516 580 164 qvinspersonen
4122 3516 410 164 Vilhelmina

2621 3619 459 200 Andersson,
2982 3619 360 200 hvilken
3244 3619 229 200 vid
3375 3619 229 200 det
3506 3619 229 200 med
3637 3619 295 200 henne
3833 3619 426 200 anställda
4161 3619 328 200 förhör
4357 3619 197 200 upp¬
