5091 4049
553 224 355 102 som
756 224 507 102 ligger
1111 224 557 102 förtöjd
1516 224 355 102 vid
1719 224 456 102 Norra
1972 224 456 102 Pålver¬-

522 352 361 102 ket
729 352 361 102 har
935 352 619 102 igenkänt
1400 352 774 102 ifrågakomne
1967 352 413 102 tross¬-

530 474 488 96 ändar
855 474 433 96 vara
1126 474 650 96 afskurne
1613 474 433 96 från
1884 474 325 96 en
2047 474 271 96 i
2101 474 271 96 det

538 594 456 96 olåsta
857 594 638 96 lastrummet
1358 594 456 96 ombord
1677 594 228 96 å
1768 594 547 96 galeasen
2133 594 273 96 för¬-

522 708 482 110 varad
844 708 482 110 tross
1165 708 375 110 och
1379 708 642 110 värderat
1861 708 375 110 den
2021 708 375 110 till¬-

530 830 522 108 gripne
895 830 731 108 trossändan
1470 830 418 108 till
1731 830 313 108 20
1836 830 470 108 Kronor.

488 968 327 96 På
651 968 490 96 grund
978 968 327 96 af
1141 968 436 96 hvad
1413 968 599 96 sålunda
1795 968 653 96 förekommit

521 1082 530 112 kommer
892 1082 530 112 Edvard
1263 1082 795 112 Berndtsson,
1898 1082 371 112 att
2057 1082 371 112 denna

519 1194 327 112 dag
706 1194 420 112 inför
986 1194 793 112 Poliskammaren
1639 1194 653 112 inställas.
2105 1194 327 112 Göte¬-

526 1313 385 106 borg
767 1313 337 106 den
959 1313 289 106 16
1104 1313 578 106 Februari
1489 1313 337 106 1880.

157 1414 308 98 No
259 1414 257 98 32.

65 1554 205 77 Johan
202 1554 227 77 Alfred
338 1554 182 77 Carls¬-

38 1646 126 63 son.

606 1431 451 84 Följande
945 1431 451 84 personer
1283 1431 339 84 hafva
1471 1431 339 84 anmält:

541 1523 197 102 1o
640 1523 362 102 Drängen
903 1523 394 102 Johannes
1199 1523 427 102 Börjesson
1527 1523 230 102 och
1659 1523 329 102 Edvard
1889 1523 460 102 Andersson,
2218 1523 164 102 bå¬-

501 1618 209 117 da
606 1618 452 117 anställde
953 1618 243 117 hos
1092 1618 591 117 Hemmansägaren
1579 1618 209 117 C.
1683 1618 209 117 G.
1787 1618 382 117 Jonsson
2065 1618 174 117 å
2100 1618 278 117 gården

521 1720 282 126 Kärra
709 1720 157 126 i
771 1720 407 126 Fässbergs
1085 1720 313 126 Socken
1304 1720 219 126 att
1430 1720 376 126 Fredagen
1712 1720 219 126 den
1837 1720 188 126 30
1931 1720 282 126 sist.
2088 1720 282 126 Januari

501 1814 350 140 tidigt
746 1814 210 140 på
851 1814 420 140 morgonen
1165 1814 175 140 i
1235 1814 210 140 en
1340 1814 315 140 olåst
1550 1814 559 140 drängkammare
1969 1814 385 140 derstädes

520 1926 478 135 tillgripits
903 1926 255 135 från
1062 1926 383 135 Johannes
1349 1926 415 135 Börjesson
1668 1926 191 135 en
1764 1926 415 135 stortröja
2083 1926 191 135 af
2147 1926 223 135 svart

536 2036 254 133 slät
695 2036 318 133 doffel
917 2036 222 133 med
1044 2036 413 133 ljusblått
1362 2036 572 133 halfyllefoder,
1838 2036 254 133 värd
1997 2036 191 133 20
2060 2036 286 133 Kronor,

524 2146 221 128 ett
651 2146 221 128 par
777 2146 285 128 byxor
967 2146 221 128 och
1094 2146 253 128 väst
1252 2146 190 128 af
1347 2146 285 128 svart
1536 2146 221 128 och
1663 2146 411 128 grårutigt
1979 2146 316 128 kläde,
2169 2146 221 128 värde

518 2269 202 116 10
619 2269 336 116 Kronor
854 2269 235 116 och
989 2269 202 116 en
1089 2269 302 116 svart
1291 2269 269 116 hvit
1459 2269 235 116 och
1593 2269 437 116 gulrandig
1896 2269 470 116 yllehalsduk,

510 2377 270 115 värd
679 2377 202 115 En
780 2377 303 115 Krona
982 2377 270 115 samt
1151 2377 270 115 från
1319 2377 337 115 Edvard
1555 2377 438 115 Andersson
1892 2377 236 115 ett
2027 2377 236 115 par
2128 2377 236 115 byxor

518 2481 225 113 och
647 2481 258 113 väst
808 2481 193 113 af
904 2481 290 113 grått
1097 2481 515 113 halfylletyg,
1516 2481 290 113 värde
1709 2481 225 113 Tre
1838 2481 354 113 Kronor;
2063 2481 193 113 samt

508 2573 195 131 2o
605 2573 422 131 Drängarne
929 2573 260 131 Sven
1092 2573 357 131 Jonsson
1351 2573 227 131 och
1481 2573 422 131 Christian
1806 2573 389 131 Jonsson,
2098 2573 260 131 båda
2228 2573 162 131 an¬-

519 2675 362 135 ställde
782 2675 230 135 hos
914 2675 428 135 Hyrkusken
1243 2675 197 135 C.
1341 2675 197 135 M.
1440 2675 461 135 Andersson,
1802 2675 329 135 boende
2032 2675 164 135 i
2098 2675 296 135 huset
2262 2675 132 135 No

516 2798 181 120 39
606 2798 211 120 och
727 2798 181 120 40
818 2798 211 120 vid
939 2798 302 120 Första
1150 2798 423 120 Långgatan,
1482 2798 211 120 att
1603 2798 211 120 den
1724 2798 181 120 11
1814 2798 302 120 dennes
2026 2798 151 120 i
2086 2798 181 120 en
2147 2798 211 120 olåst

506 2908 571 120 drängkammare
970 2908 178 120 i
1042 2908 500 120 sistnämnde
1434 2908 250 120 hus
1577 2908 535 120 tillgripits
2005 2908 285 120 från
2148 2908 214 120 Sven

498 3020 348 136 Jonsson
751 3020 221 136 ett
878 3020 284 136 ankar
1067 3020 442 136 Breguét-ur
1415 3020 190 136 af
1509 3020 348 136 silfver
1762 3020 284 136 värdt
1952 3020 190 136 40
2046 3020 316 136 kronor
2236 3020 158 136 och

514 3126 257 134 från
674 3126 417 134 Christian
995 3126 353 134 Jonsson
1252 3126 224 134 ett
1380 3126 449 134 cylinderur
1733 3126 192 134 af
1829 3126 353 134 silfver
2085 3126 224 134 med
2182 3126 192 134 vid¬-

512 3234 408 132 hängande
818 3234 611 132 messingskedja,
1327 3234 306 132 värdt
1531 3234 204 132 12
1633 3234 374 132 Kronor,
1904 3234 272 132 samt
2074 3234 238 132 att
2210 3234 204 132 de

501 3342 234 140 för
634 3342 301 140 detta
835 3342 435 140 tillgrepp
1170 3342 468 140 misstänkte
1538 3342 502 140 Droskkusken
1939 3342 301 140 Johan
2106 3342 268 140 Alfred

513 3457 433 136 Carlsson,
846 3457 366 136 hvilken
1112 3457 233 136 vid
1245 3457 300 136 samma
1445 3457 266 136 tid,
1612 3457 233 136 som
1745 3457 500 136 tillgreppet
2112 3457 266 136 föröf¬-

517 3583 298 114 vats,
716 3583 298 114 varit
915 3583 331 114 synlig
1147 3583 365 114 utanför
1412 3583 464 114 Anderssons
1743 3583 663 114 hyrkuskinrättning.

602 3684 273 118 Sedan
784 3684 364 118 Johannes
1056 3684 424 118 Börjessons
1390 3684 394 118 stortröja
1693 3684 212 118 och
1814 3684 243 118 väst
1936 3684 424 118 förstberörde

2663 226 242 120 dag
2802 226 519 120 återfunnits
3217 226 381 120 pantade
3494 226 242 120 för
3632 226 277 120 Tolf
3805 226 346 120 Kronor
4047 226 242 120 hos
4151 226 415 120 Pantlåner¬-

2687 334 266 138 skan
2853 334 399 138 Josefina
3153 334 366 138 Jonsson
3419 334 166 138 i
3485 334 299 138 huset
3685 334 200 138 No
3785 334 166 138 6
3851 334 233 138 vid
3984 334 532 138 Eklundsgatan
4384 334 166 138 och

2647 440 425 146 Christian
2974 440 392 146 Jonssons
3268 440 458 146 cylinderur
3628 440 229 146 den
3758 440 196 146 11
3856 440 327 146 dennes
4085 440 392 146 pantsatt
4347 440 163 146 för

2670 571 212 117 Sju
2791 571 303 117 Kronor
3003 571 212 117 hos
3125 571 455 117 Pantlånaren
3489 571 182 117 C.
3580 571 182 117 H.
3670 571 243 117 Berg
3822 571 152 117 i
3883 571 273 117 huset
4065 571 182 117 No
4156 571 182 117 57
4247 571 212 117 vid
4338 571 212 117 Sill¬-

2677 665 327 133 gatan,
2906 665 229 133 har
3037 665 719 133 detektivkonstapeln
3658 665 196 133 C.
3756 665 196 133 V.
3854 665 458 133 Söderqvist
4213 665 229 133 den
4344 665 196 133 14
4409 665 131 133 ds

2659 772 425 142 anhållit
2977 772 531 142 ofvannämnde
3402 772 319 142 Johan
3615 772 354 142 Alfred
3863 772 461 142 Carlsson,
4217 772 354 142 boende
4430 772 106 142 i

2677 878 299 146 huset
2876 878 199 146 No
2975 878 199 146 39
3075 878 232 146 vid
3208 878 498 146 Vestergatan
3606 878 166 146 i
3672 878 365 146 Annedal
3938 878 232 146 och
4071 878 232 146 har
4170 878 332 146 Carlsson

2680 992 240 138 vid
2817 992 240 138 det
2954 992 240 138 med
3091 992 309 138 honom
3297 992 446 138 anställde
3640 992 343 138 förhör
3880 992 412 138 förnekat
4189 992 240 138 all
4292 992 274 138 känne¬-

2673 1122 275 128 dom
2830 1122 236 128 om
2948 1122 590 128 ifrågakomne
3381 1122 551 128 tillgreppen.

2803 1243 449 103 Följande
3139 1243 449 103 personer
3476 1243 337 103 hafva
3663 1243 337 103 upplyst

2687 1341 197 109 1o
2786 1341 557 109 Pantlånerskan
3244 1341 393 109 Josefina
3539 1341 393 109 Jonsson:
3834 1341 229 109 att
3965 1341 426 109 Carlsson,
4259 1341 295 109 hvilken

2673 1448 259 118 hon
2821 1448 259 118 med
2969 1448 443 118 säkerhet
3301 1448 554 118 igenkänner,
3744 1448 259 118 den
3892 1448 222 118 30
4003 1448 332 118 sist.
4188 1448 332 118 Januari

2671 1548 230 134 hos
2803 1548 296 134 henne
3000 1548 329 134 belånt
3230 1548 230 134 för
3361 1548 197 134 12
3460 1548 329 134 Kronor
3690 1548 493 134 ifrågakomne
4084 1548 427 134 stortröja
4380 1548 164 134 och

2673 1658 320 138 väst,
2886 1658 391 138 hvarvid
3170 1658 249 138 han
3312 1658 249 138 för
3454 1658 320 138 henne
3667 1658 462 138 uppgifvit
4022 1658 249 138 att
4164 1658 249 138 han
4270 1658 284 138 skulle

2690 1776 417 129 använda
2994 1776 228 129 de
3108 1776 455 129 erhållne
3449 1776 569 129 penningarne
3905 1776 304 129 till
4056 1776 266 129 hyra;

2684 1876 205 143 2o
2786 1876 512 143 Pantlånaren
3196 1876 205 143 C.
3299 1876 205 143 H.
3401 1876 307 143 Berg,
3606 1876 239 143 att
3743 1876 410 143 Carlsson
4050 1876 239 143 den
4186 1876 205 143 11
4255 1876 273 143 dennes

2691 1994 278 146 inne
2865 1994 174 146 å
2935 1994 313 146 Bergs
3144 1994 626 146 pantlånekontor
3665 1994 244 146 för
3805 1994 174 146 7
3874 1994 348 146 Kronor
4118 1994 348 146 belånt
4326 1994 244 146 Chri¬-

2694 2104 302 144 stian
2896 2104 403 144 Jonssons
3198 2104 503 144 cylinderur,
3601 2104 369 144 hvarvid
3869 2104 269 144 Berg
4037 2104 403 144 löstagit
4305 2104 269 144 kedjan

2682 2244 285 104 från
2860 2244 285 104 uret
3038 2244 249 104 och
3181 2244 356 104 lemnat
3430 2244 249 104 den
3572 2244 285 104 till
3715 2244 391 104 Carlsson.

2753 2354 211 136 På
2858 2354 317 136 grund
3070 2354 211 136 af
3175 2354 282 136 hvad
3351 2354 387 136 sålunda
3633 2354 528 136 förekommit,
4055 2354 352 136 kommer
4302 2354 317 136 Johan

2672 2482 364 124 Alfred
2927 2482 437 124 Carlsson
3254 2482 255 124 att
3400 2482 328 124 denna
3618 2482 255 124 dag
3764 2482 255 124 för
3910 2482 255 124 PKn
4019 2482 437 124 inställas.

3072 2595 462 96 Göteborg
3419 2595 270 96 den
3573 2595 231 96 18
3689 2595 462 96 Februari
3997 2595 270 96 1880.

4545 2656 306 79 No
4647 2656 255 79 33.

4534 2788 231 59 Fritz
4688 2788 256 59 Victor
4842 2788 128 59 An¬-

4549 2866 255 68 dersson
4734 2866 162 68 och
4804 2866 162 68 Johan

4547 2946 288 75 Rudolf
4720 2946 288 75 Malmgren

2802 2715 324 128 Sedan
3018 2715 865 128 detektivkonstaplarne
3775 2715 433 128 Rönnbeck
4100 2715 252 128 och
4208 2715 288 128 Andrén

2718 2827 358 126 Lördagen
2987 2827 209 126 den
3106 2827 179 126 14
3195 2827 298 126 dennes
3404 2827 209 126 vid
3524 2827 268 126 besök
3703 2827 209 126 hos
3822 2827 447 126 Pantlånaren
4180 2827 179 126 J.
4240 2827 268 126 Olsson,

2702 2936 240 130 som
2839 2936 240 130 har
2976 2936 616 130 Pantlånekontor
3489 2936 171 130 i
3558 2936 308 130 huset
3763 2936 205 130 No
3866 2936 205 130 13
3968 2936 240 130 vid
4105 2936 274 130 Öfra
4242 2936 274 130 Husar¬-

2685 3038 298 144 gatan
2884 3038 199 144 af
2983 3038 298 144 denne
3182 3038 398 144 erhållit
3481 3038 497 144 upplysning,
3879 3038 232 144 att
4011 3038 232 144 vid
4144 3038 298 144 olika
4310 3038 232 144 till¬-

2687 3150 393 146 fällen
2962 3150 354 146 samma
3197 3150 354 146 vecka
3433 3150 275 146 hos
3590 3150 354 146 honom
3826 3150 471 146 belånats
4180 3150 275 146 två
4298 3150 196 146 nya

2713 3262 752 136 fruntimmerspaletåer
3368 3262 196 136 af
3466 3262 196 136 en
3564 3262 229 136 för
3695 3262 327 136 Olsson
3924 3262 294 136 okänd
4120 3262 393 136 yngling,
4382 3262 196 136 haf¬-

2700 3374 206 138 va
2803 3374 378 138 bemälde
3078 3374 516 138 konstaplar,
3490 3374 172 138 i
3559 3374 412 138 förmodan
3868 3374 241 138 att
4006 3374 378 138 berörde
4246 3374 344 138 paletåer

2700 3503 409 116 möjligen
3007 3503 273 116 voro
3177 3503 375 116 stulna,
3450 3503 375 116 utvisat
3722 3503 239 116 dem
3858 3503 239 116 för
3995 3503 477 116 åtskillige
4335 3503 239 116 Hand¬-

2700 3601 339 114 lande,
2937 3601 373 114 hvarvid
3208 3601 576 114 handelsfirman
3683 3601 441 114 Jakobsson
4022 3601 237 114 och
4123 3601 407 114 Andersson,

2711 3702 245 112 som
2851 3702 245 112 har
2991 3702 245 112 sin
3131 3702 315 112 butik
3341 3702 175 112 i
3411 3702 315 112 huset
3621 3702 210 112 No
3725 3702 210 112 50
3830 3702 245 112 vid
3970 3702 315 112 Östra
4145 3702 385 112 Hamngatan
