5074 4094
164 185 226 82 No
240 185 188 82 24.

145 317 211 74 Hilda
262 317 234 74 Josefina

130 403 226 68 Johansson.

610 217 410 84 Följande
917 217 410 84 personer
1224 217 307 84 hafva
1395 217 307 84 anmält:

520 320 191 97 1o
616 320 541 97 Handelsfirman
1061 320 255 97 Axel
1220 320 382 97 Gillblad
1507 320 159 97 &
1571 320 223 97 Co,
1698 320 223 97 som
1825 320 223 97 har
1953 320 286 97 butik
2144 320 159 97 i
2207 320 286 97 huset

478 429 183 109 No
569 429 183 109 18
660 429 213 109 vid
782 429 427 109 Korsgatan,
1118 429 213 109 att
1239 429 366 109 Lördagen
1514 429 213 109 den
1636 429 152 109 6
1697 429 274 109 sistl
1879 429 366 109 December
2154 429 213 109 ett
2245 429 183 109 obe¬-

496 551 272 101 kant
666 551 476 101 fruntimmen
1040 551 408 101 inkommit
1346 551 170 101 i
1414 551 374 101 butiken
1686 551 238 101 och
1822 551 238 101 med
1958 551 408 101 hälsning
2230 551 204 101 från

490 661 538 115 Grosshandlaren
939 661 179 115 O.
1028 661 389 115 Wadström,
1327 661 299 115 boende
1537 661 150 115 i
1597 661 269 115 huset
1776 661 269 115 Litt.
1956 661 179 115 M.
2045 661 179 115 N.
2135 661 209 115 vid
2225 661 209 115 Gete¬-

497 772 441 117 bergsängen,
849 772 206 117 hos
967 772 323 117 hvilken
1202 772 206 117 hon
1319 772 382 117 uppgifvit
1613 772 206 117 sig
1731 772 235 117 vara
1878 772 382 117 anställd,
2142 772 294 117 anhållit

486 888 236 119 att
621 888 236 119 för
756 888 337 119 fröken
992 888 337 119 Thekla
1228 888 438 119 Wadströms
1565 888 371 119 räkning
1835 888 202 119 få
1936 888 270 119 till
2071 888 337 119 påseende

496 1006 357 117 afhemta
755 1006 194 117 en
852 1006 357 117 paletå,
1111 1006 227 117 tre
1241 1006 357 117 stycken
1500 1006 454 117 bajaderer,
1857 1006 227 117 och
1987 1006 259 117 fyra
2116 1006 292 117 stycken

503 1118 627 113 sidenhalsdukar,
1031 1118 231 113 att
1163 1118 264 113 till
1328 1118 363 113 bemälde
1592 1118 495 113 fruntimmer,
1988 1118 396 113 hvilkens
2252 1118 198 113 upp¬-

481 1226 331 127 gifter
712 1226 231 127 man
845 1226 198 127 ej
944 1226 463 127 betviflat,
1307 1226 264 127 från
1473 1226 364 127 butiken
1737 1226 430 127 utlemnats
2067 1226 198 127 en
2134 1226 264 127 paletå

483 1348 209 123 af
588 1348 348 123 mörgrå
832 1348 348 123 velur,
1075 1348 418 123 garnerad
1389 1348 244 123 vid
1528 1348 418 123 fickorna
1842 1348 244 123 med
1981 1348 348 123 swarta
2190 1348 244 123 ylle¬-

487 1456 263 131 band
651 1456 230 131 och
783 1456 361 131 sammet,
1045 1456 263 131 värd
1209 1456 197 131 35
1308 1456 361 131 Kronor,
1570 1456 230 131 tre
1702 1456 460 131 bajaderer,
2063 1456 295 131 deraf
2227 1456 131 131 en

484 1576 258 130 hvit
645 1576 226 130 med
774 1576 226 130 röd
903 1576 290 130 bård,
1097 1576 194 130 en
1194 1576 258 130 hvit
1355 1576 226 130 med
1484 1576 226 130 blå
1613 1576 258 130 bård
1775 1576 226 130 och
1904 1576 355 130 spetsar
2162 1576 226 130 och
2259 1576 129 130 en

489 1690 339 130 gulbrun
736 1690 216 130 med
859 1690 369 130 fransar,
1136 1690 277 130 värda
1320 1690 216 130 Tre
1444 1690 216 130 Kr.
1567 1690 369 130 stycket,
1844 1690 185 130 en
1936 1690 339 130 ljusgrå
2152 1690 246 130 siden¬-

494 1799 354 133 halsduk
751 1799 225 133 med
880 1799 418 133 kulfrans,
1201 1799 257 133 värd
1362 1799 161 133 4
1426 1799 321 133 Kronor
1651 1799 193 133 25
1747 1799 257 133 öre,
1908 1799 193 133 en
2004 1799 225 133 blå
2101 1799 289 133 halfsi¬-

493 1905 490 135 denhalsduk,
885 1905 261 135 värd
1048 1905 229 135 Tre
1179 1905 326 135 Kronor
1407 1905 196 135 50
1505 1905 261 135 öre,
1669 1905 196 135 en
1766 1905 261 135 brun
1897 1905 457 135 sidenhalsduk

499 2018 251 139 värd
656 2018 220 139 Tre
781 2018 314 139 Kronor
1002 2018 220 139 och
1127 2018 189 139 en
1222 2018 503 139 sidenhalsduk
1630 2018 220 139 med
1756 2018 251 139 s.k.
1913 2018 440 139 gräsfrans,
2227 2018 189 139 värd

482 2137 210 132 Tre
602 2137 330 132 kronor;
842 2137 210 132 att
962 2137 180 132 då
1051 2137 270 132 dagen
1231 2137 360 132 derefter
1501 2137 450 132 efterfrågan
1861 2137 330 132 gjordes
2100 2137 210 132 hos
2190 2137 210 132 Hand¬-

492 2245 305 134 laren
695 2245 441 134 Wadström,
1034 2245 237 134 det
1170 2245 474 134 befunnits,
1543 2245 237 134 att
1678 2245 305 134 något
1882 2245 474 134 fruntimmer
2221 2245 169 134 al¬-

483 2354 263 143 drig
648 2354 362 143 blifvit
911 2354 263 143 sänd
1075 2354 263 143 till
1240 2354 362 143 butiken
1503 2354 164 143 i
1569 2354 493 143 ifrågakomne
1963 2354 395 143 uppdrag,
2227 2354 197 143 samt

477 2476 216 146 att
601 2476 216 146 det
724 2476 371 146 obekanta
1002 2476 432 146 fruntimret
1342 2476 371 146 derefter
1620 2476 185 146 ej
1712 2476 278 146 låtit
1897 2476 216 146 sif
1990 2476 278 146 afhöra.

459 2578 207 152 2o
563 2578 657 152 Modehandlerskan
1116 2578 311 152 Maria
1323 2578 484 152 Jakobsson,
1704 2578 242 152 som
1842 2578 242 152 har
1980 2578 311 152 butik
2188 2578 173 152 i
2222 2578 242 152 huset

475 2712 184 129 No
567 2712 184 129 53
659 2712 214 129 vid
782 2712 460 129 Kungsgatan:
1149 2712 214 129 att
1272 2712 490 129 förutberörde
1670 2712 214 129 dag
1793 2712 214 129 ett
1915 2712 337 129 obekant
2130 2712 306 129 fruntim¬-

476 2836 242 143 mer
614 2836 414 143 inkommit
924 2836 173 143 i
993 2836 345 143 hennes
1235 2836 311 143 butik
1442 2836 242 143 och
1580 2836 311 143 under
1787 2836 414 143 enahanda
2063 2836 380 143 uppgifter

440 2950 221 149 som
567 2950 221 149 här
693 2950 285 149 ofvan
883 2950 221 149 äro
1010 2950 348 149 nämnde,
1263 2950 316 149 begärt
1484 2950 221 149 att
1611 2950 253 149 till
1769 2950 380 149 påseende
2054 2950 190 149 få
2117 2950 285 149 afhemta

443 3063 231 146 två
575 3063 231 146 st.
707 3063 462 146 hattplymer
1070 3063 231 146 med
1202 3063 297 146 löfte
1400 3063 231 146 att
1531 3063 363 146 sednare
1795 3063 198 146 på
1894 3063 297 146 dagen
2092 3063 297 146 lämna
2257 3063 165 146 be¬-

443 3175 284 140 sked
620 3175 213 140 om
726 3175 248 140 köp
868 3175 319 140 komme
1081 3175 284 140 till
1259 3175 355 140 stånd;
1507 3175 248 140 att
1649 3175 284 140 till
1826 3175 497 140 fruntimret
2181 3175 213 140 lem¬-

449 3291 250 126 nats
605 3291 188 126 en
699 3291 282 126 svart
887 3291 282 126 plym,
1075 3291 250 126 värd
1231 3291 156 126 3
1294 3291 313 126 kronor
1513 3291 188 126 50
1606 3291 219 126 öre
1732 3291 219 126 och
1857 3291 188 126 en
1951 3291 219 126 grå
2076 3291 282 126 plym,
2232 3291 188 126 värd

446 3399 151 122 6
506 3399 333 122 Kronor,
749 3399 242 122 samt
900 3399 212 122 att
1021 3399 182 122 då
1112 3399 424 122 fruntimret
1445 3399 182 122 ej
1536 3399 303 122 vidare
1748 3399 394 122 afhördes,
2020 3399 394 122 förfrågnin¬-

465 3506 219 128 gar
590 3506 345 128 blifvit
841 3506 345 128 gjorda,
1092 3506 345 128 hvarvid
1342 3506 439 128 upptäckts,
1687 3506 219 128 att
1812 3506 407 128 bedrägeri
2126 3506 219 128 egt
2220 3506 188 128 rum.

449 3607 198 123 3o
548 3607 694 123 Skomakaremästeren
1143 3607 198 123 A.
1242 3607 661 123 Engelbrecktsson,
1803 3607 330 123 boende
2035 3607 165 123 i
2101 3607 297 123 huset
2266 3607 132 123 No

450 3739 212 91 144
571 3739 272 91 Litt.
752 3739 151 91 B
812 3739 181 91 af
903 3739 363 91 Majornas
1175 3739 242 91 3dje
1326 3739 272 91 rote,
1507 3739 212 91 att
1628 3739 363 91 tisdagen
1900 3739 212 91 den
2021 3739 181 91 20
2082 3739 332 91 sistlidne

2721 284 384 140 Januari
3001 284 245 140 ett
3140 284 384 140 obekant
3420 284 489 140 fruntimmer
3804 284 419 140 infunnit
4119 284 245 140 sig
4259 284 245 140 hos
4363 284 245 140 honom

2720 388 196 156 och
2832 388 337 156 beställt
3085 388 196 156 ett
3197 388 196 156 par
3309 388 449 156 skinnkänger,
3674 388 196 156 som
3786 388 281 156 skulle
3983 388 253 156 kosta
4151 388 168 156 10
4235 388 281 156 kronor
4432 388 168 156 50
4488 388 168 156 öre,

2725 498 244 166 och
2865 498 419 166 kängerna
3179 498 244 166 den
3318 498 209 166 24
3423 498 174 166 i
3493 498 314 166 samma
3702 498 314 166 månad
3911 498 454 166 afhemtats
4260 498 209 166 af
4330 498 244 166 samma

2715 614 500 172 fruntimmer,
3115 614 233 172 som
3248 614 200 172 då
3348 614 333 172 uppgaf
3581 614 233 172 sig
3714 614 267 172 vara
3881 614 333 172 boende
4114 614 167 172 i
4181 614 300 172 huset
4381 614 200 172 No
4447 614 167 172 120

2717 732 186 178 af
2810 732 372 178 Majornas
3089 732 248 178 3dje
3245 732 248 178 rote
3400 732 217 178 och
3524 732 248 178 heta
3679 732 310 178 Thekla
3896 732 434 178 Johansson,
4238 732 248 178 samt
4393 732 217 178 att
4486 732 124 178 då

2706 834 227 194 han
2835 834 292 194 samma
3030 834 227 194 dag
3159 834 324 194 skulle
3386 834 356 194 uppsöka
3645 834 227 194 den
3775 834 421 194 föregifna
4099 834 324 194 Thekla
4294 834 356 194 Johansson

2723 952 153 188 i
2785 952 305 188 hennes
2998 952 336 188 bostad,
3243 952 214 188 det
3365 952 367 188 befanns,
3640 952 214 188 att
3762 952 214 188 der
3884 952 336 188 hvarken
4129 952 275 188 bodde
4312 952 275 188 eller
4465 952 183 188 bott

2716 1096 303 172 någon
2918 1096 337 172 person
3154 1096 236 172 med
3289 1096 337 172 namnet
3524 1096 337 172 Thekla
3726 1096 404 172 Johansson.

2727 1202 196 174 4o
2825 1202 424 174 Juvelaren
3152 1202 196 174 F.
3249 1202 294 174 Holm,
3445 1202 228 174 som
3576 1202 228 174 har
3706 1202 228 174 sin
3837 1202 294 174 butik
4033 1202 163 174 i
4098 1202 294 174 huset
4294 1202 196 174 No
4392 1202 196 174 35
4457 1202 163 174 vid

2726 1306 285 182 Östra
2916 1306 443 182 Hamngatan,
3265 1306 222 182 att
3391 1306 380 182 onsdagen
3676 1306 222 182 den
3803 1306 190 182 28
3898 1306 285 182 sistl
4088 1306 348 182 Januari
4341 1306 222 182 ett
4436 1306 190 182 obe¬-

2699 1424 280 184 kant
2874 1424 491 184 fruntimmer
3260 1424 420 184 inkommit
3575 1424 175 184 i
3645 1424 280 184 hans
3820 1424 315 184 butik
4030 1424 245 184 och
4171 1424 245 184 med
4276 1424 350 184 hälsning

2702 1530 243 206 från
2853 1530 303 206 fröken
3065 1530 546 206 Silfverskiöld,
3520 1530 303 206 boende
3732 1530 152 206 i
3793 1530 273 206 huset
3975 1530 182 206 No
4066 1530 182 206 11
4157 1530 212 206 vid
4248 1530 394 206 Kungsports¬-

2697 1660 375 202 awenuen,
2978 1660 312 202 begärt
3197 1660 219 202 att
3322 1660 219 202 för
3447 1660 312 202 hennes
3665 1660 344 202 räkning
3915 1660 187 202 få
4009 1660 250 202 till
4165 1660 375 202 påseende
4415 1660 219 202 hemta

2703 1768 215 205 tre
2826 1768 215 205 st.
2949 1768 429 205 guldringar
3286 1768 215 205 med
3408 1768 337 205 stenar;
3654 1768 215 205 att
3776 1768 215 205 han
3899 1768 307 205 derför
4114 1768 245 205 till
4236 1768 368 205 fruntimret

2700 1878 361 197 utlemnat
2971 1878 181 197 en
3061 1878 361 197 guldring
3332 1878 211 197 med
3452 1878 241 197 mörk
3603 1878 271 197 sten,
3783 1878 241 197 värd
3934 1878 181 197 28
4024 1878 331 197 kronor,
4265 1878 181 197 en
4325 1878 301 197 guldring

2704 1979 212 218 med
2825 1979 151 218 4
2885 1979 212 218 blå
3006 1979 302 218 stenar
3218 1979 212 218 och
3338 1979 181 218 en
3429 1979 212 218 blå
3550 1979 272 218 perla
3731 1979 151 218 i
3792 1979 332 218 midten,
4034 1979 242 218 värd
4185 1979 181 218 16
4275 1979 302 218 kronor
4457 1979 181 218 samt

2708 2102 178 206 en
2797 2102 357 206 guldring
3065 2102 149 206 i
3124 2102 238 206 form
3273 2102 178 206 af
3362 2102 178 206 en
3451 2102 267 206 hand,
3629 2102 238 206 värd
3778 2102 178 206 16
3867 2102 297 206 kronor
4075 2102 238 206 samt
4224 2102 208 206 att
4313 2102 297 206 sederme¬-

2686 2224 182 194 ra
2777 2224 425 194 upplysning
3111 2224 364 194 erhållit
3384 2224 212 194 att
3505 2224 182 194 de
3596 2224 395 194 uppgjorde
3900 2224 455 194 uppgifterna
4264 2224 273 194 varit
4416 2224 182 194 fal¬-

2679 2428 248 83 ska;
2803 2428 155 83 och

2699 2440 176 167 5o
2787 2440 500 167 Handelsfirman
3199 2440 176 167 G.
3287 2440 147 167 &
3346 2440 176 167 H.
3434 2440 441 167 Hasselblad,
3787 2440 206 167 som
3904 2440 206 167 har
4022 2440 265 167 butik
4198 2440 147 167 i
4257 2440 265 167 huset
4434 2440 176 167 No
4492 2440 118 167 46

2685 2546 219 180 vid
2810 2546 282 180 Östra
2998 2546 439 180 Hamngatan,
3343 2546 219 180 att
3468 2546 219 180 den
3593 2546 157 180 4
3656 2546 313 180 dennes
3875 2546 219 180 ett
4001 2546 345 180 obekant
4220 2546 376 180 fruntimmer

2688 2648 291 186 under
2882 2648 388 186 enahanda
3173 2648 453 186 uppgifter,
3529 2648 226 186 som
3658 2648 226 186 hos
3788 2648 485 186 Juveleraren
4176 2648 259 186 Holm
4305 2648 259 186 begärt

2694 2763 211 177 och
2814 2763 361 177 erhållit
3085 2763 241 177 till
3236 2763 361 177 påseende
3507 2763 181 177 en
3597 2763 361 177 resväska
3868 2763 181 177 af
3958 2763 271 177 svart
4139 2763 301 177 skinn,
4349 2763 241 177 värd
4470 2763 90 177 9

2688 2869 355 171 Kronor,
2946 2869 322 171 hvilka
3171 2869 419 171 uppgifter
3494 2869 290 171 sedan
3687 2869 419 171 befunnits
4010 2869 258 171 vara
4139 2869 419 171 uppdiktade.

2870 2973 158 162 I
2934 2973 410 162 anledning
3249 2973 284 162 häraf
3438 2973 284 162 hafva
3628 2973 757 162 detektivkonstaplarne
4290 2973 189 162 E.
4353 2973 221 162 Hell¬-

2673 3090 259 172 ström
2846 3090 202 172 och
2961 3090 173 172 J.
3048 3090 259 172 Bolin
3220 3090 202 172 den
3336 3090 144 172 5
3393 3090 288 172 dennes
3595 3090 202 172 för
3710 3090 259 172 dessa
3883 3090 432 172 bedrägerier
4228 3090 346 172 anhållit
4459 3090 115 172 o¬-

2687 3192 260 194 gifta
2860 3192 260 194 Hilda
3033 3192 346 194 Josefina
3293 3192 375 194 Johansson
3581 3192 231 194 från
3726 3192 288 194 Borås,
3928 3192 317 194 hvilken
4158 3192 202 194 vid
4245 3192 375 194 anhållandet

2649 3302 341 188 befanns
2897 3302 403 188 innehafva
3207 3302 403 188 Gillblads
3517 3302 310 188 paletå
3734 3302 217 188 och
3858 3302 217 188 den
3982 3302 279 188 hvita
4168 3302 403 188 bajaderen
4447 3302 155 188 med

2671 3432 200 162 röd
2786 3432 257 162 bård,
2957 3432 400 162 Jakobssons
3271 3432 286 162 svarta
3471 3432 257 162 plym,
3643 3432 543 162 Engelbrektssons
4100 3432 286 162 känger
4300 3432 200 162 och
4385 3432 229 162 firman

2657 3584 184 106 G.
2749 3584 154 106 &
2811 3584 154 106 H
2872 3584 461 106 Hasselblads
3210 3584 338 106 resväska.

2866 3683 210 104 Vid
2986 3683 210 104 det
3106 3683 210 104 med
3226 3683 270 104 Hilda
3407 3683 360 104 Josefina
3677 3683 390 104 Johansson
3977 3683 390 104 anställda
4278 3683 300 104 förhör
4458 3683 150 104 har

2659 3778 200 109 hon
2774 3778 400 109 uppgifvit,
3088 3778 200 109 att
3202 3778 229 109 hon,
3345 3778 200 109 som
3459 3778 171 109 är
3545 3778 229 109 född
3688 3778 200 109 den
3802 3778 171 109 21
3888 3778 343 109 Februari
4145 3778 229 109 1861
4288 3778 200 109 och
4373 3778 229 109 dotter
