4932 4056
509 194 258 192 gen
657 194 258 192 den
804 194 221 192 26
915 194 221 192 ds
1025 194 258 192 kl.
1173 194 258 192 1/2
1320 194 184 192 9
1394 194 221 192 på
1504 194 442 192 aftonen,
1836 194 442 192 anhållit
2131 194 184 192 för

477 325 401 160 första
758 325 361 160 resan
999 325 361 160 stöld
1239 325 522 160 straffade
1641 325 642 160 Timmermannen
2122 325 281 160 Johan

466 411 369 168 Adolf
712 411 534 168 Carlsson,
1123 411 410 168 boende
1410 411 205 168 i
1492 411 369 168 huset
1738 411 246 168 No
1861 411 287 168 107
2026 411 205 168 i
2108 411 246 168 Ms
2190 411 246 168 3dje

484 514 350 168 rote,
718 514 273 168 för
873 514 273 168 det
1029 514 273 168 han
1185 514 350 168 sagde
1419 514 312 168 dag,
1613 514 273 168 kl.
1769 514 195 168 5
1847 514 234 168 e.
1964 514 273 168 m.,
2119 514 234 168 då
2197 514 195 168 han

500 605 505 135 innevarit
889 605 194 135 i
966 605 544 135 Silvanders
1394 605 389 135 bostad
1666 605 505 135 olofligen
2015 605 389 135 tillgri¬-

473 702 299 168 pit
644 702 256 168 en
772 702 213 168 å
857 702 427 168 väggen
1156 702 555 168 derstädes
1582 702 512 168 upphängd
1924 702 469 168 stortröja

485 801 256 206 af
613 801 384 206 blått
869 801 427 206 kläde,
1168 801 341 206 värd
1382 801 256 206 12
1467 801 384 206 kronor.

618 887 471 186 Carlsson,
980 887 398 186 hvilken
1270 887 253 186 vid
1414 887 543 186 anhållandet
1849 887 435 186 innehade
2139 887 253 186 bland

465 995 338 154 annat
691 995 188 154 2
766 995 376 154 Kronor
1030 995 226 154 85
1142 995 263 154 öre
1293 995 263 154 och
1443 995 226 154 en
1556 995 489 154 pantsedel
1932 995 188 154 å
1970 995 451 154 ifrågakom¬-

470 1094 300 138 ne,
642 1094 472 138 hvilken
985 1094 300 138 den
1156 1094 257 138 26
1285 1094 257 138 ds
1414 1094 300 138 med
1585 1094 214 138 5
1671 1094 257 138 Kr
1800 1094 515 138 belånats
2143 1094 214 138 hos

459 1234 649 128 pantlånaren
978 1234 260 128 P.
1108 1234 260 128 M.
1238 1234 563 128 Lindström
1671 1234 216 128 i
1757 1234 390 128 huset
2017 1234 260 128 No
2147 1234 260 128 43
2233 1234 130 128 i

459 1295 270 150 Ms
594 1295 225 150 2
684 1295 404 150 rote,
953 1295 314 150 har
1133 1295 314 150 vid
1313 1295 314 150 det
1492 1295 314 150 med
1672 1295 404 150 honom
1942 1295 225 150 i
1987 1295 359 150 anled¬-

446 1405 268 181 ning
613 1405 301 181 häraf
814 1405 435 181 anställde
1149 1405 335 181 förhör
1383 1405 368 181 erkänt,
1651 1405 234 181 att
1785 1405 268 181 han,
1952 1405 234 181 som
2053 1405 301 181 oftabe¬-

457 1521 309 194 rörde
663 1521 240 194 dag
800 1521 480 194 sällskapat
1177 1521 240 194 med
1315 1521 480 194 Silvander,
1692 1521 377 194 åtföljt
1967 1521 309 194 denne
2138 1521 206 194 till

460 1639 266 178 hans
626 1639 366 178 bostad;
892 1639 233 178 att
1025 1639 266 178 han,
1191 1639 299 178 sedan
1391 1639 432 178 Silvander
1723 1639 432 178 derstädes
2056 1639 266 178 lagt
2189 1639 166 178 sig

450 1744 236 199 att
585 1744 304 199 sofva
788 1744 439 199 tillegnat
1126 1744 236 199 sig
1261 1744 338 199 dennes
1497 1744 473 199 stortröja,
1869 1744 439 199 hvarefter
2173 1744 169 199 han

444 1859 427 190 begifvit
765 1859 249 190 sig
907 1859 285 190 till
1086 1859 392 190 bemälde
1371 1859 534 190 Pantlånare,
1798 1859 249 190 hos
1941 1859 392 190 hvilken
2190 1859 178 190 han

453 1979 242 172 för
592 1979 173 172 5
661 1979 346 172 Kronor
903 1979 415 172 pantsatt
1214 1979 380 172 tröjan;
1490 1979 276 172 samt
1663 1979 242 172 att
1801 1979 242 172 han
1939 1979 207 172 af
2043 1979 207 172 de
2112 1979 242 172 genom

446 2078 642 206 pantsättningen
981 2078 428 206 erhållne
1302 2078 535 206 penningarne
1731 2078 392 206 användt
2016 2078 250 206 Två
2123 2078 214 206 Kro¬-

459 2188 245 192 nor
599 2188 210 192 15
704 2188 245 192 Öre
844 2188 280 192 till
985 2188 420 192 förtäring.

547 2300 227 198 De
661 2300 227 198 af
775 2300 455 198 Carlsson
1116 2300 493 198 innehafde
1495 2300 190 198 2
1571 2300 379 198 Kronor
1836 2300 227 198 85
1950 2300 265 198 öre
2064 2300 265 198 jemte

450 2436 520 175 pantsedeln
859 2436 334 175 hafva
1082 2436 595 175 öfverlemnats
1565 2436 297 175 till
1750 2436 557 175 Målsegaren,
2159 2436 186 175 som

428 2549 478 161 utlöst
715 2549 430 161 tröjan.

564 2596 218 237 På
673 2596 327 237 gunnd
891 2596 218 237 af
1000 2596 291 237 hvad
1182 2596 400 237 sålunda
1473 2596 546 237 förekommit,
1909 2596 364 237 kommer
2127 2596 255 237 Johan

449 2742 327 225 Adolf
666 2742 436 225 Carlsson
993 2742 254 225 att
1138 2742 327 225 denna
1356 2742 254 225 dag
1501 2742 254 225 för
1647 2742 254 225 Pkn
1755 2742 436 225 inställas.

829 2878 454 195 Göteborg
1170 2878 265 195 den
1321 2878 227 195 27
1435 2878 416 195 Augusti
1700 2878 265 195 1880.

54 2970 267 136 No
144 2970 267 136 183.

43 3118 300 101 Amalia
223 3118 210 101 Doro¬-

49 3196 284 140 thea
191 3196 248 140 Romén

529 2979 607 208 Tjensteflickan
1035 2979 438 208 Christina
1372 2979 337 208 Evert,
1608 2979 168 208 i
1675 2979 337 208 tjenst
1911 2979 236 208 hos
2012 2979 337 208 Handlan¬-

436 3103 223 182 den
564 3103 191 182 P.
659 3103 510 182 Hellstenius,
1073 3103 319 182 boende
1296 3103 159 182 i
1360 3103 287 182 huset
1551 3103 191 182 No
1647 3103 159 182 6
1711 3103 223 182 vid
1838 3103 287 182 Östra
1997 3103 319 182 Nygatan,

437 3217 226 187 har
566 3217 226 187 den
695 3217 194 187 24
792 3217 323 187 dennes
1018 3217 355 187 anmält,
1276 3217 226 187 att
1406 3217 161 187 i
1470 3217 323 187 slutet
1696 3217 194 187 af
1793 3217 291 187 sist.
1987 3217 258 187 Juli
2116 3217 226 187 månad

421 3336 231 150 ett
553 3336 363 150 obekant
817 3336 462 150 fruntimmer
1180 3336 396 150 inkommit
1476 3336 264 150 till
1641 3336 297 150 henne
1839 3336 264 150 och,
2004 3336 297 150 under
2169 3336 198 150 upp¬-

429 3466 301 177 gift,
629 3466 234 177 att
763 3466 234 177 hon
897 3466 267 177 vore
1064 3466 334 177 kunnig
1298 3466 167 177 i
1365 3466 368 177 spådom,
1632 3466 468 177 tillfrågat
1966 3466 368 177 Christina

420 3565 318 184 Evert
632 3565 212 184 om
738 3565 248 184 han
880 3565 389 184 önskade
1163 3565 354 184 blifva
1410 3565 354 184 spådd;
1658 3565 248 184 att
1799 3565 212 184 då
1905 3565 248 184 hon
2012 3565 318 184 jakande

434 3678 416 205 besvarat
747 3678 312 205 denna
955 3678 312 205 fråga
1163 3678 243 205 det
1302 3678 416 205 obekanta
1614 3678 486 205 fruntimret
1996 3678 278 205 sagt
2135 3678 173 205 att

2532 170 210 145 om
2637 170 420 145 spådomen
2952 170 350 145 skulle
3198 170 315 145 kunna
3408 170 245 145 ega
3548 170 280 145 rum,
3723 170 455 145 Christina
4074 170 315 145 Evert
4249 170 210 145 bor¬-

2549 288 199 160 de
2648 288 365 160 utlemna
2914 288 365 160 diverse
3179 288 730 160 fruntimmerskläder,
3809 288 332 160 hvilka
4042 288 365 160 qvinnor
4274 288 199 160 sagt

2544 404 224 207 sig
2672 404 256 207 ämna
2832 404 288 207 några
3025 404 288 207 dagar
3217 404 385 207 derefter
3506 404 481 207 återställa,
3890 404 321 207 dervid
4082 404 321 207 spådomen

2549 532 331 182 skulle
2781 532 431 182 försiggå;
3112 532 232 182 att
3245 532 431 182 Christina
3576 532 199 182 då
3675 532 331 182 lemnat
3907 532 232 182 den
4040 532 398 182 obekanta
4305 532 133 182 en

2538 616 205 209 röd
2655 616 499 209 ylleklädning,
3066 616 235 209 värd
3213 616 176 209 10
3301 616 323 209 Kronor,
3535 616 176 209 en
3623 616 235 209 hvit
3770 616 411 209 underkjol,
4093 616 235 209 värd
4240 616 147 209 3
4269 616 176 209 Kro¬-

2550 728 244 164 nor,
2702 728 213 164 ett
2824 728 213 164 par
2946 728 457 164 kallsonger,
3312 728 274 164 värda
3495 728 213 164 Två
3616 728 335 164 Kronor,
3860 728 213 164 ett
3982 728 335 164 lintyg,
4196 728 213 164 värdt

2546 841 214 177 Två
2669 841 336 177 Kronor,
2913 841 183 177 en
3005 841 367 177 rödrutig
3280 841 275 177 sjal,
3463 841 244 177 värd
3616 841 214 177 Två
3738 841 306 177 Kronor
3952 841 183 177 50
4044 841 244 177 öre,
4197 841 214 177 ett
4288 841 153 177 par

2542 940 271 201 skor,
2723 940 271 201 värda
2903 940 151 201 4
2963 940 331 201 Kronor,
3204 940 181 201 en
3295 940 271 201 svart
3475 940 271 201 korg,
3656 940 241 201 värd
3807 940 181 201 En
3897 940 271 201 Krona
4078 940 211 201 och
4198 940 211 201 ett
4288 940 151 201 par

2543 1083 652 185 bomullsstrumpor,
3098 1083 293 185 värda
3293 1083 196 185 En
3391 1083 326 185 Krona,
3619 1083 261 185 samt
3782 1083 391 185 dessutom
4076 1083 196 185 En
4174 1083 293 185 Krona
4337 1083 130 185 65

2553 1198 228 136 öre
2684 1198 163 136 i
2749 1198 424 136 penningar
3075 1198 228 136 och
3206 1198 261 136 hade
3369 1198 228 136 det
3499 1198 391 136 obekanta
3793 1198 457 136 fruntimret
4119 1198 359 136 sedermera

2558 1318 194 175 ej
2655 1318 291 175 låtit
2848 1318 226 175 sig
2945 1318 291 175 afhöra.

2673 1422 162 172 I
2737 1422 420 172 anledning
3061 1422 291 172 häraf
3255 1422 291 172 hafva
3449 1422 776 172 detektivkonstaplarne
4128 1422 194 172 E.
4193 1422 226 172 Hell¬-

2551 1539 272 190 ström
2732 1539 212 190 och
2853 1539 182 190 P.
2944 1539 363 190 Lindgren
3217 1539 212 190 den
3338 1539 182 190 26
3429 1539 303 190 dennes
3641 1539 212 190 för
3762 1539 272 190 detta
3943 1539 394 190 bedrägeri
4216 1539 242 190 anhål¬-

2557 1620 220 204 tit
2682 1620 220 204 för
2808 1620 283 204 andra
2997 1620 283 204 resan
3186 1620 283 204 stöld
3375 1620 409 204 straffade
3690 1620 315 204 ogifta
3910 1620 315 204 Amalia
4099 1620 315 204 Dorothea

2565 1732 290 204 Romén
2758 1732 257 204 från
2919 1732 450 204 Stockholm,
3273 1732 225 204 här
3401 1732 322 204 boende
3627 1732 161 204 i
3691 1732 290 204 huset
3884 1732 193 204 No
3980 1732 193 204 18
4077 1732 225 204 vid
4173 1732 290 204 Brunns¬-

2552 1854 318 221 gatan;
2775 1854 223 221 och
2902 1854 223 221 har
3029 1854 286 221 Romén
3220 1854 223 221 vid
3347 1854 223 221 det
3474 1854 223 221 med
3602 1854 286 221 henne
3792 1854 413 221 anställda
4110 1854 318 221 förhör
4301 1854 191 221 upp¬-

2573 1994 344 225 gifvit,
2823 1994 219 225 att
2948 1994 250 225 hon,
3104 1994 219 225 som
3229 1994 219 225 för
3355 1994 344 225 omkring
3605 1994 156 225 2
3667 1994 188 225 år
3761 1994 281 225 sedan
3949 1994 313 225 kommit
4168 1994 219 225 hit
4261 1994 188 225 till

2551 2104 339 193 staden
2788 2104 170 193 i
2856 2104 339 193 saknas
3094 2104 203 193 af
3195 2104 305 193 annan
3399 2104 644 193 sysselsättning,
3907 2104 543 193 hufvudsakligen

2556 2204 503 241 uppehållit
2951 2204 251 241 sig
3095 2204 251 241 med
3239 2204 251 241 att
3382 2204 251 241 spå
3526 2204 539 241 fruntimmer,
3957 2204 431 241 hvarföre
4244 2204 180 241 hon

2537 2331 386 236 erhållit
2827 2331 193 236 så
2923 2331 225 236 väl
3052 2331 419 236 penningar
3374 2331 225 236 som
3503 2331 644 236 klädespersedlar;
4051 2331 225 236 att
4179 2331 258 236 hon,
4308 2331 129 236 på

2529 2433 271 231 sätt
2698 2433 440 231 Christina
3037 2433 305 231 Evert
3240 2433 373 231 anmält,
3511 2433 203 231 af
3613 2433 305 231 denna
3816 2433 474 231 tillnarrat
4189 2433 237 231 sig
4291 2433 135 231 de

2526 2561 225 225 här
2654 2561 289 225 ofvan
2847 2561 450 225 omförmälde
3200 2561 450 225 persedlar,
3554 2561 321 225 hvilka
3778 2561 225 225 hon
3907 2561 225 225 den
4035 2561 193 225 29
4132 2561 289 225 sist.
4292 2561 193 225 Juli

2551 2704 171 235 å
2619 2704 411 235 Majornas
2928 2704 617 235 Pantlånekontor
3441 2704 171 235 i
3510 2704 308 235 huset
3716 2704 206 235 No
3818 2704 206 235 44
3921 2704 240 235 vid
4024 2704 411 235 Husargatan

2543 2828 442 199 pantsatt,
2883 2828 476 199 klädningen
3257 2828 238 199 för
3393 2828 170 199 3
3461 2828 340 199 Kronor
3698 2828 238 199 och
3834 2828 544 199 underkjolen,
4242 2828 204 199 kal¬-

2572 2932 402 201 songerna
2874 2932 235 201 och
3008 2932 402 201 lintyget
3310 2932 235 201 för
3444 2932 235 201 Två
3579 2932 369 201 Kronor;
3847 2932 268 201 samt
4015 2932 235 201 att
4149 2932 235 201 hon
4249 2932 168 201 för

2560 3056 241 168 Tre
2697 3056 344 168 Kronor
2938 3056 275 168 sålt
3110 3056 344 168 skorna
3351 3056 275 168 till
3523 3056 241 168 ett
3660 3056 378 168 obekant
3936 3056 516 168 fruntimmer,
4314 3056 172 168 mun

2560 3205 230 165 för
2691 3205 262 165 eget
2855 3205 262 165 bruk
3020 3205 394 165 behållit
3315 3205 361 165 sjalen,
3577 3205 328 165 korgen
3807 3205 230 165 och
3905 3205 427 165 strumporna.

2683 3261 220 200 På
2793 3261 330 200 grund
3013 3261 220 200 af
3123 3261 293 200 hvad
3306 3261 403 200 sålunda
3599 3261 549 200 förekommit,
4039 3261 366 200 kommer
4258 3261 220 200 Ama¬-

2575 3369 250 176 lia
2718 3369 429 176 Dorothea
3040 3369 322 176 Romén
3254 3369 250 176 att
3397 3369 322 176 denna
3612 3369 250 176 dag
3755 3369 250 176 för
3898 3369 250 176 PKn
4005 3369 429 176 inställas.

2781 3482 384 131 Göteborg
3069 3482 224 131 den
3197 3482 192 131 27
3294 3482 352 131 Augusti
3518 3482 224 131 1880.

4490 3435 245 147 No
4572 3435 245 147 184.

4424 3556 254 223 Bernt
4565 3556 310 223 Johansson

2626 3529 392 157 Hustrun
2912 3529 392 157 Johanna
3197 3529 464 157 Elisabeth
3554 3529 499 157 Petersson,
3946 3529 357 157 boende
4196 3529 178 157 i
4231 3529 250 157 huset

2564 3614 195 227 No
2662 3614 195 227 98
2760 3614 163 227 i
2825 3614 358 227 stadens
3086 3614 261 227 12te
3249 3614 293 227 rote,
3444 3614 228 227 har
3574 3614 391 227 Lördagen
3868 3614 228 227 den
3998 3614 195 227 28
4096 3614 326 227 dennes
4291 3614 163 227 an¬
