4977 4051
82 158 283 161 No
176 158 283 161 208.

30 305 440 140 Bernhard

21 421 484 120 Zachrisson

498 1562 496 246 Fredagen
870 1562 289 246 den
1035 1562 248 246 17
1159 1562 413 246 dennes
1448 1562 289 246 kl.
1613 1562 289 246 1/2
1779 1562 207 246 1
1861 1562 248 246 på
1985 1562 372 246 dagen
2192 1562 248 246 blef

486 1730 274 199 för
643 1730 392 199 första
917 1730 353 199 resan
1152 1730 471 199 snatteri
1505 1730 510 199 straffade
1858 1730 549 199 Arbetskarlen

487 1875 451 175 Martin
802 1875 451 175 Ludvig
1118 1875 586 175 Johansson
1569 1875 361 175 Larm
1794 1875 270 175 af
1884 1875 496 175 Detektiv¬-

507 1986 678 178 konstaplarne
1058 1986 212 178 J
1142 1986 424 178 Bohlin
1439 1986 297 178 och
1609 1986 254 178 C.
1736 1986 254 178 G.
1863 1986 424 178 Andrén
2160 1986 212 178 a
2202 1986 212 178 St.

497 2140 418 163 Eriks
775 2140 371 163 torg
1007 2140 557 163 anhållen
1425 2140 325 163 för
1611 2140 325 163 det
1796 2140 325 163 han
1936 2140 464 163 innehaft

482 2235 312 182 en
638 2235 1249 182 fruntimmersregnkappa
1731 2235 312 182 af
1835 2235 469 182 mörkgrå

469 2378 451 191 doffel
785 2378 541 191 inknuten
1191 2378 226 191 i
1281 2378 271 191 en
1416 2378 316 191 röd
1597 2378 451 191 näsduk
1913 2378 316 191 för
2048 2378 406 191 åtkomst

462 2499 515 193 hvartill
848 2499 301 193 han
1020 2499 343 193 icke
1235 2499 429 193 kunnat
1535 2499 515 193 redogöra
1922 2499 301 193 och
2051 2499 386 193 hvilken

465 2636 400 192 kappa
731 2636 578 192 sedermera
1176 2636 578 192 befunnits
1621 2636 356 192 vara
1798 2636 534 192 tillgripen

465 2757 354 194 från
686 2757 399 194 Pigan
952 2757 532 194 Mathilda
1351 2757 620 194 Danielsson
1838 2757 222 194 i
1927 2757 443 194 tjenst
2192 2757 222 194 hus

488 2872 494 198 Enkefru
848 2872 450 198 Olivia
1162 2872 315 198 van
1342 2872 360 198 Ries
1567 2872 225 198 i
1657 2872 405 198 huset
1926 2872 270 198 No
2061 2872 225 198 7
2106 2872 225 198 vid

442 3002 429 209 Stora
728 3002 572 209 Nygatan;
1158 3002 334 209 och
1348 3002 334 209 har
1539 3002 381 209 Larm
1777 3002 429 209 såsom
2016 3002 286 209 sina

463 3153 510 196 fånges
820 3153 357 196 män
1024 3153 663 196 uppgifvit
1534 3153 357 196 för
1738 3153 459 196 andra
1993 3153 357 196 resan

495 3274 369 182 stöld
741 3274 532 182 straffade
1150 3274 246 182 fe
1273 3274 860 182 Kronoarbetskarlen
1969 3274 410 182 Bernhard

423 3380 669 201 Zachrisson,
958 3380 312 201 för
1137 3380 446 201 första
1449 3380 401 201 resan
1716 3380 401 201 stöld
1939 3380 490 201 straffade

424 3517 266 164 fe
557 3517 932 164 Kronoarbetskarlen
1356 3517 399 164 Frans
1622 3517 444 164 Edvard
1888 3517 533 164 Pettersson

443 3623 319 189 och
626 3623 274 189 fe
763 3623 958 189 Kronoarbetskarlen
1584 3623 411 189 Oscar
1812 3623 593 189 Zachrisson,

2598 137 238 190 af
2717 137 397 190 hvilka
2995 137 357 190 Oscar
3233 137 556 190 Zachrisson
3670 137 437 190 blifvit
3988 137 357 190 hörd,
4186 137 397 190 hvaremot

2591 253 500 132 Bernhard
2967 253 584 132 Zachrisson
3425 253 292 132 och
3592 253 375 132 Frans
3842 253 417 132 Edvard
4092 253 459 132 Petterson

2592 384 344 166 icke
2807 384 430 166 kunnat
3065 384 474 166 anträffas

2588 490 396 200 Öfver
2852 490 352 200 hvad
3072 490 485 200 sålunda
3425 490 617 200 förekommit
3909 490 308 200 har
4086 490 308 200 den
4262 490 264 200 21
4350 490 176 200 ds

2586 671 464 151 rapport
2923 671 549 151 ingifvits
3345 671 338 151 till
3556 671 338 151 Pkn,
3767 671 295 151 som
3936 671 380 151 genom
4147 671 380 151 resolu¬-

2556 778 368 162 tion
2786 778 414 162 samma
3062 778 322 162 dag
3247 778 691 162 öfverlemnat
3799 778 599 162 rapporten
4214 778 276 162 till

2578 850 523 186 stadens
2959 850 476 186 Rådhus
3292 850 380 186 Rätt
3529 850 618 186 hvarjemte
4005 850 380 186 Larm
4243 850 238 186 i
4290 850 238 186 af¬-

2588 1009 395 189 bidan
2852 1009 264 189 på
2983 1009 615 189 ransakning
3467 1009 703 189 införpassats
4038 1009 351 189 till
4213 1009 308 189 Cell¬-

2513 1171 562 153 fängelset.

2592 1250 611 175 Arkitekten
3073 1250 262 175 J.
3203 1250 262 175 A.
3334 1250 655 175 Westerberg,
3858 1250 437 175 boende
4164 1250 218 175 i
4207 1250 306 175 huset

2583 1362 272 187 No
2719 1362 272 187 15
2855 1362 318 187 vid
3037 1362 954 187 Kungsportsavenyen
3854 1362 318 187 har
3990 1362 545 187 Thorsdagen

2586 1516 318 167 den
2767 1516 272 167 23
2903 1516 454 167 dennes
3221 1516 454 167 anmält
3539 1516 318 167 att
3721 1516 409 167 sagde
3993 1516 318 167 dag
4175 1516 272 167 på
4266 1516 272 167 f.m.

2613 1598 235 236 ur
2730 1598 235 236 en
2848 1598 352 236 olåst
3083 1598 470 236 förstuga
3435 1598 313 236 till
3631 1598 431 236 berörde
3944 1598 274 236 hus
4100 1598 313 236 från
4257 1598 274 236 honom

2592 1714 616 241 tillgripits
3085 1714 247 241 en
3208 1714 534 241 grunmålad
3619 1714 534 241 barnvagn,
4030 1714 329 241 värd
4235 1714 247 241 60
4318 1714 205 241 kr;

2577 1843 358 240 samt
2801 1843 314 240 att
2980 1843 314 240 han
3159 1843 314 240 för
3339 1843 403 240 detta
3607 1843 582 240 tillgrepp
4011 1843 537 240 misstänkte

2590 1974 364 206 två
2798 1974 521 206 okända
3163 1974 833 206 manspersoner
3839 1974 521 206 hvilka
4152 1974 260 206 vid

2584 2104 418 249 sagde
2862 2104 325 249 tid
3048 2104 418 249 varit
3327 2104 418 249 sedda
3606 2104 418 249 draga
3885 2104 279 249 en
4024 2104 418 249 dylik
4256 2104 279 249 vagn

2588 2220 232 223 i
2680 2220 603 223 Hagaheden
3145 2220 325 223 och
3330 2220 325 223 der
3516 2220 650 223 upphemnats
4026 2220 278 223 af
4119 2220 418 223 Mureri¬-

2611 2355 574 191 arbetaren
3053 2355 398 191 Thore
3318 2355 486 191 Wilhelm
3671 2355 663 191 Ljungqvist,
4157 2355 353 191 boende

2623 2489 414 171 huset
2899 2489 276 171 No
3037 2489 230 171 1
3129 2489 322 171 vid
3312 2489 689 171 Mellangatan
3864 2489 505 171 hvilken
4185 2489 322 171 från¬-

2619 2588 396 228 tagit
2883 2588 308 228 dem
3059 2588 484 228 vagnen,
3411 2588 308 228 som
3588 2588 484 228 blifvit
3940 2588 352 228 till
4116 2588 396 228 Wester¬-

2607 2767 365 181 berg
2790 2767 593 181 återlemnad.

2645 2766 419 276 Såsom
2925 2766 605 276 misstänkt
3390 2766 326 276 för
3576 2766 419 276 detta
3855 2766 605 276 tillgrepp
4273 2766 233 276 har

2601 2964 955 174 detektivkonstapeln
3425 2964 260 174 P.
3556 2964 521 174 Lindgren
3946 2964 304 174 den
4120 2964 260 174 23
4207 2964 347 174 dennes

2621 3085 321 178 vid
2805 3085 735 178 middagstiden
3402 3085 551 178 anhållit
3815 3085 321 178 för
3999 3085 413 178 andra
4229 3085 321 178 resan

2603 3164 378 216 stöld
2855 3164 547 216 straffade
3276 3164 252 216 fe
3402 3164 883 216 Kronoarbetskarlen
4117 3164 420 216 Bernhard

2552 3322 708 219 Zachrisson,
3118 3322 519 219 hvilken
3495 3322 330 219 vid
3684 3322 330 219 det
3873 3322 330 219 med
4061 3322 425 219 honom
4297 3322 236 219 an¬-

2592 3461 425 193 stälde
2889 3461 425 193 förhör
3186 3461 552 193 uppgifvit
3611 3461 297 193 att
3781 3461 297 193 han
3951 3461 297 193 den
4121 3461 255 193 17
4206 3461 340 193 dennes

2588 3592 304 157 på
2740 3592 406 157 f.m.
2994 3592 355 157 vid
3197 3592 457 157 Lilla
3502 3592 507 157 Bommen
3806 3592 761 157 sammanträffat

2605 3702 366 181 med
2814 3702 627 181 förnämde
3284 3702 470 181 Frans
3598 3702 523 181 Edvard
3911 3702 627 181 Pettersson
