5103 4068
510 202 438 100 anmält,
828 202 278 100 att
988 202 358 100 samma
1226 202 278 100 dag
1385 202 239 100 på
1505 202 239 100 f.
1624 202 318 100 mid.
1823 202 318 100 hans
2022 202 239 100 12
2102 202 278 100 åriga

482 342 379 110 dotter
747 342 341 110 Anna,
975 342 341 110 under
1202 342 265 110 det
1353 342 265 110 hon
1505 342 341 110 varit
1732 342 341 110 stadd
1959 342 227 110 på
2073 342 265 110 väg
2187 342 227 110 från

501 476 580 104 Kungstorget
966 476 193 104 i
1043 476 464 104 närheten
1391 476 232 104 av
1507 476 387 104 hemmet
1778 476 426 104 blifvit
2049 476 387 104 förföljd

486 599 231 112 af
601 599 231 112 en
716 599 423 112 obekant
1024 599 423 112 yngling
1332 599 423 112 hvilken
1640 599 346 112 efter
1871 599 269 112 att
2025 599 346 112 hafva
2218 599 192 112 med

486 732 231 107 en
601 732 308 107 sten
793 732 385 107 slagit
1063 732 346 107 henne
1294 732 192 107 å
1371 732 269 107 ena
1525 732 423 107 handen,
1833 732 462 107 frånrykt
2141 732 269 107 henne

501 856 219 109 en
611 856 512 109 portmonaie
1013 856 585 109 innehållande
1489 856 219 109 en
1598 856 329 109 sedel
1818 856 183 109 å
1891 856 183 109 5
1964 856 366 109 kronor
2183 856 183 109 och

488 990 339 112 några
715 990 264 112 öre
865 990 189 112 i
941 990 528 112 kopparmynt
1356 990 264 112 som
1507 990 264 112 hon
1658 990 377 112 hållit
1922 990 189 112 i
1997 990 339 112 samma
2186 990 226 112 hand

516 1128 189 118 I
592 1128 492 118 anledning
970 1128 341 118 häraf
1197 1128 265 118 har
1349 1128 832 118 Detektivkonstapeln
2067 1128 227 118 P.
2143 1128 265 118 Lind¬-

490 1268 333 128 gren
699 1268 291 128 den
865 1268 250 128 25
990 1268 291 128 för
1157 1268 375 128 detta
1406 1268 541 128 tillgrepp
1823 1268 500 128 anhållit
2156 1268 208 128 för

473 1404 394 138 första
748 1404 355 138 resan
985 1404 473 138 snatteri
1339 1404 512 138 straffade
1734 1404 512 138 ynglingen
2088 1404 276 138 Johan

505 1550 388 134 Gustaf
777 1550 504 134 Börjesson
1164 1550 426 134 hvilken
1474 1550 233 134 är
1590 1550 426 134 intagen
1900 1550 194 134 å
1939 1550 465 134 härvarande

488 1690 1185 142 Fattigförsörjningsinrättning,
1566 1690 251 142 och
1709 1690 251 142 har
1853 1690 467 142 Börjesson
2176 1690 180 142 vid

502 1840 266 126 det
654 1840 266 126 med
806 1840 342 126 honom
1035 1840 456 126 anstälda
1377 1840 380 126 förhör
1643 1840 456 126 vidgått,
1986 1840 266 126 att
2138 1840 228 126 då
2214 1840 190 126 han

489 1999 588 97 förstnämnde
959 1999 274 97 dag
1116 1999 548 97 uppehållit
1546 1999 274 97 sig
1703 1999 196 97 å
1781 1999 588 97 Kungstorget
2212 1999 196 97 han

472 2187 330 45 iakttagit

767 2120 207 50 att

799 2163 553 66 målsegarens
1241 2163 368 66 dotter
1499 2163 184 66 i
1573 2163 368 66 handen
1831 2163 368 66 hållit
2088 2163 221 66 en
2162 2163 258 66 port¬-

480 2272 404 132 monaie
763 2272 283 132 som
924 2272 283 132 han
1086 2272 243 132 då
1208 2272 485 132 beslutat
1572 2272 566 132 tillgripa;
2016 2272 283 132 att
2138 2272 202 132 han

482 2424 267 130 för
634 2424 343 130 detta
863 2424 419 130 ändamål
1168 2424 343 130 följt
1397 2424 343 130 efter
1626 2424 343 130 henne
1854 2424 305 130 till
2007 2424 381 130 närheten

487 2558 247 134 af
610 2558 412 134 hennes
898 2558 288 134 hem
1063 2558 288 134 der
1228 2558 329 134 han,
1433 2558 329 134 dock
1639 2558 329 134 utan
1845 2558 288 134 att
2010 2558 329 134 dock
2174 2558 206 134 slå

480 2696 376 142 henne
731 2696 293 142 med
898 2696 376 142 någon
1149 2696 335 142 sten
1358 2696 209 142 å
1442 2696 418 142 handen
1735 2696 418 142 likväl
1986 2696 418 142 frånrykt

490 2846 364 132 henne
732 2846 606 132 ifrågakomne
1217 2846 565 132 portmonaie
1661 2846 283 132 som
1823 2846 565 132 innehållit
2226 2846 162 132 en

468 2978 345 132 sedel
697 2978 191 132 å
774 2978 191 132 5
851 2978 383 132 kronor
1119 2978 268 132 och
1272 2978 191 132 5
1348 2978 268 132 öre
1501 2978 191 132 i
1578 2978 574 132 Kopparmynt,
2037 2978 306 132 samt
2191 2978 191 132 att

479 3136 288 118 han
643 3136 658 118 sönderrifvit
1178 3136 617 118 Portmonaien
1672 3136 288 118 och
1837 3136 453 118 användt
2125 3136 247 118 pen¬-

414 3296 552 110 ningarne.

584 3438 251 120 På
710 3438 377 120 grund
961 3438 251 120 af
1087 3438 335 120 hvad
1296 3438 461 120 sålunda
1632 3438 587 120 förekommit
2051 3438 335 120 kommer

493 3578 351 112 Johan
727 3578 390 112 Gustaf
1000 3578 507 112 Börjesson
1390 3578 273 112 att
1545 3578 351 112 denna
1779 3578 273 112 dag
1935 3578 273 112 för
2052 3578 312 112 Polis¬-

492 3718 478 134 Kammaren
851 3718 558 134 inställas.
1289 3718 478 134 Göteborg
1647 3718 279 134 den
1807 3718 239 134 26
1926 3718 358 134 Febri
2125 3718 279 134 1880.

4565 251 270 52 No
4655 251 225 52 44.

4562 360 241 62 Johan
4723 360 268 62 Alfred

4570 444 250 57 Olsson
4745 444 150 57 m.
4795 444 125 57 fl.

2741 233 444 78 Följande
3074 233 444 78 personer
3408 233 333 78 hafva
3593 233 333 78 anmält:

2667 333 198 94 1o
2766 333 561 94 Handelsfirman
3228 333 363 94 Jonsson
3492 333 165 94 &
3558 333 495 94 Sternhagen,
3955 333 231 94 som
4087 333 231 94 har
4219 333 330 94 kontor
4417 333 99 94 i

2663 449 315 79 huset
2873 449 210 79 No
2978 449 175 79 2
3048 449 245 79 vid
3188 449 315 79 Norra
3398 449 455 79 Hamngatan
3748 449 245 79 att
3888 449 245 79 den
4028 449 175 79 5
4098 449 315 79 sist.
4273 449 315 79 Januari

2665 541 230 106 kl.
2797 541 362 106 emellan
3060 541 164 106 5
3126 541 230 106 och
3257 541 164 106 6
3323 541 263 106 e.m.
3487 541 197 106 ur
3586 541 197 106 en
3685 541 296 106 låda,
3882 541 362 106 stående
4145 541 164 106 å
4211 541 296 106 kajen
4376 541 164 106 vid

2675 657 485 97 Rosenlunds
3056 657 416 97 magasin,
3368 657 277 97 från
3541 657 242 97 dem
3680 657 520 97 tillgripits
4096 657 208 97 en
4200 657 277 97 sida
4338 657 208 97 Ame¬-

2669 759 394 107 rikanskt
2964 759 328 107 fläsk,
3194 759 361 107 vägande
3456 759 197 107 40
3555 759 164 107 ℔
3620 759 230 107 och
3751 759 262 107 värd
3915 759 197 107 12
3981 759 295 107 Kronor;

2638 853 217 117 2o
2746 853 506 117 Handlanden
3144 853 217 117 A.
3253 853 398 117 Leonard
3542 853 434 117 Lemoine,
3867 853 325 117 såsom
4048 853 470 117 innehafvare

2662 946 205 139 af
2764 946 342 139 firman
3004 946 342 139 Svensk
3243 946 410 139 Express,
3551 946 239 139 som
3687 946 239 139 har
3824 946 342 139 kontor
4064 946 171 139 i
4132 946 308 139 huset
4337 946 205 139 No
4405 946 103 139 4

2667 1065 729 128 Magasinsqvarteret,
3296 1065 232 128 att
3429 1065 265 128 från
3594 1065 331 128 firman
3826 1065 497 128 tillgripits
4224 1065 265 128 dels
4356 1065 166 128 den

2653 1161 188 146 23
2747 1161 282 146 sist.
2935 1161 345 146 Januari
3185 1161 188 146 på
3279 1161 251 146 e.m.
3436 1161 188 146 ur
3530 1161 188 146 en
3624 1161 282 146 låda,
3812 1161 345 146 stående
4062 1161 157 146 i
4125 1161 188 146 en
4187 1161 345 146 jernvägs¬-

2662 1259 273 162 vagn
2832 1259 171 162 å
2901 1259 478 162 Skeppsbron
3276 1259 239 162 två
3412 1259 307 162 sidor
3617 1259 512 162 Amerikanskt
4026 1259 341 162 fläsk,
4231 1259 307 162 vägande

2661 1371 219 157 100
2786 1371 156 157 ℔
2848 1371 219 157 och
2973 1371 281 157 värde
3160 1371 187 157 20
3254 1371 312 157 Kronor
3473 1371 250 157 samt
3629 1371 250 157 dels
3785 1371 219 157 den
3910 1371 156 157 9
3972 1371 312 157 dennes
4191 1371 187 157 på
4253 1371 281 157 aftonen

2650 1465 203 169 ur
2752 1465 203 169 en
2853 1465 271 169 låda
3023 1465 169 169 å
3090 1465 305 169 kajen
3293 1465 237 169 vid
3429 1465 508 169 tullskjulet
3835 1465 271 169 fyra
4005 1465 305 169 sidor
4174 1465 440 169 Amerikanskt

2643 1597 330 160 fläsk,
2874 1597 363 160 vägande
3138 1597 231 160 240
3270 1597 165 160 ℔
3336 1597 231 160 och
3467 1597 297 160 värdt
3665 1597 198 160 48
3731 1597 297 160 Kronor;

2639 1669 198 200 3o
2738 1669 462 200 Handlanden
3101 1669 198 200 J.
3199 1669 198 200 D.
3298 1669 429 200 Eriksson,
3628 1669 231 200 som
3760 1669 231 200 har
3892 1669 330 200 kontor
4122 1669 165 200 i
4188 1669 297 200 huset
4386 1669 198 200 No
4452 1669 132 200 35

2652 1785 224 186 vid
2780 1785 608 186 Drottninggatan,
3292 1785 224 186 att
3420 1785 320 186 natten
3644 1785 352 186 emellan
3900 1785 224 186 den
4028 1785 192 186 30
4124 1785 224 186 och
4252 1785 192 186 31
4316 1785 224 186 sist.

2645 1885 383 194 Januari
2924 1885 209 194 ur
3028 1885 209 194 en
3133 1885 313 194 låda,
3342 1885 383 194 stående
3620 1885 174 194 å
3690 1885 348 194 gården
3934 1885 174 194 i
4004 1885 313 194 huset
4213 1885 209 194 No
4317 1885 174 194 1
4352 1885 174 194 vid

2633 1995 560 198 Smedjegatan,
3088 1995 280 198 från
3263 1995 315 198 honom
3473 1995 525 198 tillgripits
3892 1995 210 198 en
3997 1995 280 198 sida
4137 1995 455 198 Amerikanskt

2647 2132 327 174 fläsk,
2876 2132 360 174 vägande
3138 2132 196 174 40
3236 2132 164 174 ℔
3302 2132 229 174 och
3433 2132 295 174 värdt
3629 2132 196 174 10
3727 2132 327 174 Kronor
3924 2132 196 174 samt

2637 2232 208 166 4o
2741 2232 589 166 Handelsfirman
3227 2232 451 166 Forssblad
3573 2232 173 166 &
3643 2232 485 166 Strömberg,
4024 2232 243 166 som
4163 2232 243 166 har
4267 2232 277 166 kontor

2648 2345 158 172 i
2712 2345 285 172 huset
2902 2345 190 172 No
2997 2345 158 172 1
3060 2345 222 172 vid
3186 2345 475 172 Skeppsbron,
3566 2345 222 172 att
3693 2345 317 172 natten
3915 2345 348 172 emellan
4168 2345 222 172 den
4294 2345 190 172 18
4358 2345 158 172 och

2653 2463 188 158 19
2747 2463 314 158 dennes
2967 2463 157 158 å
3029 2463 408 158 Stenpiren
3343 2463 220 158 vid
3469 2463 440 158 Skeppsbron
3814 2463 251 158 från
3971 2463 314 158 firman
4160 2463 408 158 tillgripits

2643 2581 208 158 en
2747 2581 312 158 säck,
2955 2581 554 158 innehållande
3405 2581 208 158 13
3509 2581 208 158 L℔
3613 2581 485 158 hvetemjöl,
3993 2581 312 158 värdt
4201 2581 208 158 39
4270 2581 312 158 Kronor.

2753 2679 416 162 Lördagen
3066 2679 243 162 den
3204 2679 208 162 21
3309 2679 347 162 dennes
3552 2679 243 162 har
3690 2679 659 162 Poliskonstapeln
4246 2679 174 162 i
4280 2679 278 162 Lundby

2645 2805 367 142 Socken
2902 2805 220 142 på
3012 2805 440 142 Hisingen
3342 2805 220 142 G.
3452 2805 220 142 A.
3562 2805 440 142 Gundberg
3892 2805 403 142 anmält,
4185 2805 257 142 att
4295 2805 257 142 Hand¬-

2622 2915 358 152 landen
2873 2915 466 152 Alexander
3231 2915 501 152 Andersson,
3625 2915 251 152 som
3768 2915 322 152 idkar
3983 2915 358 152 handel
4234 2915 179 152 i
4269 2915 251 152 Hand¬-

2631 3049 348 138 landen
2875 3049 209 138 J.
2979 3049 209 138 B.
3084 3049 488 138 Johanssons
3467 3049 244 138 hus
3606 3049 174 138 å
3676 3049 522 138 Johannebäck
4094 3049 209 138 på
4164 3049 348 138 Hisingen

2635 3161 217 156 för
2759 3161 279 156 honom
2945 3161 340 156 upplyst
3192 3161 217 156 att
3316 3161 217 156 tre
3440 3161 526 156 arbetskarlar,
3873 3161 310 156 boende
4090 3161 155 156 i
4152 3161 340 156 berörde
4368 3161 186 156 hus,

2645 3283 251 154 till
2802 3283 283 154 honom
2990 3283 220 154 vid
3116 3283 283 154 olika
3304 3283 440 154 tillfällen
3650 3283 283 154 under
3839 3283 283 154 detta
4027 3283 189 154 år
4121 3283 251 154 sålt
4279 3283 189 154 en
4341 3283 189 154 säck

2635 3405 433 146 hvetemjöl
2968 3405 233 146 och
3101 3405 300 146 något
3301 3405 333 146 fläsk,
3534 3405 333 146 hvilka
3768 3405 300 146 varor
3968 3405 433 146 Andersson
4267 3405 267 146 förmo¬-

2632 3569 303 102 dade,
2834 3569 235 102 att
2969 3569 202 102 de
3070 3569 202 102 på
3170 3569 370 102 oärligt
3440 3569 269 102 sätt
3574 3569 370 102 åtkommit.

2739 3663 795 120 Detektivkonstaplarne
3434 3663 364 120 Andrén,
3699 3663 232 120 och
3832 3663 397 120 Rönnbäck
4130 3663 232 120 och
4229 3663 265 120 Söder¬
