4938 4056
499 235 297 168 för
668 235 509 168 snatteri
1050 235 552 168 straffade
1475 235 297 168 fre
1602 235 806 168 Kronoarbetskarlen

468 337 455 159 Anders
786 337 591 159 Swensson,
1240 337 455 159 boende
1558 337 227 159 i
1649 337 455 159 Handl.
1922 337 500 159 Thunbergs

472 454 318 156 hus
653 454 227 156 i
744 454 909 156 Galgkrogsbergen,
1517 454 500 156 hvilken
1881 454 318 156 vid
2062 454 318 156 det
2199 454 227 156 med

460 519 425 193 honom
743 519 566 193 anstälde
1167 519 472 193 förhör
1498 519 660 193 uppgifvit,
2017 519 330 193 att
2158 519 236 193 han

490 627 561 210 Onsdagen
911 627 327 210 den
1098 627 234 210 9
1191 627 280 210 ds
1331 627 280 210 på
1472 627 374 210 f.m.
1705 627 327 210 vid
1892 627 421 210 Lilla
2126 627 280 210 Bom¬-

456 751 411 179 mens
712 751 411 179 hamn
969 751 411 179 köpt
1226 751 770 179 ifrågakomne
1790 751 565 179 stortröja

487 868 377 181 för
703 868 269 181 2
810 868 539 181 Kronor
1188 868 323 181 af
1349 868 323 181 en
1511 868 377 181 för
1726 868 485 181 honom
1996 868 377 181 okänd

494 968 763 168 arbetskarl;
1104 968 407 168 samt
1358 968 356 168 att
1562 968 356 168 han
1765 968 508 168 straxt
2070 968 305 168 der¬-

491 1047 445 228 efter
787 1047 593 228 pantsatt
1232 1047 494 228 tröjan
1578 1047 346 228 hos
1776 1047 445 228 Karth
2073 1047 346 228 för
2221 1047 198 228 En

487 1145 466 220 Krona
798 1145 362 220 och
1005 1145 362 220 för
1212 1145 311 220 50
1367 1145 362 220 öre
1574 1145 414 220 sålt
1781 1145 621 220 pantsedeln

472 1302 425 144 till
737 1302 849 144 arbetskarlen
1427 1302 478 144 Johan
1692 1302 478 144 Larsson

486 1375 603 224 Stortröjan
959 1375 301 224 har
1132 1375 258 224 af
1261 1375 603 224 målsegaren
1734 1375 474 224 blifvit
2036 1375 387 224 utlöst.

474 1549 311 164 På
630 1549 466 164 grund
940 1549 311 164 af
1095 1549 414 164 hvad
1354 1549 569 164 sålunda
1716 1549 673 164 förekommit,

470 1615 576 201 kommer
874 1615 576 201 Anders
1277 1615 749 201 Swensson,
1854 1615 403 201 att
2027 1615 403 201 denna

469 1721 345 228 dag
666 1721 444 228 inför
962 1721 394 228 Pken
1208 1721 690 228 inställas.
1750 1721 591 228 Göteborg
2145 1721 246 228 den

483 1881 281 184 11
624 1881 374 184 Juni
811 1881 327 184 1880.

41 2024 299 135 No
141 2024 299 135 131.

59 2174 277 113 Axel
198 2174 311 113 Leonard

11 2302 475 112 Eriksson

519 1975 767 220 Konduktören
1133 1975 409 220 Otto
1388 1975 614 220 Bergman,
1849 1975 511 220 boende
2156 1975 153 220 i

507 2112 417 193 huset
785 2112 278 193 No
924 2112 278 193 22
1063 2112 325 193 vid
1249 2112 742 193 Westergatan,
1852 2112 325 193 har
1991 2112 371 193 Onsda¬-

505 2223 341 184 gen
700 2223 341 184 den
895 2223 243 184 2
992 2223 292 184 ds
1138 2223 487 184 anmält
1479 2223 341 184 att
1673 2223 438 184 sagde
1965 2223 341 184 dag
2111 2223 195 184 på

482 2329 240 187 f
578 2329 240 187 m
674 2329 383 187 från
913 2329 288 187 en
1057 2329 431 187 olåst
1345 2329 575 187 förstuga
1776 2329 383 187 till
1968 2329 431 187 berörde

472 2414 348 192 hus
671 2414 398 192 från
920 2414 447 192 honom
1218 2414 746 192 tillgripits
1814 2414 348 192 två
1964 2414 447 192 stycken

490 2518 679 210 begagnade
1012 2518 783 210 klutmattor,
1638 2518 626 210 hvardera
2108 2518 313 210 om
2212 2518 157 210 6

500 2619 476 164 alnars
834 2619 429 164 längd
1120 2619 333 164 och
1310 2619 429 164 värde
1596 2619 238 164 2
1691 2619 476 164 Kronor
1977 2619 429 164 stycket

534 2713 298 185 För
705 2713 383 185 detta
960 2713 553 185 tillgrepp
1385 2713 383 185 hafva
1598 2713 765 185 Detektivkonstap¬-

462 2806 417 185 larne
740 2806 557 185 Lindgren
1157 2806 325 185 och
1343 2806 278 185 C.
1482 2806 603 185 Hellström
1899 2806 464 185 Fredagen

479 2913 343 220 den
675 2913 294 220 11
822 2913 294 220 ds
969 2913 294 220 på
1116 2913 441 220 afton
1410 2913 588 220 anhållit
1801 2913 539 220 Ynglingen

465 3010 400 180 Axel
715 3010 550 180 Leonard
1115 3010 650 180 Eriksson,
1614 3010 500 180 boende
1964 3010 250 180 i
2014 3010 350 180 huset

460 3159 325 188 No
622 3159 271 188 6
731 3159 379 188 vid
947 3159 704 188 Änggatan,
1489 3159 596 188 hvilken
1922 3159 379 188 vid
2084 3159 271 188 det

472 3221 351 204 med
672 3221 451 204 honom
973 3221 601 204 anstälde
1423 3221 501 204 förhör
1774 3221 551 204 erkänt,
2125 3221 250 204 att

474 3360 411 159 han,
731 3360 360 159 som
936 3360 308 159 är
1090 3360 411 159 född
1347 3360 360 159 den
1553 3360 308 159 10
1707 3360 463 159 April
1964 3360 360 159 1864,

475 3469 223 197 i
565 3469 445 197 afsigt
876 3469 312 197 att
1054 3469 445 197 stjäla
1366 3469 445 197 ingått
1677 3469 223 197 i
1722 3469 623 197 förstberörde

473 3571 402 181 hus,
724 3571 352 181 der
925 3571 352 181 han
1126 3571 704 181 tillgripit
1629 3571 704 181 klutmattorna

2599 242 357 174 som
2803 242 459 174 legat
3109 242 255 174 i
3211 242 357 174 den
3415 242 408 174 till
3669 242 459 174 andra
3924 242 510 174 våningen

2586 343 523 185 ledande
2967 343 760 185 trappgången;
3584 343 380 185 samt
3822 343 333 185 att
4012 343 333 185 han
4154 343 333 185 efter

2602 451 305 145 att
2777 451 392 145 hafva
3038 451 696 145 sönderskurit
3603 451 522 145 mattorna
3995 451 218 145 i
4082 451 305 145 två
4212 451 305 145 delar

2608 548 513 151 begifvit
2993 548 299 151 sig
3164 548 342 151 till
3378 548 599 151 Lumphandl.
3848 548 257 151 S.
3977 548 556 151 Andersson
4362 548 128 151 i

2585 665 391 182 huset
2845 665 261 182 No
2976 665 261 182 12
3106 665 304 182 vid
3280 665 609 182 Husargatan
3759 665 304 182 för
3933 665 304 182 att
4063 665 435 182 försälja

2580 770 438 166 dem,
2854 770 383 166 men
3073 770 383 166 att
3291 770 547 166 denne,
3674 770 383 166 som
3838 770 602 166 misstänkt

2597 893 456 161 honom
2901 893 456 161 hafva
3205 893 304 161 på
3357 893 557 161 oärligt
3762 893 405 161 sätt
3965 893 506 161 åtkommit

2632 991 610 166 mattorna
3090 991 661 166 fråntagit
3598 991 458 166 honom
3853 991 508 166 desamme.

2590 1096 691 145 Lumphandl.
3133 1096 296 145 S.
3281 1096 691 145 Andersson,
3824 1096 346 145 som
3972 1096 494 145 förvarat

2562 1194 546 150 mattorna
2971 1194 319 150 har
3153 1194 637 150 återställt
3654 1194 319 150 dem
3836 1194 364 150 till
4018 1194 410 150 egaren.

2582 1329 305 144 På
2735 1329 457 144 grund
3039 1329 305 144 af
3192 1329 406 144 hvad
3446 1329 559 144 sålunda
3802 1329 660 144 förekommit,

2586 1386 478 173 kommer
2921 1386 383 173 Axel
3160 1386 526 173 Leonard
3543 1386 622 173 Eriksson,
4022 1386 335 173 att
4165 1386 335 173 denna

2578 1499 306 181 dag
2753 1499 394 181 inför
3016 1499 350 181 Pken
3234 1499 612 181 inställas.
3715 1499 525 181 Göteborg
4109 1499 306 181 den
4240 1499 175 181 12

2576 1622 342 150 Juni
2747 1622 300 150 1880.

4450 1654 290 131 No
4546 1654 290 131 132.

4450 1808 278 118 Johan
4604 1808 278 118 Larsson

2609 1728 383 199 Efter
2865 1728 596 199 angifvelse
3333 1728 255 199 af
3460 1728 596 199 Handlanden
3928 1728 255 199 J.
4056 1728 255 199 W.
4141 1728 298 199 Holm,

2593 1841 297 157 som
2762 1841 297 157 har
2932 1841 466 157 salubod
3271 1841 212 157 i
3356 1841 382 157 huset
3610 1841 254 157 No
3737 1841 254 157 46
3864 1841 297 157 vid
3992 1841 466 157 Sillgatan

2609 1994 283 139 han
2770 1994 889 139 Detektivkonstapeln
3538 1994 242 139 C.
3659 1994 242 139 G.
3780 1994 404 139 Andrén
4023 1994 404 139 Lördagen

2599 2084 288 119 den
2763 2084 247 119 12
2887 2084 247 119 ds
3010 2084 494 119 anhållit
3380 2084 288 119 hos
3545 2084 329 119 Holm
3751 2084 494 119 anstälde
4080 2084 370 119 Månads¬-

2583 2167 438 118 karlen
2890 2167 394 118 Johan
3152 2167 525 118 Larsson,
3547 2167 438 118 boende
3853 2167 219 118 i
3941 2167 394 118 huset
4203 2167 263 118 No
4291 2167 175 118 46

2574 2257 352 184 vid
2775 2257 403 184 Haga
3027 2257 654 184 Kyrkogata
3530 2257 252 184 i
3631 2257 554 184 Annedal
4033 2257 352 184 för
4184 2257 252 184 det

2574 2376 368 148 han
2785 2376 473 148 sagde
3100 2376 420 148 dag,
3362 2376 315 148 på
3520 2376 368 148 e.m
3730 2376 263 148 i
3835 2376 473 148 boden
4097 2376 368 148 olof¬-

2584 2457 412 173 ligen
2859 2457 686 173 ttillgripit
3407 2457 229 173 6
3499 2457 320 173 1/2
3682 2457 229 173 ℔
3773 2457 595 173 hafvegryn
4185 2457 320 173 värde

2611 2597 286 134 11
2754 2597 334 134 öre
2945 2597 286 134 ℔,
3088 2597 381 134 samt
3327 2597 238 134 1
3422 2597 334 134 1/2
3613 2597 238 134 ℔
3708 2597 620 134 kaksocker
4137 2597 334 134 värdt

2607 2712 253 146 42
2733 2712 295 146 öre
2860 2712 168 146 ℔.

2609 2758 340 170 Vid
2804 2758 340 170 det
2998 2758 340 170 med
3193 2758 535 170 Larsson
3581 2758 243 170 i
3678 2758 632 170 anledning
4116 2758 340 170 häraf

2576 2847 561 207 anstälde
2997 2847 468 207 förhör
3325 2847 561 207 vidgått,
3746 2847 328 207 att
3933 2847 328 207 han
4073 2847 328 207 tagit

2570 2932 551 228 grynen
2956 2932 386 228 och
3176 2932 661 228 sockret,
3672 2932 386 228 som
3892 2932 386 228 han
4057 2932 386 228 ämnat

2595 3040 743 176 bortskänka
3179 3040 425 176 till
3444 3040 319 176 en
3604 3040 796 176 bondqvinna,
4188 3040 265 176 som

2590 3129 609 161 brukar
3016 3129 609 161 handla
3443 3129 426 161 hos
3626 3129 426 161 Holm.

2610 3230 406 177 Grynen
2895 3230 284 177 och
3057 3230 447 177 sockret
3382 3230 366 177 hafva
3626 3230 406 177 genast
3911 3230 447 177 blifvit
4195 3230 244 177 till

2603 3369 461 103 egaren
2880 3369 645 103 återlemnade.

2609 3395 246 186 På
2732 3395 368 186 grund
2977 3395 246 186 af
3100 3395 327 186 hvad
3305 3395 450 186 sålunda
3632 3395 614 186 förekommit,
4124 3395 246 186 är
4205 3395 287 186 Johan

2581 3470 404 139 Larsson
2875 3470 367 139 kallad
3132 3470 294 139 till
3316 3470 551 139 inställelse
3756 3470 331 139 inför
3940 3470 551 139 Poliskammaren

2590 3578 357 124 denna
2828 3578 278 124 dag
2987 3578 238 124 då
3106 3578 556 124 målsegaren
3543 3578 238 124 är
3662 3578 476 124 tillsagd
4019 3578 278 124 sig
4138 3578 318 124 jemväl

2608 3633 463 178 infinna.
2956 3633 463 178 Göteborg
3303 3633 270 178 den
3458 3633 232 178 14
3573 3633 309 178 Juni
3728 3633 270 178 1880.
