5103 4064
596 135 303 170 för
769 135 303 170 det
942 135 260 170 de
1072 135 347 170 kort
1289 135 390 170 förut
1549 135 390 170 efter
1809 135 303 170 att
1982 135 217 170 i
2025 135 477 170 Handlande

569 241 214 178 J
655 241 514 178 Hartmans
1040 241 685 178 handelslokal
1597 241 214 178 i
1683 241 386 178 huset
1940 241 257 178 No
2069 241 300 178 136
2240 241 214 178 i
2283 241 214 178 of¬-

543 393 503 174 vannämde
920 393 377 174 rote,
1172 393 377 174 hafva
1424 393 503 174 inslagit
1801 393 252 174 en
1885 393 587 174 fönsterruta,

548 527 441 186 genom
842 527 343 186 den
1038 527 538 186 sålunda
1429 527 685 186 åstadkomna
1919 527 538 186 öppningen

562 663 561 203 tillgripit
1002 663 200 203 4
1083 663 280 203 st.
1243 663 601 203 fällknifvar
1723 663 280 203 och
1883 663 200 203 2
1923 663 521 203 slidknifvar

565 792 627 185 tillsammans
1067 792 376 185 värda
1317 792 209 185 3
1401 792 460 185 kronor;
1735 792 543 185 hvarjemte
2111 792 334 185 Polis¬-

542 939 575 169 konstapel
984 939 575 169 Andersson
1427 939 487 169 upplyst
1780 939 310 169 att
1957 939 265 169 då
2090 939 265 169 de
2179 939 265 169 för¬-

549 1081 464 195 märkte
873 1081 325 195 sig
1059 1081 371 195 vara
1291 1081 557 195 upptäkta
1708 1081 278 195 de
1801 1081 557 195 bortkastat

497 1212 589 156 knifvarne.

544 1309 323 204 Vid
728 1309 323 204 det
913 1309 323 204 med
1097 1309 600 204 Johansson
1559 1309 507 204 Bergman
1928 1309 323 204 och
2066 1309 415 204 Anders¬-

521 1454 336 205 son
713 1454 576 205 anstälda
1145 1454 480 205 förhör
1481 1454 432 205 hafva
1768 1454 288 205 de
1864 1454 624 205 sammanstäm¬-

555 1605 418 197 mande
833 1605 604 197 uppgifvit
1298 1605 325 197 att
1484 1605 279 197 då
1623 1605 279 197 de
1763 1605 325 197 vid
1902 1605 558 197 ifrågakom¬-

537 1726 252 198 ne
663 1726 546 198 tillfälle
1083 1726 588 198 uppehållit
1545 1726 294 198 sig
1713 1726 462 198 utanför
2007 1726 462 198 målsegare

526 1846 278 173 ns
665 1846 649 173 handelsbod
1174 1846 324 173 och
1360 1846 463 173 dervid
1684 1846 741 173 varseblifvit
2240 1846 232 173 nå¬-

519 1998 329 178 gra
707 1998 516 178 knifvar
1082 1998 376 178 somt
1317 1998 423 178 varit
1599 1998 610 178 upphängde
2021 1998 470 178 innanför

524 2105 283 221 ena
685 2105 486 221 fönstret
1050 2105 324 221 till
1252 2105 688 221 handelsboden,
1819 2105 243 221 de
1900 2105 567 221 öfverenskom¬-

526 2234 290 206 mit
691 2234 290 206 att
857 2234 538 206 tillgripa
1270 2234 538 206 knifvarne
1684 2234 290 206 och
1849 2234 290 206 för
2015 2234 414 206 sådant
2263 2234 207 206 an¬-

523 2398 373 184 damål
771 2398 497 184 åthjelps
1144 2398 290 184 att
1310 2398 373 184 inslå
1558 2398 663 184 fönsterrutan
2097 2398 290 184 att
2221 2398 166 184 då

517 2501 409 210 dervid
803 2501 286 210 tre
967 2501 450 210 stycken
1294 2501 450 210 knifvar
1621 2501 409 210 fallit
1907 2501 286 210 ned
2071 2501 245 210 på
2153 2501 286 210 gatan

505 2646 657 185 Andersson
1011 2646 607 185 upptaget
1466 2646 556 185 desamma
1871 2646 354 185 och
2022 2646 405 185 lemnat

494 2771 588 181 Johansson
946 2771 317 181 och
1127 2771 498 181 Bergman
1490 2771 543 181 hvardera
1897 2771 272 181 en
1987 2771 453 181 fällknif

499 2893 351 152 samt
718 2893 394 152 sjelf
981 2893 526 152 behållit
1376 2893 263 152 en
1507 2893 570 152 slidknif,
1946 2893 351 152 samt
2121 2893 219 152 att

516 2995 279 211 då
656 2995 279 211 de
796 2995 558 211 derefter
1214 2995 605 211 aflägsnat
1680 2995 326 211 sig
1866 2995 512 211 blifvit
2191 2995 233 211 ef¬-

496 3157 502 190 tersatt
862 3157 274 190 af
999 3157 868 190 Poliskonstapeln
1729 3157 594 190 Andersson
2140 3157 274 190 der¬-

500 3260 294 212 vid
668 3260 252 212 de
794 3260 589 212 bortkastat
1257 3260 252 212 de
1383 3260 589 212 tillgripne
1803 3260 463 212 knifvarne

487 3404 658 174 Malsegaren
1004 3404 517 174 Hartman
1380 3404 329 174 som
1569 3404 517 174 blifvit
1945 3404 376 174 hörd
2133 3404 235 174 har

503 3528 543 221 vitsordat
921 3528 794 221 Poliskonstapeln
1589 3528 585 221 Anderssons
2007 3528 501 221 uppgifter.

505 3653 304 235 På
657 3653 455 235 grund
961 3653 304 235 af
1112 3653 405 235 hvad
1365 3653 556 235 sålunda
1719 3653 658 235 förekommit,

2634 122 445 206 Kommer
2945 122 401 206 Johan
3212 122 445 206 Alfred
3524 122 623 206 Johansson,
4013 122 445 206 Anders
4280 122 267 206 Mag¬-

2644 283 334 208 nus
2835 283 524 208 Bergman
3216 283 334 208 och
3407 283 429 208 Johan
3693 283 477 208 Mauret
3979 283 524 208 Andersson

2644 425 294 129 att
2812 425 378 129 denna
3064 425 294 129 dag
3231 425 294 129 för
3399 425 713 129 Poliskammaren
3945 425 503 129 inställas.

3432 531 456 172 Göteborg
3774 531 266 172 den
3926 531 228 172 16
4039 531 418 172 Oktober
4305 531 266 172 1880.

4546 668 357 140 No
4665 668 298 140 222

4573 847 248 125 Anna
4697 847 279 125 Jansson

2661 648 462 231 Ogifta
2984 648 462 231 Emelia
3307 648 554 231 Aronsson
3723 648 508 231 anstäld
4092 648 231 231 i
4139 648 369 231 tjenst

2649 784 297 204 hos
2818 784 551 204 husegaren
3242 784 254 204 A.
3369 784 509 204 Olander,
3751 784 297 204 som
3920 784 297 204 bor
4090 784 212 204 i
4175 784 381 204 huset
4386 784 170 204 No

2666 900 252 195 19
2792 900 294 195 vid
2960 900 379 195 Södra
3213 900 379 195 Liden
3465 900 294 195 har
3634 900 294 195 den
3802 900 252 195 17
3928 900 421 195 dennes
4180 900 379 195 anmält,

2639 1028 289 234 att
2804 1028 289 234 den
2969 1028 248 234 30
3093 1028 536 234 sistlidne
3505 1028 536 234 September
3918 1028 206 234 å
4000 1028 413 234 gården
4248 1028 248 234 till

2630 1149 416 245 huset
2907 1149 277 245 No
3046 1149 277 245 13
3184 1149 324 245 vid
3369 1149 832 245 Kapuniergatan,
4063 1149 370 245 från
4247 1149 324 245 henne

2641 1297 652 271 tillgripits
3162 1297 261 271 en
3293 1297 522 271 klädning
3684 1297 478 271 kjortel
4032 1297 261 271 af
4119 1297 478 271 brandgult

2640 1431 572 282 bomulstyg
3080 1431 616 282 nedomkring
3564 1431 528 282 garnerad
3960 1431 308 282 med
4136 1431 308 282 två
4268 1431 308 282 rader

2637 1552 312 305 blå
2816 1552 357 305 band
3039 1552 312 305 och
3217 1552 357 305 värd
3440 1552 267 305 en
3574 1552 446 305 Krona;
3886 1552 357 305 samt
4108 1552 312 305 att
4242 1552 223 305 hon

2648 1730 280 252 för
2808 1730 599 252 tillgreppet
3287 1730 559 252 misstänkte
3726 1730 439 252 hustrun
4046 1730 319 252 Anna
4206 1730 359 252 Jonsson

2644 1864 408 238 boende
2930 1864 204 238 i
3011 1864 367 238 huset
3256 1864 245 238 No
3379 1864 245 238 15
3501 1864 286 238 vid
3664 1864 530 238 sistnamde
4031 1864 286 238 gata.

2634 2005 233 259 I
2728 2005 605 259 anledning
3193 2005 419 259 häraf
3472 2005 326 259 har
3612 2005 931 259 detektivkonstapeln

2639 2177 269 206 E.
2774 2177 583 206 Hellström
3222 2177 314 206 den
3401 2177 269 206 18
3536 2177 448 206 dennes
3850 2177 538 206 anhållit
4208 2177 359 206 ofvan¬-

2646 2287 453 249 namde
2947 2287 402 249 Anna
3199 2287 553 249 Jansson
3601 2287 352 249 som
3802 2287 352 249 vid
3953 2287 654 249 anhållandet

2679 2434 492 214 innehade
3048 2434 287 214 der
3212 2434 574 214 tillgripna
3663 2434 492 214 kjorteln
4031 2434 287 214 och
4195 2434 287 214 har
4318 2434 287 214 Jans¬-

2694 2543 294 290 son
2862 2543 294 290 vid
3030 2543 421 290 förhör
3325 2543 547 290 uppgifvit
3746 2543 294 290 att
3914 2543 294 290 hon
4082 2543 294 290 för
4208 2543 379 290 omkring

2676 2663 280 286 att
2836 2663 360 286 dagar
3076 2663 360 286 sedan
3316 2663 280 286 för
3476 2663 240 286 50
3596 2663 280 286 öre
3756 2663 320 286 köpt
3956 2663 480 286 kjorteln
4316 2663 240 286 af
4396 2663 200 286 ett

2666 2892 567 190 obekant
3027 2892 619 190 fruntimmer

2674 2998 493 217 Kjorteln
3044 2998 288 217 har
3208 2998 452 217 blifvit
3537 2998 329 217 till
3742 2998 575 217 målsegaren
4153 2998 411 217 återlem¬-

2591 3144 355 127 nad

2663 3164 290 239 På
2808 3164 435 239 grund
3098 3164 290 239 af
3243 3164 387 239 hvad
3485 3164 532 239 sålunda
3872 3164 677 239 förekommet
4356 3164 242 239 kom

2685 3325 272 173 är
2821 3325 362 173 Anna
3047 3325 498 173 Jansson
3409 3325 453 173 kallad
3726 3325 362 173 till
3907 3325 679 173 Poliskammaren

2672 3466 417 184 denna
2950 3466 324 184 dag
3135 3466 556 184 Göteborg
3552 3466 324 184 den
3737 3466 278 184 19
3876 3466 510 184 Oktober
4201 3466 324 184 1880.

4558 3561 273 144 No
4648 3561 273 144 223.

4523 3684 234 128 Carl
4669 3684 293 128 Alfred
4845 3684 146 128 An¬-

4544 3755 369 100 dersson
4780 3755 202 100 Sjö¬-

4487 3826 389 101 strand

2733 3551 668 285 Gjutaren
3234 3551 445 285 Carl
3513 3551 557 285 August
3847 3551 612 285 Tobiasson

2721 3705 544 186 boende
3101 3705 272 186 i
3210 3705 489 186 Enkan
3536 3705 761 186 Anderssons
4134 3705 380 186 hus
4297 3705 163 186 i
