5011 4056
489 210 362 191 gifvit,
753 210 231 191 att
884 210 231 191 hon
1016 210 231 191 den
1148 210 198 191 27
1246 210 329 191 dennes
1477 210 263 191 fått
1642 210 263 191 uret
1806 210 198 191 af
1905 210 198 191 en
2004 210 329 191 kapten
2201 210 198 191 Bel¬-

491 317 342 203 frage,
730 317 239 203 som
867 317 239 203 hon
1004 317 342 203 besökt
1243 317 205 203 på
1346 317 308 203 hotel
1551 317 308 203 Stadt
1756 317 410 203 Hamburg,
2064 317 239 203 men
2167 317 239 203 hvil¬-

473 451 212 152 ken
594 451 272 152 dagen
775 451 272 152 derpå
957 451 242 152 rest
1108 451 242 152 till
1259 451 423 152 Stockholm;
1592 451 212 152 att
1713 451 212 152 hon
1834 451 181 152 ej
1924 451 272 152 varit
2076 451 302 152 tillsam¬-

465 553 272 195 mans
635 553 238 195 med
771 553 306 195 eller
974 553 272 195 sett
1144 553 509 195 målsegaren;
1552 553 272 195 samt
1722 553 238 195 att
1858 553 272 195 hon,
2027 553 306 195 efter
2197 553 170 195 att

471 683 235 143 den
606 683 202 143 28
707 683 336 143 dennes
942 683 302 143 låtit
1143 683 437 143 pantsatta
1479 683 269 143 uret
1647 683 235 143 för
1782 683 168 143 5
1849 683 336 143 Kronor
2084 683 235 143 hos
2185 683 235 143 Pant¬-

482 805 435 190 lånerskan
816 805 401 190 Jonsson,
1117 805 234 190 den
1251 805 201 190 29
1351 805 335 190 dennes
1586 805 335 190 lemnat
1820 805 468 190 pantsedeln
2154 805 201 190 till

429 929 407 173 Sjöstrand.

622 998 476 162 Strandberg
996 998 238 162 har
1132 998 476 162 förklarat,
1505 998 238 162 att
1641 998 238 162 han
1777 998 272 162 icke
1913 998 408 162 igenkänner

489 1127 430 190 Andersson
820 1127 298 190 eller
1018 1127 232 190 kan
1151 1127 331 190 erinra
1382 1127 232 190 sig
1515 1127 232 190 att
1647 1127 232 190 han
1779 1127 298 190 varit
1945 1127 430 190 tillsammans

469 1290 242 159 med
573 1290 277 159 henne.

671 1324 374 192 Enkefru
943 1324 204 192 M.
1045 1324 374 192 Sandin,
1317 1324 238 192 som
1453 1324 374 192 innehar
1725 1324 306 192 hotel
1929 1324 306 192 Stadt
2099 1324 306 192 Hamburg

470 1464 243 149 har
609 1464 416 149 upplyst,
921 1464 243 149 att
1059 1464 312 149 någon
1267 1464 347 149 person
1510 1464 243 149 med
1649 1464 347 149 namnet
1891 1464 416 149 Belfrage
2168 1464 243 149 ifrå¬-

472 1550 368 210 gakomne
739 1550 234 210 dag
873 1550 267 210 icke
1040 1550 267 210 bott
1207 1550 167 210 å
1274 1550 435 210 hotellet,
1608 1550 401 210 äfvensom
1909 1550 234 210 att
2009 1550 368 210 Vilhelmi¬-

490 1682 216 198 na
598 1682 467 198 Andersson
957 1682 287 198 vore
1137 1682 252 198 för
1281 1682 323 198 henne
1496 1682 431 198 alldeles
1784 1682 359 198 obekant.

640 1797 241 155 Det
777 1797 344 155 skulle
1018 1797 241 155 här
1156 1797 482 155 antecknas,
1535 1797 241 155 att
1672 1797 482 155 Wilhelmina
2016 1797 379 155 Andersson

475 1890 236 209 den
610 1890 203 209 24
712 1890 169 209 i
779 1890 304 209 denna
982 1890 304 209 månad
1184 1890 371 209 blifvit
1454 1890 203 209 af
1555 1890 236 209 RRn
1690 1890 270 209 dömd
1859 1890 236 209 att
1994 1890 236 209 för
2095 1890 304 209 snatte¬-

472 2024 205 144 ri
574 2024 273 144 böta
745 2024 205 144 30
813 2024 307 144 Kronor.

636 2114 206 210 På
739 2114 309 210 grund
945 2114 206 210 af
1048 2114 275 210 hvad
1219 2114 378 210 sålunda
1494 2114 515 210 förekommit,
1906 2114 309 210 komma
2077 2114 309 210 Vilhel¬-

489 2240 256 220 mina
649 2240 416 220 Andersson
969 2240 224 220 och
1097 2240 256 220 Carl
1257 2240 320 220 Alfred
1482 2240 416 220 Andersson
1802 2240 416 220 Sjöstrand
2122 2240 224 220 att
2218 2240 192 220 den¬-

490 2365 207 202 na
593 2365 241 202 dag
731 2365 241 202 för
868 2365 241 202 PKn
1006 2365 482 202 inställas.
1385 2365 413 202 Göteborg
1695 2365 241 202 den
1832 2365 207 202 30
1936 2365 310 202 April
2108 2365 241 202 1880.

103 2530 242 128 No
183 2530 242 128 101.

72 2632 214 197 Johan
215 2632 261 197 Wilhelm
381 2632 166 197 West¬-

69 2787 204 135 man
186 2787 175 135 m.
244 2787 146 135 fl.

627 2483 460 213 Följande
972 2483 460 213 personer
1316 2483 345 213 hafva
1508 2483 345 213 anmält:

536 2560 186 199 1o
629 2560 435 199 Fabrikören
971 2560 186 199 J.
1064 2560 186 199 M.
1157 2560 373 199 Jansson,
1436 2560 311 199 boende
1654 2560 155 199 i
1716 2560 279 199 huset
1902 2560 186 199 No
1995 2560 155 199 5
2057 2560 217 199 vid
2151 2560 217 199 Östra

470 2665 401 265 Nygatan,
770 2665 234 265 att
904 2665 200 265 på
1004 2665 367 265 aftonen
1271 2665 234 265 den
1404 2665 200 265 22
1504 2665 334 265 dennes
1738 2665 200 265 ur
1838 2665 200 265 en
1938 2665 267 265 låst
2072 2665 300 265 källare

505 2782 159 200 i
569 2782 349 200 berörde
823 2782 222 200 hus
950 2782 286 200 genom
1140 2782 381 200 inbrott,
1426 2782 349 200 hvarvid
1680 2782 381 200 krampan,
1966 2782 286 200 hvari
2125 2782 286 200 hänglå¬-

480 2892 226 208 set
609 2892 226 208 var
738 2892 387 208 fästadt,
1028 2892 451 208 lösryckts,
1383 2892 258 208 från
1544 2892 290 208 honom
1737 2892 484 208 tillgripits
2092 2892 290 208 omkring

485 3008 192 217 17
581 3008 511 217 halfbuteljer
996 3008 319 217 fransk
1219 3008 383 217 liqueur,
1507 3008 287 217 värde
1698 3008 160 217 3
1762 3008 319 217 kronor
1986 3008 351 217 stycket
2209 3008 160 217 och

470 3133 236 203 fem
605 3133 472 203 halfburkar
976 3133 405 203 anjovis,
1280 3133 303 203 värde
1482 3133 202 203 40
1583 3133 236 203 öre
1718 3133 405 203 stycket;
1988 3133 202 203 samt

478 3222 193 207 2o
574 3222 290 207 Enkan
768 3222 290 207 Brita
961 3222 451 207 Andersson,
1316 3222 322 207 boende
1541 3222 161 207 i
1605 3222 290 207 huset
1799 3222 193 207 No
1895 3222 161 207 3
1960 3222 226 207 vid
2057 3222 354 207 Långgatan

469 3331 176 196 i
539 3331 423 196 Landala:
856 3331 247 196 att
997 3331 247 196 den
1138 3331 211 196 28
1244 3331 352 196 dennes
1491 3331 211 196 ur
1597 3331 211 196 en
1702 3331 317 196 olåst
1914 3331 388 196 källare
2161 3331 211 196 der¬-

469 3455 303 196 städes
681 3455 243 196 från
833 3455 273 196 honom
1015 3455 455 196 tillgripits
1379 3455 334 196 omkring
1621 3455 182 196 40
1712 3455 152 196 ℔
1773 3455 273 196 lump,
1955 3455 243 196 värd
2107 3455 152 196 2
2137 3455 273 196 Kronor.

547 3516 297 244 Sedan
745 3516 461 244 upplysning
1107 3516 396 244 vunnits,
1404 3516 231 244 att
1536 3516 231 244 två
1668 3516 429 244 ynglingar
1997 3516 363 244 försålt
2228 3516 165 244 den

462 3664 459 196 tillgripne
823 3664 328 196 lumpen
1052 3664 262 196 till
1216 3664 295 196 Enkan
1413 3664 262 196 Anna
1576 3664 459 196 Petersson,
1937 3664 328 196 boende
2166 3664 164 196 i
2199 3664 164 196 hu¬

2657 194 228 216 set
2788 194 196 216 No
2886 194 196 216 24
2984 194 228 216 vid
3114 194 424 216 Långgatan
3441 194 163 216 i
3506 194 392 216 Landala,
3799 194 294 216 hafva
3963 194 587 216 detektivkonstap¬-

2637 324 265 213 larne
2813 324 177 213 C.
2902 324 383 213 Hellström
3196 324 206 213 och
3314 324 177 213 J.
3402 324 353 213 Engqvist
3667 324 206 213 den
3785 324 177 213 29
3874 324 295 213 dennes
4080 324 206 213 för
4198 324 265 213 dessa
4345 324 206 213 till¬-

2620 463 319 239 grepp
2832 463 426 239 anhållit
3152 463 532 239 ynglingarne
3578 463 319 239 Johan
3790 463 390 239 Vilhelm
4074 463 426 239 Vestman,
4358 463 213 239 född

2641 562 233 217 den
2774 562 199 217 15
2873 562 399 217 December
3172 562 266 217 1864
3338 562 233 217 och
3471 562 166 217 i
3538 562 332 217 saknad
3770 562 199 217 af
3870 562 365 217 bostad,
4135 562 266 217 Carl
4268 562 266 217 Robert

2635 711 432 224 Eriksson,
2967 711 266 224 född
3133 711 233 224 den
3266 711 199 224 27
3366 711 266 224 Mars
3532 711 266 224 1866
3698 711 233 224 och
3831 711 233 224 son
3964 711 199 224 af
4031 711 465 224 Arbetskarlen

2639 805 257 262 Lars
2799 805 417 262 Eriksson,
3120 805 321 262 boende
3345 805 160 262 i
3409 805 289 262 huset
3602 805 193 262 No
3698 805 193 262 27
3794 805 257 262 Litt
3954 805 160 262 H
4019 805 225 262 vid
4147 805 417 262 Långgatan
4436 805 96 262 i

2628 956 356 183 Landala
2887 956 259 183 samt
3049 956 259 183 Otto
3211 956 324 183 Martin
3438 956 454 183 Börjesson,
3794 956 259 183 född
3956 956 227 183 den
4085 956 194 183 23
4183 956 292 183 Sept.
4345 956 194 183 1868

2651 1062 217 251 och
2775 1062 217 251 son
2899 1062 186 251 af
2993 1062 497 251 arbetskarlen
3396 1062 248 251 Erik
3551 1062 435 251 Börjesson,
3893 1062 311 251 boende
4110 1062 155 251 i
4172 1062 279 251 huset
4359 1062 186 251 No
4421 1062 124 251 98

2639 1181 253 228 Litt
2798 1181 190 228 C.
2893 1181 158 228 i
2956 1181 348 228 stadens
3209 1181 253 228 12te
3367 1181 285 228 rote,
3557 1181 317 228 hvilka
3779 1181 222 228 vid
3905 1181 222 228 det
4032 1181 222 228 med
4159 1181 222 228 dem
4254 1181 317 228 anställ¬-

2644 1359 209 210 da
2749 1359 348 210 förhör
2958 1359 383 210 uppgifvit

2641 1458 197 202 1o
2740 1458 393 202 Vestman:
3035 1458 230 202 att
3166 1458 262 202 han,
3330 1458 393 202 Eriksson
3625 1458 230 202 och
3756 1458 426 202 Börjesson
4084 1458 230 202 den
4215 1458 197 202 22
4313 1458 197 202 ds
4379 1458 131 202 på

2639 1568 278 193 e.m.
2813 1568 348 193 kommit
3057 1568 244 193 hit
3196 1568 278 193 från
3370 1568 522 193 Kungsbacka,
3787 1568 244 193 der
3927 1568 209 193 de
4031 1568 313 193 någon
4240 1568 244 193 tid
4344 1568 174 193 up¬-

2624 1698 423 210 pehållit
2941 1698 282 210 sig;
3117 1698 247 210 att
3258 1698 211 210 då
3364 1698 211 210 de
3470 1698 352 210 dervid
3716 1698 423 210 passerat
4034 1698 317 210 Östra
4210 1698 317 210 Nygatan

2622 1784 224 295 och
2750 1784 288 295 genom
2942 1784 224 295 ett
3070 1784 352 295 fönster
3325 1784 256 295 till
3485 1784 288 295 huset
3677 1784 192 295 No
3773 1784 160 295 5
3837 1784 511 295 varseblifvit
4220 1784 320 295 buteljer

2622 1947 168 210 i
2690 1947 202 210 en
2790 1947 403 210 källare,
3093 1947 202 210 de
3194 1947 605 210 öfverenskommit
3698 1947 235 210 att
3832 1947 437 210 tillgripa
4168 1947 336 210 dessa,
4370 1947 134 210 af

2622 2063 350 210 hvilken
2877 2063 414 210 anledning
3195 2063 350 210 Vestman
3449 2063 223 210 och
3577 2063 382 210 Eriksson
3863 2063 254 210 gått
4022 2063 223 210 ned
4149 2063 159 210 i
4181 2063 318 210 källare¬-

2622 2174 376 241 gången,
2896 2174 376 241 hvarest
3169 2174 205 241 de
3272 2174 240 241 med
3409 2174 240 241 ett
3546 2174 240 241 der
3683 2174 479 241 påträffadt
4059 2174 376 241 jernrör
4298 2174 240 241 från¬-

2613 2273 352 286 brutit
2859 2273 633 286 hänglåskrampan
3387 2273 281 286 till
3562 2273 563 286 källardörren
4020 2273 246 286 och
4160 2273 211 286 ur
4231 2273 281 286 källa¬-

2619 2438 229 255 ren
2750 2438 457 255 tillgripit
3109 2438 163 255 4
3174 2438 392 255 buteljer
3468 2438 294 255 likör
3664 2438 229 255 och
3795 2438 196 255 en
3892 2438 261 255 burk
4056 2438 392 255 anjovis,
4317 2438 163 255 som

2612 2547 201 241 de
2713 2547 336 241 straxt
2948 2547 403 241 derefter
3250 2547 403 241 förtärt;
3552 2547 235 241 att
3686 2547 369 241 Westman
3955 2547 235 241 och
4089 2547 436 241 Börjesson
4391 2547 168 241 på¬-

2638 2687 325 231 följde
2866 2687 228 231 dag
2996 2687 195 231 på
3094 2687 260 231 e.m.
3256 2687 488 231 ytterligare
3646 2687 195 231 ur
3744 2687 423 231 källaren,
4069 2687 228 231 som
4199 2687 228 231 vid
4296 2687 228 231 detta

2633 2817 380 194 tillfälle
2925 2817 263 194 varit
3100 2817 292 194 olåst,
3304 2817 409 194 tillgripit
3626 2817 204 194 två
3743 2817 350 194 buteljer
4005 2817 263 194 likör
4181 2817 204 194 och
4297 2817 175 194 en
4356 2817 175 194 burk

2642 2936 376 243 anjovis,
2923 2936 313 243 hvaraf
3143 2936 407 243 Börjesson
3456 2936 188 243 då
3550 2936 376 243 erhållit
3831 2936 313 243 endast
4050 2936 188 243 en
4144 2936 250 243 sup,
4270 2936 250 243 hvare¬-

2624 3083 223 182 mot
2751 3083 350 182 Westman
3006 3083 382 182 behållit
3292 3083 477 182 återstoden;
3673 3083 223 182 att
3801 3083 286 182 sedan
3991 3083 191 182 de
4087 3083 413 182 urdruckit
4373 3083 159 182 bu¬-

2614 3177 444 211 teljerna,
2955 3177 205 211 de
3058 3177 546 211 sönderslagit
3502 3177 376 211 glaset;
3775 3177 273 211 samt
3946 3177 239 211 att
4082 3177 376 211 Westman
4321 3177 171 211 och

2613 3338 470 183 Börjesson
2975 3338 253 183 den
3119 3338 217 183 28
3228 3338 362 183 dennes
3481 3338 543 183 tillsammans
3915 3338 253 183 med
4024 3338 470 183 ynglingarne

2606 3427 316 184 Carl
2803 3427 394 184 Harald
3079 3427 513 184 Andersson
3473 3427 276 184 och
3631 3427 316 184 Carl
3828 3427 355 184 Anton
4026 3427 473 184 Wennermark

2598 3578 249 184 vid
2740 3578 249 184 två
2882 3578 320 184 olika
3095 3578 497 184 tillfällen
3485 3578 213 184 ur
3592 3578 320 184 enkan
3805 3578 497 184 Anderssons
4160 3578 320 184 källare
