5095 4051
664 113 601 211 Pantlånaren
1145 113 241 211 P.
1265 113 441 211 Larsson
1586 113 281 211 och
1746 113 281 211 hos
1907 113 361 211 honom
2107 113 361 211 anstäl¬-

477 292 262 208 da
608 292 437 208 ogifta
914 292 481 208 Augusta
1264 292 699 208 Christensson
1831 292 393 208 hafva
2050 292 393 208 samman¬-

484 429 564 213 stämmande
917 429 477 213 upplyst
1264 429 303 213 att
1437 429 260 213 de
1567 429 217 213 i
1654 429 477 213 Bergman
2001 429 303 213 med
2131 429 390 213 bestäm¬-

449 578 303 230 het
622 578 563 230 igenkände
1055 578 303 230 den
1229 578 347 230 karl
1445 578 303 230 som
1618 578 303 230 hos
1792 578 477 230 Larsson
2095 578 390 230 belånat

421 704 315 184 uret.

666 838 266 185 De
799 838 753 185 ifrågavarande
1419 838 664 185 persedlarne
1906 838 531 185 innehafvas

484 935 265 206 af
616 935 970 206 Detektivkonstapeln
1454 935 573 206 Rönnbäck,
1895 935 309 206 som
2071 935 265 206 af
2159 935 309 206 måls¬-

473 1077 470 224 eganden
815 1077 556 224 emottagit
1243 1077 513 224 fullmakt
1628 1077 299 224 att
1799 1077 342 224 föra
2013 1077 342 224 hans
2184 1077 299 224 talan

530 1228 287 238 Af
674 1228 527 238 Bergman
1057 1228 623 238 innehafde
1536 1228 575 238 kontante
1919 1228 527 238 penningar

460 1397 277 213 21
598 1397 461 213 Kronor
921 1397 277 213 50
1059 1397 323 213 öre
1244 1397 507 213 bifogas
1613 1397 415 213 denna
1843 1397 415 213 rapport

571 1531 211 241 På
676 1531 316 241 grund
887 1531 246 241 etc
1027 1531 491 241 inställas.
1413 1531 421 241 Göteborg
1729 1531 246 241 den
1869 1531 211 241 26
1975 1531 386 241 Oktober
2220 1531 211 241 1880

99 1685 309 137 No
202 1685 258 137 227

52 1772 377 201 Anders
278 1772 264 201 Wahl¬-

8 1928 336 166 ström

664 1696 1047 233 Reserfpoliskonstapeln
1585 1696 251 233 J.
1711 1696 461 233 Friberg
2046 1696 293 233 har
2172 1696 251 233 Mån¬-

508 1831 341 214 dagen
736 1831 265 214 den
887 1831 228 214 25
1001 1831 379 214 dennes
1266 1831 265 214 kl.
1418 1831 265 214 1/2
1570 1831 190 214 9
1646 1831 228 214 på
1759 1831 417 214 aftonen
2025 1831 379 214 anhållit

485 2020 636 130 Arbetskarlen
1002 2020 397 130 Anders
1280 2020 556 130 Wahlström,
1717 2020 397 130 boende
1995 2020 199 130 i
2074 2020 358 130 huset
2273 2020 159 130 No

483 2140 226 192 12
596 2140 264 192 vid
747 2140 339 192 Södra
973 2140 339 192 Liden
1199 2140 264 192 för
1350 2140 264 192 det
1501 2140 264 192 han
1652 2140 452 192 innehaft
1991 2140 264 192 sex
2104 2140 339 192 stycken

334 2274 670 200 granvedsträn
878 2274 293 200 för
1046 2274 460 200 åtkomst
1381 2274 502 200 hvartill
1757 2274 293 200 han
1925 2274 335 200 icke
2092 2274 335 200 kunnat

426 2438 442 114 redogöra.

644 2445 313 283 Wid
823 2445 313 283 det
1002 2445 313 283 med
1181 2445 582 283 Wahlström
1629 2445 224 283 i
1719 2445 582 283 anledning
2122 2445 313 283 häraf

460 2647 506 218 anstälda
840 2647 422 218 förhör
1135 2647 295 218 har
1304 2647 295 218 han
1473 2647 464 218 erkänt,
1810 2647 295 218 att
1979 2647 295 218 han
2105 2647 338 218 Lörda¬-

453 2826 295 198 gen
621 2826 295 198 den
790 2826 253 198 23
916 2826 421 198 dennes
1211 2826 295 198 vid
1379 2826 674 198 middagstiden
1927 2826 253 198 då
2053 2826 295 198 han
2179 2826 211 198 för

445 2926 600 190 Handlanden
917 2926 257 190 H.
1046 2926 729 190 Silfverbrands
1646 2926 214 190 i
1732 2926 386 190 huset
1989 2926 257 190 No
2118 2926 214 190 8
2161 2926 214 190 vid

457 3085 368 223 Östra
702 3085 450 223 Nygatan
1029 3085 450 223 räkning
1356 3085 368 223 varit
1602 3085 572 223 sysselsatt
2051 3085 286 223 att
2215 3085 245 223 ur
2296 3085 123 223 å

450 3233 677 224 jernvägspåret
1008 3233 279 224 vid
1167 3233 358 224 Lilla
1406 3233 398 224 Bommen
1684 3233 438 224 stående
1963 3233 438 224 jernvägs¬-

449 3357 380 238 vagnar
715 3357 342 238 lossa
943 3357 304 238 ved,
1133 3357 532 238 tillgripit
1551 3357 570 238 ifragakomne
1969 3357 380 238 vedträn,

410 3508 345 218 som
607 3508 345 218 han
804 3508 394 218 gömt
1050 3508 246 218 å
1148 3508 591 218 Hultmans
1591 3508 492 218 holme;
1936 3508 394 218 samt
2133 3508 246 218 att

428 3677 287 236 han
592 3677 287 236 den
756 3677 246 236 25
879 3677 410 236 dennes
1167 3677 246 236 på
1290 3677 451 236 aftonen
1618 3677 493 236 begifvit
1988 3677 287 236 sig
2111 3677 246 236 till

2586 126 514 195 Hultmans
2972 126 385 195 holme
3229 126 300 195 och
3400 126 514 195 afhemtat
3785 126 343 195 trän
3999 126 300 195 för
4171 126 300 195 att
4299 126 257 195 föra

2577 275 285 173 dem
2740 275 326 173 till
2944 275 285 173 sin
3107 275 448 173 bostad,
3432 275 285 173 men
3595 275 407 173 dervid
3880 275 448 173 blifvit
4165 275 407 173 anhållen

2716 411 405 165 Träna,
2999 411 283 165 som
3161 411 526 165 värderats
3565 411 324 165 till
3767 411 202 165 1
3848 411 364 165 Krona
4091 411 364 165 hafva
4293 411 243 165 till

2571 555 406 242 egaren
2815 555 568 242 återlemnats.

2754 678 272 229 På
2890 678 409 229 grund
3162 678 272 229 af
3298 678 363 229 hvad
3525 678 499 229 sålunda
3889 678 636 229 forekommit
4343 678 272 229 kom¬-

2595 880 282 164 mer
2756 880 403 164 Anders
3038 880 524 164 Wahlström
3442 880 282 164 att
3603 880 363 164 denna
3845 880 282 164 dag
4006 880 282 164 för
4168 880 282 164 PKn
4289 880 282 164 inst.

3372 966 520 224 Göteborg
3762 966 303 224 den
3935 966 260 224 26
4065 966 390 224 Oktob
4282 966 260 224 1880

4529 1116 280 188 No
4623 1116 233 188 227

4454 1274 360 132 August

4501 1356 470 176 Gustafsson

2761 1113 823 156 Poliskonstapeln
3454 1113 260 156 No
3584 1113 260 156 65
3714 1113 433 156 Ekdahl
4018 1113 303 156 har
4148 1113 433 156 Onsdagen

2593 1250 256 190 den
2740 1250 220 190 27
2850 1250 366 190 dennes
3106 1250 256 190 kl.
3252 1250 183 190 3
3325 1250 293 190 e.m.
3508 1250 439 190 anhållit
3837 1250 256 190 för
3984 1250 439 190 snatteri
4276 1250 293 190 straf¬-

2578 1389 335 192 fade
2788 1389 671 192 Arbetskarlen
3333 1389 419 192 August
3626 1389 587 192 Gustafsson
4087 1389 335 192 från
4255 1389 335 192 garden

2595 1520 322 198 Rese
2796 1520 201 198 i
2876 1520 563 198 Starrkärrs
3319 1520 402 198 Socken
3600 1520 322 198 Ahle
3801 1520 362 198 härad
4042 1520 281 198 för
4203 1520 281 198 det
4324 1520 201 198 han

2612 1676 349 204 kort
2830 1676 392 204 förut
3092 1676 218 204 å
3179 1676 305 204 ett
3353 1676 392 204 akdon
3615 1676 218 204 å
3702 1676 523 204 allmanna
4050 1676 523 204 landsvägen

2626 1810 427 229 utanför
2936 1810 349 229 huset
3169 1810 233 229 No
3285 1810 233 229 76
3402 1810 194 229 i
3479 1810 427 229 stadens
3790 1810 310 229 12te
3984 1810 310 229 rote
4177 1810 194 229 i
4216 1810 388 229 Galgkro¬-

2617 1949 331 225 garne
2838 1949 478 225 olofligen
3205 1949 514 225 tillgripit
3609 1949 220 225 en
3719 1949 331 225 korg,
3940 1949 588 225 innehållande
4380 1949 184 225 1/2

2618 2082 197 226 ℔
2696 2082 355 226 kaffe
2933 2082 276 226 ett
3091 2082 197 226 ℔
3170 2082 394 226 socker
3446 2082 197 226 2
3525 2082 197 226 ℔
3604 2082 552 226 hvetemjöl,
4038 2082 197 226 1
4117 2082 276 226 1/2
4274 2082 197 226 ℔
4314 2082 276 226 fläsk

2599 2200 250 258 tre
2742 2200 393 258 korfvar
3028 2200 179 258 2
3100 2200 250 258 st.
3243 2200 286 258 ljus
3422 2200 250 258 och
3565 2200 250 258 1/8
3708 2200 179 258 ℔
3779 2200 358 258 tobak;
4029 2200 250 258 och
4172 2200 250 258 har
4280 2200 358 258 Gustafs¬-

2620 2364 278 199 son
2779 2364 278 199 vid
2938 2364 278 199 det
3096 2364 278 199 med
3255 2364 357 199 honom
3493 2364 198 199 i
3572 2364 516 199 anledning
3969 2364 357 199 häraf
4167 2364 397 199 anstälde

2611 2518 419 223 förhör
2904 2518 461 223 erkänt,
3240 2518 293 223 att
3407 2518 293 223 han
3575 2518 293 223 som
3743 2518 629 223 förstnamnde
4246 2518 293 223 dag
4372 2518 251 223 kom¬-

2615 2661 260 198 mit
2763 2661 260 198 hit
2912 2661 297 198 till
3098 2661 371 198 staden
3358 2661 260 198 för
3506 2661 260 198 att
3655 2661 297 198 söka
3840 2661 408 198 arbete,
4137 2661 260 198 vid
4249 2661 334 198 uppgif¬-

2638 2798 226 237 na
2751 2798 526 237 tillfället
3165 2798 526 237 tillgripit
3578 2798 376 237 korgen
3842 2798 263 237 med
3992 2798 451 237 uppgifna
4293 2798 263 237 inne¬-

2624 2911 398 221 hållet
2903 2911 279 221 men
3062 2911 279 221 att
3221 2911 279 221 han
3381 2911 438 221 blifvit
3699 2911 239 221 af
3819 2911 757 221 Poliskonstapeln
4416 2911 199 221 an¬-

2606 3067 401 223 hållen
2886 3067 361 223 innan
3127 3067 280 223 han
3287 3067 401 223 hunnit
3567 3067 481 223 aflägsna
3928 3067 280 223 sig
4088 3067 320 223 från
4248 3067 401 223 åkdonet.

2736 3188 367 260 Enkan
2981 3188 367 260 Maria
3226 3188 449 260 Jonsson
3553 3188 327 260 från
3757 3188 612 260 Östergården
4246 3188 204 260 i
4287 3188 286 260 Fäss¬-

2609 3388 348 209 bergs
2841 3388 386 209 socken
3112 3388 270 209 har
3266 3388 386 209 anmält
3537 3388 270 209 sig
3691 3388 270 209 som
3846 3388 348 209 egare
4077 3388 309 209 till
4232 3388 309 209 korgen

2611 3492 261 189 med
2760 3492 485 189 innehåll,
3133 3492 261 189 som
3282 3492 261 189 hon
3431 3492 447 189 värderat
3767 3492 298 189 till
3953 3492 186 189 5
4028 3492 373 189 kronor
4289 3492 261 189 och
4401 3492 186 189 har

2631 3634 444 233 samtliga
2964 3634 259 233 det
3112 3634 518 233 tillgripna
3519 3634 407 233 blifvit
3814 3634 296 233 till
3999 3634 333 233 henne
4184 3634 444 233 återlemnat

2875 3771 195 206 På
2972 3771 292 206 grund
3167 3771 195 206 af
3264 3771 260 206 etc.
3426 3771 162 206 =
3491 3771 422 206 inställas
3816 3771 389 206 Göteborg
4108 3771 227 206 den
4238 3771 195 206 27
4335 3771 227 206 0kt
4432 3771 195 206 1880
