4901 4090
434 127 225 177 det
562 127 353 177 sednare
819 127 353 177 myntet;
1077 127 225 177 att
1205 127 193 177 då
1301 127 193 177 de
1398 127 353 177 begärt,
1655 127 225 177 att
1783 127 193 177 få
1880 127 193 177 25
1976 127 257 177 öre,
2137 127 225 177 men
2233 127 161 177 han

432 260 413 150 förklarat
750 260 223 150 sig
877 260 350 150 behöfva
1132 260 223 150 sig
1259 260 254 150 sina
1418 260 445 150 penningar,
1768 260 191 150 en
1863 260 191 150 af
1959 260 191 150 de
2054 260 318 150 okände
2245 260 191 150 kar¬-

435 358 292 190 larne
629 358 519 190 omkullslagit
1051 358 325 190 honom,
1278 358 357 190 hvarvid
1538 358 227 190 ett
1668 358 260 190 mynt
1830 358 162 190 å
1895 358 195 190 50
1992 358 260 190 öre,
2154 358 227 190 som
2252 358 162 190 Jo¬-

418 474 365 207 hansson
684 474 266 207 haft
850 474 399 207 liggande
1149 474 266 207 löst
1315 474 166 207 i
1381 474 233 207 ena
1514 474 498 207 rockfickan,
1913 474 332 207 fallit
2145 474 199 207 på
2212 474 199 207 mar¬-

434 575 227 217 ken
563 575 260 217 och,
726 575 422 217 upptagits
1051 575 195 217 af
1148 575 260 217 den,
1311 575 227 217 som
1441 575 520 217 omkullslagit
1863 575 455 217 Johansson,
2188 575 227 217 hvar¬-

416 690 300 205 jemte
615 690 300 205 samme
815 690 266 205 karl
982 690 433 205 fråntagit
1315 690 433 205 Johansson
1648 690 200 205 en
1748 690 366 205 butelj,
1981 690 466 205 innehållande

438 809 234 160 1/4
571 809 301 160 kanna
772 809 401 160 bränvin,
1073 809 368 160 hvilken
1341 809 335 160 butelj
1575 809 234 160 han
1709 809 268 160 haft
1876 809 401 160 förvarad
2177 809 167 160 i
2211 809 167 160 ena

430 913 477 207 rockfickan,
812 913 254 207 samt
970 913 222 207 att
1097 913 445 207 förenämnde
1447 913 318 207 karlar
1669 913 381 207 derefter
1955 913 413 207 aflägsnat
2241 913 191 207 sig.

600 1030 295 185 Såsom
797 1030 426 185 misstänkt
1125 1030 229 185 för
1256 1030 492 185 delaktighet
1649 1030 164 185 i
1715 1030 295 185 detta
1911 1030 262 185 rån,
2075 1030 229 185 har
2174 1030 262 185 Polis¬-

422 1152 465 165 konstapeln
787 1152 199 165 No
887 1152 199 165 63
987 1152 399 165 Carlsson
1286 1152 399 165 Söndagen
1585 1152 233 165 den
1718 1152 199 165 20
1818 1152 332 165 dennes
2050 1152 199 165 på
2117 1152 299 165 aftonen

435 1251 377 161 anhållit
717 1251 220 161 för
843 1251 377 161 snatteri
1126 1251 409 161 straffade
1440 1251 283 161 förre
1629 1251 660 161 Kronoarbetskarlen
2163 1251 220 161 Anton

424 1378 327 163 Robert
653 1378 393 163 Larsson,
948 1378 360 163 hvilken
1210 1378 229 163 vid
1341 1378 229 163 det
1472 1378 229 163 med
1603 1378 295 163 honom
1799 1378 426 163 anställde
2094 1378 262 163 förhör

446 1455 444 225 uppgifvit,
795 1455 222 225 att
922 1455 222 225 han
1048 1455 222 225 den
1175 1455 190 225 19
1270 1455 317 225 dennes
1492 1455 190 225 på
1587 1455 190 225 e.
1682 1455 190 225 m.
1777 1455 285 225 jemte
1967 1455 285 225 förre
2126 1455 253 225 Krono¬-

450 1557 515 233 arbetskarlen
868 1557 290 233 Johan
1061 1557 354 233 Jonsson
1318 1557 225 233 och
1447 1557 515 233 Arbetskarlen
1865 1557 290 233 Oskar
2026 1557 354 233 Johansson

438 1695 449 180 uppehållit
791 1695 225 180 sig
919 1695 161 180 å
984 1695 289 180 vägen
1176 1695 353 180 emellan
1433 1695 289 180 Stora
1626 1695 225 180 och
1754 1695 289 180 Lilla
1947 1695 417 180 Härlanda;
2236 1695 161 180 att

432 1820 199 178 då
531 1820 465 178 Målsegaren
897 1820 332 178 kommit
1130 1820 332 178 gående
1363 1820 299 178 vägen
1562 1820 299 178 fram,
1761 1820 366 178 Jonsson
2027 1820 332 178 närmat
2227 1820 166 178 sig

435 1892 305 205 honom
638 1892 237 205 och
774 1892 271 205 bedt
943 1892 203 205 om
1045 1892 474 205 penningar;
1418 1892 237 205 att
1553 1892 474 205 Målsegaren
1926 1892 407 205 upptagit
2197 1892 169 205 sin

426 2017 485 202 portmonnaie
813 2017 258 202 samt
975 2017 291 202 visat
1169 2017 226 202 den
1298 2017 226 202 för
1427 2017 355 202 Jonsson
1686 2017 226 202 och
1815 2017 388 202 Larsson,
2073 2017 291 202 hvarvid

428 2127 514 197 portmonnaien
846 2127 321 197 endast
1071 2127 450 197 innehållit
1424 2127 225 197 ett
1553 2127 257 197 mynt
1713 2127 161 197 å
1777 2127 193 197 25
1874 2127 225 197 öre
2002 2127 225 197 och
2131 2127 225 197 ett
2227 2127 161 197 dy¬-

430 2239 238 183 likt
579 2239 148 183 å
638 2239 208 183 ett
757 2239 238 183 öre,
905 2239 297 183 hvaraf
1113 2239 208 183 han
1232 2239 356 183 erbjudit
1499 2239 208 183 dem
1618 2239 148 183 1
1677 2239 238 183 öre;
1826 2239 208 183 att
1945 2239 327 183 Jonsson
2152 2239 238 183 begärt

436 2339 180 201 få
526 2339 180 201 25
616 2339 240 201 öre,
766 2339 210 201 men
885 2339 180 201 då
975 2339 270 201 detta
1155 2339 359 201 vägrats,
1425 2339 180 201 af
1514 2339 449 201 Målsegaren;
1874 2339 479 201 omkullslagit
2233 2339 180 201 der¬-

425 2475 230 182 ne;
557 2475 328 182 dervid
786 2475 230 182 ett
918 2475 263 182 mynt
1082 2475 164 182 å
1148 2475 164 182 5
1213 2475 230 182 öre
1345 2475 328 182 fallit
1575 2475 197 182 en
1673 2475 493 182 målsegarens
2068 2475 230 182 ena
2166 2475 230 182 rock¬-

422 2552 308 208 ficka;
638 2552 216 208 att
761 2552 339 208 Jonsson
1008 2552 185 208 då
1100 2552 370 208 upptagit
1378 2552 216 208 och
1501 2552 370 208 behållit
1778 2552 277 208 detta
1963 2552 247 208 mynt
2118 2552 216 208 och
2210 2552 185 208 jem¬-

433 2693 237 149 väl
568 2693 440 149 fråntagit
907 2693 474 149 målsegaren
1279 2693 203 149 en
1380 2693 338 149 butelj
1617 2693 237 149 med
1752 2693 406 149 bränvin,
2057 2693 237 149 som
2158 2693 203 149 fram

419 2754 345 216 stuckit
670 2754 188 216 ur
764 2754 314 216 dennes
983 2754 220 216 ena
1109 2754 439 216 rockficka,
1454 2754 251 216 samt
1611 2754 220 216 att
1736 2754 345 216 Larsson
1987 2754 188 216 ej
2050 2754 314 216 deltagit

424 2904 166 175 i
490 2904 331 175 rånet,
722 2904 265 175 utan
888 2904 331 175 endast
1119 2904 298 175 åsett
1318 2904 397 175 Jonssons
1616 2904 464 175 förfarande
1980 2904 265 175 emot
2113 2904 298 175 målseg.

522 2984 165 224 I
588 2984 430 224 anledning
919 2984 298 224 häraf
1117 2984 232 224 har
1250 2984 661 224 Polisöfverkonst.
1812 2984 198 224 A.
1911 2984 430 224 Sundqvist
2209 2984 198 224 mån¬-

444 3113 286 165 dagen
635 3113 223 165 den
762 3113 191 165 21
857 3113 318 165 dennes
1080 3113 381 165 anhållit
1366 3113 477 165 ofvannämnde
1747 3113 286 165 Johan
1938 3113 381 165 Jonsson,
2192 3113 223 165 hvil¬-

412 3245 225 142 ken
541 3245 225 142 vid
669 3245 322 142 förhör
895 3245 451 142 uppgifvit,
1249 3245 225 142 att
1378 3245 258 142 han,
1539 3245 193 142 på
1636 3245 258 142 sätt
1797 3245 354 142 Larsson
2022 3245 322 142 berättat

425 3326 511 218 ifrågakomne
834 3326 239 218 dag
970 3326 273 218 bedt
1141 3326 477 218 målsegaren
1516 3326 205 218 om
1618 3326 477 218 penningar;
1993 3326 239 218 att
2129 3326 205 218 då
2197 3326 205 218 den¬-

382 3418 201 230 ne
482 3418 201 230 ej
582 3418 301 230 velat
783 3418 301 230 gifva
984 3418 301 230 honom
1185 3418 268 230 mera
1352 3418 201 230 än
1453 3418 167 230 1
1520 3418 268 230 öre,
1687 3418 368 230 Larsson
1921 3418 469 230 omkullslagit

404 3574 544 162 målsegaren;
839 3574 254 162 att
984 3574 399 162 Jonsson
1274 3574 290 162 från
1455 3574 362 162 marken
1709 3574 435 162 upptagit
2035 3574 254 162 ett
2144 3574 217 162 mynt

413 3648 162 175 å
477 3648 162 175 5
542 3648 258 175 öre,
703 3648 226 175 som
833 3648 291 175 legat
1026 3648 291 175 invid
1220 3648 485 175 Målsegaren;
1608 3648 226 175 att
1737 3648 226 175 han
1866 3648 258 175 icke
1996 3648 355 175 fråntagit

2566 206 434 174 denne
2855 206 434 174 någon
3144 206 482 174 butelj
3482 206 337 174 med
3675 206 530 174 bränvin
4060 206 386 174 utan
4253 206 241 174 ha¬-

2545 340 269 176 de
2680 340 404 176 denna
2949 340 314 176 som
3129 340 449 176 fallit
3443 340 269 176 ur
3577 340 673 176 målsegarens
4071 340 314 176 ficka

2531 438 321 164 vid
2715 438 321 164 det
2898 438 321 164 han
3081 438 779 164 omkullslagits
3723 438 275 164 af
3860 438 504 164 Larsson
4181 438 321 164 legat

2543 549 368 166 qvar
2773 549 230 166 å
2865 549 460 166 marken
3188 549 276 166 då
3326 549 645 166 målsegaren
3832 549 599 166 aflägsnat
4247 549 230 166 sig

2545 640 331 173 och
2734 640 614 173 upptagits
3206 640 284 173 af
3348 640 567 173 Jonsson,
3773 640 378 173 samt
4010 640 331 173 att
4151 640 284 173 han,

2529 767 519 114 Larsson
2906 767 330 114 och
3095 767 424 114 Oskar
3377 767 660 114 Johansson,
3896 767 519 114 hvilken
4226 767 283 114 sed¬-

2540 840 362 157 nare
2766 840 317 157 vid
2947 840 633 157 tillfället
3444 840 452 157 suttit
3761 840 226 157 i
3851 840 271 157 en
3942 840 497 157 dikeskant

2538 995 292 117 vid
2705 995 376 117 vägen
2956 995 251 117 på
3081 995 292 117 ett
3248 995 418 117 längre
3541 995 459 117 afstånd
3875 995 334 117 från
4083 995 292 117 det
4209 995 292 117 stäl¬-

2538 1065 307 146 le,
2714 1065 307 146 der
2889 1065 614 146 målsegaren
3371 1065 745 146 omkullslagits
3985 1065 526 146 derefter
4336 1065 175 146 å¬-

2549 1131 511 112 tervändt
2933 1131 298 112 hit
3103 1131 341 112 till
3274 1131 383 112 staden.

2698 1228 723 129 Arbetskarlen
3286 1228 407 129 Oskar
3557 1228 633 129 Johansson,
4054 1228 452 129 boende
4325 1228 136 129 i

2517 1301 360 187 huset
2757 1301 240 187 No
2877 1301 280 187 105
3037 1301 360 187 Litt.
3277 1301 240 187 E.
3397 1301 200 187 i
3477 1301 600 187 Brandtdala,
3957 1301 280 187 har
4077 1301 440 187 berättat,

2518 1417 305 163 att
2693 1417 305 163 han
2867 1417 522 163 Lördagen
3258 1417 305 163 den
3432 1417 261 163 19
3563 1417 261 163 ds
3694 1417 392 163 jemte
3955 1417 479 163 Larsson
4259 1417 218 163 och

2521 1525 485 162 Jonsson
2873 1525 617 162 uppehållit
3358 1525 308 162 sig
3535 1525 220 162 å
3623 1525 397 162 vägen
3887 1525 485 162 emellan
4196 1525 308 162 Stora

2534 1624 305 140 och
2708 1624 392 140 Lilla
2969 1624 566 140 Härlanda,
3404 1624 305 140 att
3578 1624 392 140 efter
3839 1624 305 140 det
3969 1624 522 140 målsegaren

2531 1735 300 142 der
2703 1735 343 142 gått
2917 1735 386 142 förbi
3174 1735 343 142 dem,
3388 1735 472 142 Larsson
3731 1735 300 142 och
3903 1735 472 142 Jonsson
4203 1735 300 142 skyn¬-

2527 1821 332 147 dat
2716 1821 426 147 efter
3000 1821 474 147 honom,
3332 1821 569 147 hvaremot
3758 1821 616 147 Johansson
4185 1821 284 147 satt

2536 1936 291 123 sig
2703 1936 208 123 å
2786 1936 249 123 en
2911 1936 540 123 dikeskant
3326 1936 291 123 vid
3492 1936 416 123 vägen,
3783 1936 291 123 att
3950 1936 291 123 han
4116 1936 333 123 sett
4282 1936 208 123 det

2527 2039 477 165 Larsson
2873 2039 303 165 och
3047 2039 477 165 Jonsson
3393 2039 520 165 samtalat
3783 2039 303 165 med
3913 2039 563 165 målsegaren,

2552 2127 306 159 men
2727 2127 306 159 att
2902 2127 306 159 han
3077 2127 262 159 ej
3208 2127 350 159 hört
3427 2127 306 159 dem
3602 2127 525 159 affordra
3952 2127 525 159 målsegaren

2539 2218 420 190 några
2819 2218 653 190 penningar,
3332 2218 327 190 att
3519 2218 327 190 han
3706 2218 606 190 iakttagit
4125 2218 327 190 huru¬-

2537 2335 344 130 som
2733 2335 442 130 denne
3028 2335 491 130 fallit
3372 2335 393 130 till
3617 2335 540 130 marken,
4010 2335 393 130 utan
4206 2335 246 130 att

2548 2425 320 124 han
2731 2425 458 124 visste
3052 2425 549 124 huruvida
3463 2425 412 124 någon
3738 2425 595 124 tilldelat
4150 2425 320 124 måls¬-

2554 2511 475 186 egaren
2887 2511 428 186 något
3172 2511 428 186 slag;
3457 2511 380 186 samt
3695 2511 333 186 att
3885 2511 428 186 efter
4122 2511 238 186 det

2556 2608 699 172 målsegaren
3105 2608 599 172 sprungit
3555 2608 450 172 bort,
3855 2608 549 172 Larsson
4204 2608 250 172 och

2557 2719 552 173 Jonsson
2959 2719 703 173 återkommit
3511 2719 402 173 till
3762 2719 352 173 den
3963 2719 452 173 plats
4214 2719 251 173 der

2575 2836 621 145 Johansson
3053 2836 430 145 under
3340 2836 430 145 tiden
3627 2836 478 145 suttit
3961 2836 430 145 qvar,
4200 2836 239 145 och

2501 2911 329 159 då
2666 2911 602 159 medhaft
3104 2911 329 159 en
3268 2911 548 159 butelj
3651 2911 383 159 med
3815 2911 548 159 bränvin,

2551 3041 357 157 men
2755 3041 357 157 att
2959 3041 306 157 de
3112 3041 408 157 icke
3367 3041 357 157 för
3571 3041 459 157 honom
3877 3041 510 157 yttrat
4183 3041 255 157 nå¬-

2541 3107 430 185 got
2786 3107 553 185 derom
3155 3107 491 185 huru
3462 3107 368 185 de
3646 3107 614 185 kommit
4076 3107 307 185 i
4137 3107 307 185 be¬-

2542 3227 575 191 sittning
2974 3227 288 191 af
3070 3227 527 191 buteljen.

2644 3340 318 186 På
2803 3340 476 186 grund
3121 3340 318 186 af
3279 3340 424 186 hvad
3544 3340 582 186 sålunda
3915 3340 529 186 förekom¬-

2511 3459 435 147 mit
2760 3459 560 147 komma
3133 3459 560 147 Anton
3506 3459 622 147 Robert
3879 3459 560 147 Larsson

2522 3565 380 199 och
2739 3565 489 199 Johan
3065 3565 597 199 Jonsson
3499 3565 380 199 att
3716 3565 489 199 denna
4042 3565 380 199 dag
4205 3565 271 199 in¬-

2540 3674 297 203 för
2709 3674 297 203 PKn
2879 3674 594 203 inställas.
3345 3674 509 203 Göteborg
3727 3674 297 203 den
3896 3674 254 203 22
4024 3674 339 203 Juni
4193 3674 297 203 1880.
