5043 4072
473 162 418 201 beboddes
786 162 209 201 af
891 162 383 201 qvinnor
1169 162 278 201 från
1343 162 418 201 Dalarne,
1657 162 244 201 som
1796 162 313 201 varit
2005 162 452 201 anställde
2318 162 174 201 vid

486 311 488 172 fabriken;
862 311 300 172 att,
1050 311 225 172 då
1163 311 413 172 bemälde
1463 311 300 172 Anna
1651 311 300 172 icke
1839 311 451 172 träffats
2139 311 263 172 hemma

476 444 228 138 och
607 444 326 138 dörren
835 444 261 138 till
997 444 326 138 rummet
1225 444 358 138 funnits
1486 444 293 138 låst,
1681 444 326 138 Ljung,
1909 444 228 138 som
2040 444 261 138 haft
2202 444 228 138 sig
2300 444 163 138 be¬-

482 520 262 158 kant
646 520 360 158 hvarest
908 520 360 158 nyckeln
1170 520 262 158 till
1334 520 328 158 dörren
1563 520 491 158 förvarades,
1956 520 328 158 hemtat
2153 520 262 158 denne,

484 657 441 173 hvarefter,
830 657 284 173 sedan
1019 657 315 173 dörren
1240 657 378 173 öppnats,
1523 657 284 173 Ljung
1712 657 221 173 och
1838 657 378 173 Carlsson
2122 657 315 173 ingått
2311 657 95 173 i

484 748 311 204 rummet
702 748 218 204 och
826 748 218 204 der
951 748 249 204 satt
1106 748 218 204 sig
1231 748 218 204 ned
1355 748 249 204 nära
1511 748 218 204 ett
1636 748 187 204 åt
1729 748 529 204 fabriksgården
2134 748 311 204 vettande

480 872 366 212 fönster;
754 872 214 212 att
876 872 183 212 de
968 872 275 212 efter
1151 872 336 212 omkring
1395 872 214 212 1/2
1517 872 305 212 timme,
1730 872 336 212 bemärkt
1974 872 214 212 att
2096 872 183 212 en
2188 872 244 212 karl
2310 872 153 212 med

482 1003 395 170 hufvudet
778 1003 362 170 betäckt
1041 1003 197 170 af
1140 1003 197 170 en
1239 1003 263 170 mörk
1403 1003 625 170 fruntimmerssjal
1930 1003 230 170 och
2061 1003 329 170 iklädd
2259 1003 197 170 trä¬-

475 1122 355 201 tofflor
733 1122 226 201 och
862 1122 194 201 en
959 1122 258 201 lång
1120 1122 387 201 nattrock
1410 1122 323 201 kommit
1636 1122 258 201 från
1797 1122 226 201 det
1927 1122 194 201 af
2023 1122 323 201 Nissen
2217 1122 258 201 bebod¬-

483 1211 195 212 de
580 1211 292 212 huset
775 1211 325 212 gående
1002 1211 260 212 fram
1164 1211 227 212 mot
1294 1211 682 212 fabriksbyggnaden,
1878 1211 325 212 dervid
2105 1211 227 212 det
2203 1211 227 212 före¬-

465 1323 339 198 fallit
702 1323 305 198 såsom
906 1323 203 198 om
1007 1323 237 198 han
1143 1323 305 198 burit
1346 1323 305 198 något
1549 1323 373 198 föremål
1820 1323 305 198 under
1990 1323 440 198 nattrocken;

486 1434 216 204 att
609 1434 308 204 Ljung,
825 1434 216 204 som
948 1434 308 204 genast
1164 1434 154 204 i
1226 1434 308 204 karlen
1441 1434 370 204 igenkänt
1719 1434 339 204 Nissen,
1965 1434 308 204 dervid
2150 1434 308 204 skämtan¬-

484 1557 187 196 de
577 1557 312 196 yttrat
796 1557 250 196 till
952 1557 406 196 Carlsson:
1264 1557 250 196 nej,
1421 1557 187 196 se
1514 1557 187 196 på
1608 1557 312 196 Nissen
1826 1557 219 196 hur
1951 1557 219 196 han
2076 1557 219 196 ser
2201 1557 219 196 ut,
2295 1557 156 196 han

480 1679 214 183 har
603 1679 275 183 klädt
786 1679 183 183 ut
877 1679 214 183 sig
999 1679 244 183 till
1152 1679 336 183 käring;
1396 1679 214 183 att
1518 1679 183 183 då
1610 1679 275 183 Ljung
1793 1679 336 183 omkring
2037 1679 183 183 en
2098 1679 366 183 fjerdedels

491 1788 283 208 timme
679 1788 377 208 derefter
962 1788 252 208 hört
1119 1788 220 208 ett
1245 1788 283 208 ljud,
1434 1788 283 208 såsom
1622 1788 189 208 om
1717 1788 189 208 en
1811 1788 472 208 fönsterruta
2157 1788 283 208 sönder¬-

475 1902 416 198 slagits,
788 1902 243 198 hon
926 1902 382 198 skyndat
1204 1902 208 198 ut
1308 1902 208 198 på
1412 1902 243 198 den
1551 1902 382 198 utanför
1828 1902 312 198 Annas
2037 1902 243 198 rum
2141 1902 312 198 befint¬-

485 2006 239 198 liga
634 2006 358 198 verandan
903 2006 209 198 och
1023 2006 299 198 dervid
1232 2006 508 198 varseblifvit,
1650 2006 209 198 att
1770 2006 329 198 Nissen,
2009 2006 209 198 som
2128 2006 179 198 då
2188 2006 209 198 stått

487 2113 214 169 vid
610 2113 214 169 ett
732 2113 153 169 å
793 2113 214 169 ett
915 2113 214 169 rum
1037 2113 153 169 i
1098 2113 275 169 nedre
1281 2113 305 169 botten
1495 2113 183 169 af
1587 2113 366 169 fabriken
1862 2113 428 169 befintligt
2167 2113 275 169 sönder¬-

481 2223 294 203 slagit
687 2223 353 203 fönster,
952 2223 324 203 skyndat
1187 2223 236 203 till
1334 2223 206 203 ett
1452 2223 442 203 vidliggande
1806 2223 324 203 fönster
2041 2223 206 203 och
2130 2223 294 203 utslagit

469 2360 219 167 en
578 2360 292 167 ruta
760 2360 182 167 i
833 2360 474 167 detsamma,
1198 2360 474 167 samtidigt
1562 2360 401 167 hvarmed
1854 2360 328 167 Ljung
2073 2360 328 167 genom
2255 2360 146 167 de

456 2460 277 225 begge
641 2460 400 225 fönstren,
949 2460 246 225 sett
1103 2460 216 225 det
1226 2460 308 225 brinna
1442 2460 246 225 inne
1596 2460 154 225 i
1658 2460 400 225 fabriken;
1966 2460 216 225 att
2089 2460 185 225 då
2151 2460 246 225 Nissen

472 2565 442 173 emellertid
819 2565 410 173 aflägsnat
1135 2565 221 173 sig
1261 2565 158 173 i
1324 2565 378 173 rigtning
1608 2565 221 173 mot
1734 2565 221 173 sin
1860 2565 347 173 bostad,
2113 2565 284 173 Ljung
2270 2565 158 173 och

461 2706 381 206 Carlsson
747 2706 350 206 skyndat
1002 2706 286 206 efter
1192 2706 318 206 honom,
1415 2706 318 206 dervid
1637 2706 318 206 Ljung,
1860 2706 222 206 som
1987 2706 381 206 befunnit
2241 2706 159 206 sig

475 2830 277 185 något
660 2830 246 185 före
814 2830 400 185 Carlsson,
1122 2830 400 185 upphunnit
1430 2830 277 185 honom
1615 2830 339 185 emellan
1861 2830 339 185 Fabriks
2107 2830 216 185 och
2200 2830 246 185 stall¬-

460 2935 398 172 byggnaden
767 2935 245 172 och,
920 2935 368 172 fattande
1196 2935 276 172 honom
1380 2935 153 172 i
1441 2935 307 172 armen,
1656 2935 337 172 yttrat:
1901 2935 245 172 "ser
2054 2935 245 172 icke
2177 2935 245 172 Gross¬-

472 3032 444 195 handlaren,
821 3032 222 195 att
948 3032 285 195 elden
1138 3032 190 195 är
1234 3032 285 195 lös",
1424 3032 349 195 dertill
1678 3032 222 195 han
1805 3032 381 195 genmält:
2090 3032 254 195 "Ja,
2249 3032 222 195 Gud
2344 3032 95 195 i

480 3180 419 144 Himmelen
794 3180 279 144 vete
969 3180 244 144 hur
1109 3180 244 144 den
1248 3180 349 144 kommit
1493 3180 279 144 lös,
1668 3180 244 144 men
1807 3180 210 144 gå
1912 3180 210 144 Ni
2017 3180 244 144 för
2157 3180 244 144 all
2261 3180 175 144 del

472 3276 340 172 genast
710 3276 238 172 hem
846 3276 238 172 med
982 3276 238 172 Er;
1118 3276 204 172 vi
1220 3276 238 172 ska
1356 3276 238 172 nog
1493 3276 374 172 försöka
1765 3276 374 172 släcka;
2037 3276 238 172 för
2139 3276 306 172 resten,

472 3380 205 192 om
574 3380 342 192 skiten
814 3380 376 192 brinner
1087 3380 239 192 upp
1224 3380 239 192 ska
1360 3380 239 192 jag
1497 3380 239 192 nog
1634 3380 273 192 veta
1805 3380 205 192 få
1907 3380 342 192 ersatt
2146 3380 239 192 för
2249 3380 205 192 det;

446 3487 239 187 jag
582 3487 239 187 får
719 3487 273 187 stor
890 3487 444 187 assurans;
1231 3487 239 187 men
1368 3487 273 187 bara
1538 3487 205 187 Ni
1641 3487 239 187 går
1777 3487 205 187 Er
1880 3487 239 187 väg
2016 3487 239 187 och
2153 3487 273 187 icke
2289 3487 171 187 för

455 3608 289 209 någon
648 3608 386 209 omtalar,
937 3608 225 209 att
1065 3608 161 209 I
1130 3608 257 209 sett
1290 3608 257 209 mig;
1451 3608 321 209 skolen
1676 3608 161 209 I
1740 3608 193 209 få
1837 3608 257 209 1500
1997 3608 321 209 Kronor
2190 3608 257 209 hvar,"

2677 204 407 205 hvarefter
2990 204 219 205 han
3115 204 376 205 begifvit
3397 204 219 205 sig
3523 204 188 205 in
3617 204 157 205 i
3680 204 219 205 sin
3805 204 345 205 bostad,
4056 204 219 205 som
4181 204 282 205 varit
4338 204 219 205 belä¬-

2653 339 239 149 gen
2789 339 205 149 på
2892 339 307 149 nedra
3096 339 375 149 botten;
3369 339 239 149 att
3506 339 239 149 det
3642 339 171 149 å
3710 339 443 149 Sandviken
4051 339 341 149 boende
4256 339 273 149 folket

2638 466 442 145 emellertid
2986 466 316 145 vaknat
3207 466 221 145 och
3333 466 316 145 kommit
3554 466 158 145 i
3617 466 379 145 rörelse,
3901 466 221 145 men
4027 466 221 145 att
4154 466 284 145 någon
4311 466 253 145 släck¬-

2626 566 519 168 ningsredskap,
3054 566 183 168 så
3145 566 244 168 vidt
3298 566 275 168 Ljung
3481 566 427 168 iakttagit,
3817 566 244 168 icke
3970 566 275 168 varit
4153 566 214 168 att
4244 566 275 168 tillgå;

2632 680 215 167 att
2755 680 337 167 Nissen,
3000 680 215 167 som
3123 680 276 167 först
3307 680 276 167 efter
3491 680 184 167 en
3583 680 307 167 längre
3798 680 307 167 stund,
4013 680 337 167 omkring
4258 680 184 167 en
4320 680 245 167 timme,

2635 800 342 189 blifvit
2883 800 342 189 synlig,
3132 800 311 189 dervid
3349 800 435 189 förefallit
3691 800 280 189 Ljung
3878 800 466 189 synnerligen
4250 800 249 189 lugn
4375 800 155 189 och

2632 858 269 210 icke
2800 858 302 210 gjort
3002 858 302 210 några
3204 858 470 210 allvarliga
3573 858 470 210 bemödanden
3943 858 235 210 för
4077 858 437 210 släckning
4380 858 134 210 af

2643 990 323 157 elden,
2869 990 226 157 som
2998 990 291 157 under
3192 990 291 157 tiden
3386 990 259 157 allt
3548 990 226 157 mer
3677 990 226 157 och
3806 990 226 157 mer
3936 990 291 157 tagit
4097 990 453 157 öfverhanden;

2645 1104 234 205 att
2778 1104 300 205 Ljung
2978 1104 234 205 och
3112 1104 401 205 Carlsson
3412 1104 300 205 efter
3613 1104 367 205 omkring
3880 1104 234 205 tre
4013 1104 367 205 timmars
4247 1104 300 205 vistel¬-

2632 1237 191 169 se
2728 1237 223 169 vid
2855 1237 509 169 brandstället
3269 1237 414 169 återvändt
3587 1237 255 169 till
3746 1237 350 169 staden;
4001 1237 223 169 att
4128 1237 191 169 då
4224 1237 286 169 Ljung
4383 1237 159 169 om¬-

2645 1317 284 220 kring
2835 1317 221 220 tre
2961 1317 316 220 veckor
3182 1317 284 220 efter
3372 1317 347 220 branden
3624 1317 221 220 vid
3751 1317 379 220 förnyadt
4035 1317 284 220 besök
4224 1317 158 220 å
4256 1317 284 220 Sandvi¬-

2642 1445 216 198 ken
2766 1445 247 198 åter
2920 1445 340 198 träffat
3167 1445 309 198 Nissen
3383 1445 216 198 och
3507 1445 309 198 dervid
3723 1445 402 198 affordrat
4032 1445 278 198 honom
4217 1445 216 198 den
4310 1445 247 198 utlof¬-

2658 1551 265 214 ende
2824 1551 530 214 ersättningen
3254 1551 232 214 för
3387 1551 232 214 sin
3519 1551 232 214 och
3652 1551 431 214 Carlssons
3983 1551 364 214 tystnad
4248 1551 232 214 med
4347 1551 199 214 hvad

2648 1671 199 218 de
2747 1671 398 218 angående
3046 1671 365 218 branden
3311 1671 265 218 hade
3477 1671 232 218 sig
3610 1671 365 218 bekant,
3875 1671 332 218 Nissen
4107 1671 365 218 yttrat,
4339 1671 166 218 att

2657 1781 228 173 han
2788 1781 196 173 då
2886 1781 261 173 ännu
3049 1781 261 173 icke
3212 1781 326 173 utfått
3440 1781 815 173 brandstodsersättning,
4158 1781 228 173 men
4255 1781 294 173 förkla¬-

2638 1883 249 227 rade
2793 1883 218 227 sig
2918 1883 311 227 villig
3136 1883 249 227 att,
3291 1883 187 227 så
3385 1883 280 227 snart
3571 1883 311 227 sådant
3789 1883 342 227 skedde,
4038 1883 311 227 infria
4256 1883 249 227 sitt
4380 1883 187 227 löf¬-

2643 2013 226 218 te;
2772 2013 226 218 att
2901 2013 291 218 Ljung
3095 2013 388 218 derefter
3386 2013 259 218 icke
3548 2013 194 218 af
3645 2013 323 218 Nissen
3871 2013 259 218 fått
4033 2013 388 218 emottaga
4292 2013 226 218 några

2658 2113 409 220 penningar
2972 2113 220 220 och
3098 2113 251 220 icke
3255 2113 314 220 heller
3475 2113 377 220 återsett
3758 2113 283 220 honom
3946 2113 314 220 förrän
4166 2113 189 220 en
4261 2113 220 220 dag
4355 2113 157 220 för

2652 2232 361 166 omkring
2915 2232 197 166 14
3013 2232 295 166 dagar
3210 2232 328 166 sedan,
3439 2232 197 166 då
3538 2232 328 166 Ljung,
3768 2232 361 166 bärande
4030 2232 197 166 en
4096 2232 426 166 vattenkruka

2655 2340 264 197 mött
2820 2340 298 197 honom
3019 2340 165 197 i
3085 2340 397 197 närheten
3382 2340 198 197 af
3481 2340 694 197 Storkyrkobrinken,
4076 2340 331 197 dervid
4275 2340 198 197 han,

2646 2432 321 214 innan
2860 2432 321 214 Ljung
3074 2432 356 214 hunnit
3323 2432 321 214 sätta
3537 2432 285 214 från
3715 2432 249 214 sig
3858 2432 356 214 krukan
4107 2432 249 214 och
4214 2432 321 214 begifva

2636 2546 240 194 sig
2773 2546 274 194 fram
2944 2546 274 194 till
3115 2546 342 194 honom,
3355 2546 342 194 genast
3595 2546 308 194 vändt
3800 2546 205 194 om
3903 2546 240 194 och
4040 2546 445 194 skyndsamt
4348 2546 171 194 af¬-

2632 2675 354 170 lägsnat
2889 2675 225 170 sig
3018 2675 225 170 ned
3147 2675 193 170 åt
3243 2675 676 170 Storkyrkobrinken,
3823 2675 225 170 dit
3952 2675 322 170 Ljung,
4177 2675 225 170 som
4274 2675 225 170 varit

2634 2770 509 180 arbetsklädd,
3048 2770 254 180 icke
3207 2770 286 180 velat
3397 2770 350 180 springa
3652 2770 286 180 efter
3843 2770 318 180 honom;
4065 2770 254 180 samt
4224 2770 223 180 att
4320 2770 254 180 Ljung,

2650 2891 365 203 förmådd
2915 2891 199 203 af
3015 2891 863 203 samvetsbetänkligheter,
3778 2891 232 203 för
3911 2891 332 203 hvilka
4143 2891 232 203 hon
4276 2891 232 203 "ej
4376 2891 199 203 fått

2635 2998 188 190 ro
2729 2998 345 190 hvarken
2980 2998 251 190 natt
3136 2998 282 190 eller
3325 2998 282 190 dag",
3513 2998 345 190 omsider
3764 2998 376 190 beslutat
4046 2998 220 190 sig
4171 2998 220 190 för
4297 2998 220 190 att
4391 2998 188 190 yppa

2629 3131 274 172 saken
2811 3131 213 172 för
2933 3131 731 172 försäkringsgifvaren;
3542 3131 152 172 och

2615 3177 195 250 2o
2713 3177 260 250 Anna
2876 3177 293 250 Sofia
3071 3177 423 250 Carlsson,
3396 3177 325 250 boende
3623 3177 163 250 i
3688 3177 293 250 huset
3883 3177 195 250 No
3981 3177 195 250 25
4078 3177 228 250 vid
4208 3177 228 250 St.
4306 3177 260 250 Pauls¬-

2636 3342 259 200 gatan
2809 3342 202 200 hos
2924 3342 317 200 Bagaren
3155 3342 346 200 Nilsson:
3414 3342 202 200 att
3529 3342 346 200 Fredagen
3788 3342 202 200 den
3903 3342 173 200 21
3990 3342 346 200 Februari
4249 3342 259 200 1879,
4393 3342 115 200 då

2642 3450 219 199 hon
2767 3450 219 199 och
2892 3450 407 199 Albertina
3205 3450 282 199 Ljung
3393 3450 250 199 haft
3550 3450 376 199 gemensam
3831 3450 344 199 bostad,
4082 3450 282 199 Ljung
4238 3450 282 199 anmodat

2632 3538 347 238 Carlsson
2892 3538 202 238 att
3008 3538 260 238 följa
3181 3538 202 238 med
3297 3538 173 238 ut
3383 3538 231 238 till
3528 3538 404 238 Sandviken,
3846 3538 202 238 der
3961 3538 260 238 Ljung
4135 3538 231 238 sagt
4279 3538 202 238 sig
4366 3538 173 238 haf¬-

2635 3682 195 179 va
2733 3682 293 179 några
2928 3682 358 179 ärenden
3189 3682 228 179 att
3319 3682 390 179 uträtta;
3612 3682 228 179 att
3742 3682 325 179 emedan
3969 3682 228 179 det
4100 3682 195 179 då
4197 3682 293 179 varit
4360 3682 195 179 sent
