5047 4099
484 157 393 197 hvarvid
770 157 500 197 Målsegaren
1163 157 607 197 sammanträffat
1663 157 250 197 med
1806 157 500 197 Zachrisson
2198 157 250 197 och
2305 157 179 197 för

481 291 324 152 honom
697 291 432 152 förmält,
1021 291 252 152 att
1165 291 324 152 samma
1381 291 288 152 rock
1561 291 324 152 jemte
1777 291 216 152 en
1885 291 324 152 dylik
2101 291 288 152 voro
2245 291 216 152 från

505 395 280 186 honom
692 395 467 186 tillgripne,
1065 395 343 186 hvarför
1315 395 280 186 äfven
1501 395 436 186 Zachrisson
1844 395 249 186 till
2000 395 280 186 honom
2155 395 343 186 öfverlem¬-

474 525 282 127 nat
595 525 362 127 rocken.

659 597 189 182 I
735 597 492 182 anledning
1114 597 341 182 häraf
1341 597 341 182 hafva
1568 597 341 182 samme
1795 597 530 182 konstaplar
2174 597 303 182 först¬-

492 699 369 195 berörde
761 699 235 195 dag
895 699 402 195 anhållit
1197 699 235 195 för
1331 699 335 195 första
1566 699 302 195 resan
1767 699 302 195 stöld
1968 699 436 195 straffade
2270 699 201 195 yng¬-

483 810 319 219 lingen
706 810 287 219 Johan
898 810 319 219 Gustaf
1121 810 446 219 Börjesson,
1472 810 255 219 utan
1631 810 351 219 bostad,
1886 810 351 219 hvilken
2141 810 223 219 vid
2237 810 191 219 för¬-

488 943 224 209 hör
616 943 448 209 uppgifvit,
968 943 224 209 att
1095 943 224 209 han
1223 943 224 209 och
1351 943 479 209 minderårige
1735 943 320 209 gossen
1958 943 288 209 Johan
2118 943 288 209 Fredrik

487 1062 353 175 Nilsson
744 1062 385 175 Fredagen
1033 1062 225 175 den
1161 1062 193 175 13
1258 1062 321 175 dennes
1483 1062 161 175 i
1547 1062 193 175 en
1643 1062 353 175 källare
1900 1062 225 175 uti
2029 1062 225 175 ett
2157 1062 225 175 hus
2253 1062 161 175 vid

470 1180 293 182 Stora
666 1180 424 182 Allégatan
992 1180 456 182 tillgripit
1351 1180 489 182 ifrågakomne
1742 1180 228 182 två
1872 1180 359 182 rockar;
2133 1180 228 182 att
2263 1180 196 182 då
2329 1180 130 182 de

480 1292 276 163 kort
652 1292 414 163 derefter
962 1292 172 163 å
1031 1292 483 163 Husargatan
1410 1292 586 163 sammanträffat
1893 1292 241 163 med
1996 1292 414 163 Brattberg,

472 1395 256 179 de
600 1395 299 179 för
771 1395 385 179 honom
1028 1395 299 179 att
1199 1395 256 179 de
1327 1395 598 179 tillgripit
1797 1395 513 179 rockarna
2139 1395 214 179 och

478 1511 878 168 öfverenskommit
1210 1511 342 168 att
1405 1511 342 168 han
1600 1511 488 168 skulle
1942 1511 439 168 sälja
2186 1511 244 168 den

488 1628 320 131 ena
671 1628 503 131 rocken,
1037 1628 320 131 att
1220 1628 274 131 då
1357 1628 594 131 Brattberg
1814 1628 366 131 icke
1996 1628 366 131 kunnat

486 1763 371 131 sälja
733 1763 288 131 den
898 1763 536 131 Börjessön
1310 1763 371 131 sjelf
1557 1763 288 131 för
1722 1763 247 131 75
1845 1763 288 131 öre
2010 1763 330 131 sålt
2175 1763 247 131 roc¬-

475 1839 356 155 ken
679 1839 407 155 till
933 1839 305 155 en
1085 1839 559 155 obekant
1492 1839 508 155 person
1848 1839 356 155 och
2000 1839 407 155 lemnat

490 1969 619 133 Brattberg
966 1969 714 133 penningarne
1537 1969 476 133 derför
1870 1969 333 133 1/4
2013 1969 333 133 kanna

486 2055 520 188 bränvin
864 2055 567 188 inköpts,
1290 2055 331 188 att
1479 2055 615 188 Brattberg
1951 2055 378 188 utan
2141 2055 236 188 att

473 2174 484 177 något
796 2174 376 177 köp
1011 2174 537 177 kommit
1387 2174 537 177 ifråga
1763 2174 537 177 iklädt
2085 2174 269 177 sig

477 2287 376 178 den
692 2287 483 178 andra
1014 2287 537 178 rocken
1390 2287 376 178 och
1604 2287 537 178 dermed
1926 2287 483 178 aflägs¬-

467 2413 341 170 nat
662 2413 390 170 sig;
906 2413 390 170 samt
1150 2413 341 170 att
1345 2413 293 170 då
1491 2413 634 170 Börjesson
1930 2413 488 170 påföljde

471 2529 331 182 dag
660 2529 379 182 åter
897 2529 520 182 träffat
1275 2529 662 182 Brattberg,
1796 2529 331 182 som
1937 2529 379 182 dervid

469 2668 356 184 var
673 2668 509 184 iklädd
1029 2668 560 184 rocken,
1436 2668 356 184 han
1640 2668 662 184 affordrat
2098 2668 356 184 honom

463 2821 726 177 densamma,
1021 2821 391 177 men
1245 2821 391 177 att
1468 2821 726 177 Brattberg
1970 2821 447 177 vägrat

451 2939 748 126 återlemna
968 2939 345 126 den.

609 3028 610 185 Brattberg
1079 3028 704 185 ytterligare
1642 3028 376 185 hörd
1877 3028 329 185 har
2017 3028 423 185 vidhål¬-

450 3161 345 131 lit
647 3161 345 131 sin
844 3161 443 131 förra
1090 3161 493 131 uppgift.

570 3254 469 168 Johan
882 3254 573 168 Fredrik
1299 3254 573 168 Nilsson
1716 3254 313 168 är
1820 3254 573 168 eftersökt

439 3350 406 167 men
671 3350 406 167 har
903 3350 463 167 icke
1192 3350 579 167 kunnat
1540 3350 695 167 anträffas.

490 3479 315 115 På
647 3479 472 115 grund
962 3479 315 115 af
1119 3479 420 115 hvad
1382 3479 577 115 sålunda
1749 3479 630 115 förekommit

465 3554 528 142 kommer
835 3554 475 142 Johan
1152 3554 528 142 August
1521 3554 686 142 Andersson
1997 3554 422 142 Bratt¬-

440 3636 414 175 berg,
716 3636 322 175 och
900 3636 414 175 Johan
1176 3636 460 175 Gustaf
1497 3636 598 175 Börjesson
1957 3636 322 175 att
2095 3636 322 175 denna

450 3736 280 181 dag
610 3736 280 181 för
770 3736 280 181 Pkn
929 3736 559 181 inställas.
1369 3736 479 181 Göteborg
1728 3736 280 181 den
1888 3736 240 181 17
2008 3736 280 181 Aug
2127 3736 280 181 1850.

4507 270 359 146 No
4627 270 299 146 196

4514 393 445 121 Christina

4520 488 446 138 Johansson

2574 292 998 192 Maleriarbetaren
3415 292 315 192 P.
3573 292 578 192 Olsson,
3993 292 525 192 boende
4308 292 158 192 i

2611 423 448 179 huset
2910 423 299 179 No
3059 423 249 179 9
3159 423 349 179 vid
3358 423 897 179 Kapuniergatan,
4106 423 349 179 och
4255 423 249 179 an¬-

2609 513 450 207 stäld
2909 513 350 207 hos
3109 513 550 207 Målaren
3509 513 650 207 Winquist,
4009 513 350 207 har
4159 513 400 207 Thors¬-

2579 652 434 239 dagen
2868 652 337 239 den
3061 652 289 239 12
3205 652 289 239 ds
3350 652 530 239 anmält,
3736 652 337 239 att
3880 652 675 239 derföregång¬-

2568 747 304 235 ne
2720 747 355 235 dag
2923 747 304 235 på
3075 747 253 235 e
3176 747 253 235 m
3277 747 253 235 i
3379 747 658 235 förstugan
3885 747 405 235 till
4088 747 405 235 Mindre

2602 888 650 206 Theatern,
3102 888 400 206 från
3352 888 450 206 honom
3651 888 750 206 tillgripits
4201 888 250 206 ett

2596 1048 333 175 har
2787 1048 714 175 resårpjexor
3358 1048 285 175 af
3500 1048 618 175 rossläder
3976 1048 333 175 med
4119 1048 428 175 rödran¬-

2592 1153 418 221 diga
2853 1153 679 221 stroppar,
3375 1153 366 221 och
3584 1153 470 221 värda
3897 1153 313 221 12
4002 1153 470 221 kronor.

2665 1274 460 207 Sedan
2972 1274 613 207 pjexorna
3432 1274 767 207 återfunnits
3994 1274 562 207 pantsatta

2582 1399 455 187 samma
2886 1399 354 187 dag
3088 1399 354 187 för
3291 1399 253 187 4
3392 1399 506 187 kronor
3746 1399 354 187 hos
3898 1399 658 187 Pantlånaren

2590 1469 258 200 C.
2719 1469 258 200 H.
2848 1469 344 200 Berg
3063 1469 215 200 i
3149 1469 387 200 huset
3407 1469 258 200 No
3536 1469 258 200 57
3664 1469 301 200 vid
3836 1469 602 200 Sillgatan,
4266 1469 258 200 haf¬-

2588 1584 288 237 va
2732 1584 1151 237 detektivkonstaplarne
3739 1584 288 237 C.
3883 1584 624 237 Hellström
4315 1584 240 237 och

2606 1718 269 217 P.
2741 1718 537 217 Lindgren
3144 1718 224 217 i
3233 1718 313 217 dag
3412 1718 313 217 för
3591 1718 403 217 detta
3860 1718 582 217 tillgrepp
4263 1718 224 217 an¬-

2570 1851 537 180 hållit
2946 1851 591 180 Hustrun
3376 1851 699 180 Christina
3860 1851 591 180 Johansson

2590 1917 404 275 född
2842 1917 656 275 Matiesen,
3346 1917 504 275 boende
3699 1917 252 275 i
3800 1917 454 275 Åkare
4052 1917 404 275 Eriks¬-

2586 2056 351 251 sons
2806 2056 308 251 hus
2981 2056 220 251 i
3069 2056 264 251 s.
3201 2056 308 251 k.,
3377 2056 791 251 Tjörnbostaden,
4036 2056 308 251 och
4168 2056 395 251 hvilken

2605 2176 364 229 vid
2813 2176 364 229 det
3021 2176 364 229 med
3229 2176 468 229 henne
3541 2176 260 229 i
3644 2176 676 229 anledning
4112 2176 364 229 häraf

2579 2310 619 231 anstälda
3043 2310 567 231 förhör,
3456 2310 670 231 uppgifvit
3972 2310 361 231 att
4126 2310 258 231 hon

2562 2431 658 260 Onsdagen
3056 2431 384 260 den
3275 2431 329 260 11
3439 2431 329 260 ds
3604 2431 384 260 vid
3823 2431 384 260 ett
4042 2431 493 260 besök
4317 2431 164 260 i

2565 2564 546 207 mindre
2948 2564 710 207 Theaterns
3494 2564 437 207 hus,
3767 2564 382 207 vid
3931 2564 601 207 bortgåen¬-

2572 2700 364 207 det
2780 2700 625 207 derifrån
3249 2700 729 207 tillgripit
3769 2700 677 207 ifrågakomne

2583 2803 576 253 pjexor,
3002 2803 367 253 som
3211 2803 367 253 hon
3421 2803 524 253 straxt
3788 2803 629 253 derefter
4207 2803 367 253 pant¬-

2569 2946 427 220 satt
2836 2946 374 220 för
3049 2946 267 220 4
3156 2946 534 220 kronor
3530 2946 374 220 hos
3690 2946 695 220 Pantlånaren

2589 3065 507 243 Berg;
2927 3065 677 243 Pjexorna
3434 3065 507 243 hafva
3773 3065 620 243 blifvit
4167 3065 226 243 af

2560 3221 797 150 Målsegaren
3129 3221 569 150 utlösta.

2712 3313 345 178 De
2884 3313 574 178 skulle
3286 3313 402 178 här
3515 3313 746 178 antecknas
4090 3313 402 178 att
4262 3313 287 178 Pkn

2574 3426 364 159 den
2782 3426 312 159 14
2938 3426 364 159 Maj
3145 3426 416 159 1878
3405 3426 416 159 till
3665 3426 312 159 R.
3821 3426 312 159 Rn
3925 3426 571 159 öfverlem¬-

2579 3579 387 126 nat
2800 3579 387 126 den
3021 3579 553 126 vidare
3409 3579 941 126 ransakningen,
4128 3579 387 126 angå¬-

2570 3663 422 227 ende
2834 3663 369 227 ett
3045 3663 317 227 af
3204 3663 528 227 Hustru
3573 3663 686 227 Christina
4048 3663 475 227 Johans¬
