4930 4047
598 142 243 187 Wid
737 142 243 187 det
876 142 243 187 med
1015 142 348 187 hustru
1259 142 452 187 Börjesson
1606 142 174 187 i
1676 142 452 187 anledning
2023 142 313 187 häraf
2197 142 243 187 samma

453 261 221 186 dag
580 261 410 186 anställda
895 261 315 186 förhör
1116 261 221 186 har
1242 261 221 186 hon
1368 261 410 186 uppgifvit
1684 261 221 186 och
1810 261 442 186 förklarat,
2157 261 221 186 att
2252 261 189 186 hon,

442 366 224 210 som
570 366 255 210 vore
729 366 255 210 född
889 366 224 210 den
1017 366 192 210 19
1113 366 415 210 September
1432 366 255 210 1848
1592 366 224 210 och
1719 366 255 210 gift
1879 366 224 210 med
1975 366 447 210 Gjuteriarbe¬-

447 478 289 216 taren
639 478 321 216 August
864 478 449 216 Börjesson,
1217 478 417 216 tillhörde
1538 478 321 216 Lundby
1762 478 321 216 socken
1987 478 193 216 på
2051 478 353 216 Hisingen,

442 584 224 180 att
570 584 224 180 han
698 584 192 180 en
795 584 224 180 dag
923 584 289 180 under
1115 584 289 180 näst.
1308 584 224 180 år,
1436 584 321 180 enligt
1661 584 257 180 hvad
1821 584 224 180 hon
1949 584 289 180 ville
2109 584 257 180 erinra

435 694 228 218 sig
566 694 195 218 på
663 694 521 218 försommaren,
1086 694 228 218 vid
1216 694 293 218 besök
1411 694 163 218 å
1477 694 521 218 Kungstorget,
1899 694 423 218 derstädes
2192 694 228 218 till¬-

454 819 319 209 gripit
678 819 192 209 en
773 819 287 209 korg,
965 819 511 209 innehållande
1380 819 287 209 något
1571 819 415 209 matvaror,
1890 819 351 209 hvilken
2146 819 255 209 korg
2273 819 160 209 hon

472 928 397 186 medtagit
770 928 265 186 till
935 928 232 186 sin
1068 928 364 186 bostad,
1333 928 430 186 hvarefter
1664 928 232 186 hon
1796 928 364 186 användt
2028 928 397 186 matvarorna

454 1042 226 184 och
583 1042 387 184 behållit
873 1042 355 184 korgen;
1132 1042 226 184 att
1261 1042 226 184 hon
1390 1042 323 184 trodde
1616 1042 226 184 det
1745 1042 291 184 denna
1939 1042 258 184 korg
2100 1042 258 184 vore
2229 1042 194 184 den¬-

431 1161 314 211 samma
641 1161 244 211 som
780 1161 279 211 den,
955 1161 384 211 hvilken
1234 1161 244 211 den
1374 1161 209 211 28
1478 1161 279 211 Juni
1653 1161 279 211 1879
1828 1161 524 211 tillgripits
2212 1161 209 211 från

457 1279 369 169 hustrun
726 1279 369 169 Johanna
994 1279 436 169 Svensson;
1330 1279 235 169 att
1464 1279 235 169 hon
1598 1279 369 169 deremot
1866 1279 268 169 icke
2034 1279 335 169 stulit
2235 1279 168 169 nå¬-

452 1366 227 211 gon
581 1366 195 211 af
679 1366 455 211 Målsegarne
1036 1366 260 211 Anna
1198 1366 292 211 Sofia
1393 1366 422 211 Edströms,
1718 1366 195 211 C.
1815 1366 195 211 J.
1913 1366 455 211 Johanssons
2238 1366 162 211 och

449 1502 344 166 Lovisa
689 1502 481 166 Anderssons
1067 1502 309 166 under
1274 1502 309 166 samma
1480 1502 206 166 år
1583 1502 309 166 såsom
1789 1502 481 166 tillgripna
2133 1502 275 166 anmäl¬-

472 1615 190 190 da
567 1615 348 190 korgar;
820 1615 221 190 att
947 1615 221 190 hon
1073 1615 285 190 under
1263 1615 474 190 innevarande
1642 1615 190 190 år
1737 1615 158 190 å
1800 1615 285 190 tider
1990 1615 221 190 och
2085 1615 316 190 ställen,

472 1748 234 183 som
605 1748 401 183 Carolina
906 1748 401 183 Jonsson,
1208 1748 268 183 Anna
1375 1748 368 183 Olsson,
1643 1748 401 183 Josefina
1944 1748 435 183 Svensson,
2245 1748 167 183 Ma¬-

469 1871 321 157 thilda
693 1871 385 157 Jonsson,
982 1871 192 157 C.
1078 1871 192 157 J.
1174 1871 417 157 Jakobsson
1495 1871 224 157 och
1623 1871 385 157 Carolina
1912 1871 353 157 Hansson
2136 1871 257 157 anmält

470 1955 444 171 tillgripit
819 1955 286 171 deras
1010 1955 317 171 korgar
1232 1955 222 171 med
1359 1955 413 171 matvaror,
1677 1955 317 171 hvilka
1899 1955 254 171 hon,
2058 1955 286 171 efter
2216 1955 159 171 att

460 2074 290 174 hafva
653 2074 258 174 gått
814 2074 290 174 något
1008 2074 387 174 afsides,
1298 2074 322 174 utsömt
1523 2074 161 174 i
1587 2074 226 174 den
1716 2074 451 174 förenämnda
2071 2074 290 174 korg,
2232 2074 161 174 som

468 2195 225 159 hon
596 2195 322 159 trodde
822 2195 386 159 tillhöra
1111 2195 354 159 hustrun
1368 2195 354 159 Johanna
1625 2195 418 159 Svensson,
1947 2195 418 159 hvarefter
2236 2195 161 159 hon

455 2286 333 174 städse
688 2286 333 174 lemnat
921 2286 267 174 qvar
1088 2286 500 174 tomkorgarne
1488 2286 200 174 på
1588 2286 533 174 Kungstorget,
2021 2286 233 174 med
2121 2286 267 174 undan¬-

461 2390 217 188 tag
585 2390 310 188 likväl
802 2390 186 188 af
895 2390 248 188 Anna
1050 2390 341 188 Olssons
1298 2390 217 188 och
1422 2390 372 188 Mathilda
1701 2390 372 188 Jonssons
1949 2390 434 188 ifrågavaran¬-

468 2496 206 164 de
571 2496 377 164 korgar,
845 2496 240 164 dem
982 2496 240 164 hon
1120 2496 446 164 inlemnat,
1463 2496 240 164 den
1600 2496 309 164 förra
1806 2496 172 164 i
1840 2496 549 164 Smörhandlanden

452 2627 551 187 Svenningssons
906 2627 357 187 källare
1165 2627 162 187 i
1230 2627 292 187 huset
1425 2627 195 187 No
1522 2627 162 187 5
1587 2627 227 187 vid
1716 2627 486 187 Kungstorget
2106 2627 227 187 och
2203 2627 162 187 den

450 2720 353 194 sednare
706 2720 224 194 hos
835 2720 930 194 Nykterhetsvärdshusidkaren
1669 2720 513 194 Christensson
2085 2720 160 194 i
2118 2720 224 194 huset

447 2816 202 183 No
548 2816 168 183 6
616 2816 235 183 vid
750 2816 303 183 samma
952 2816 303 183 torg;
1154 2816 235 183 att
1288 2816 235 183 hon
1423 2816 370 183 användt
1692 2816 504 183 matvarorna,
2095 2816 235 183 men
2196 2816 202 183 hade

446 2947 173 184 i
515 2947 345 184 behåll
756 2947 311 184 hemma
963 2947 173 184 i
1032 2947 242 184 sin
1170 2947 345 184 bostad
1412 2947 242 184 den
1550 2947 656 184 porslinstallrik
2102 2947 242 184 och
2205 2947 138 184 de

449 3064 295 181 hvita
646 3064 295 181 band,
843 3064 230 181 som
974 3064 361 181 funnits
1237 3064 164 181 i
1302 3064 394 181 Mathilda
1598 3064 394 181 Jönssons
1893 3064 295 181 korg,
2057 3064 328 181 hvaremot

433 3195 210 185 en
538 3195 561 185 klädesmössa,
994 3195 245 185 som
1134 3195 350 185 jemväl
1379 3195 455 185 förvarats
1729 3195 175 185 i
1799 3195 385 185 korgen,
2080 3195 280 185 icke
2220 3195 140 185 af

440 3298 318 208 hustru
663 3298 414 208 Börjesson
981 3298 446 208 medtagits,
1331 3298 255 208 utan
1491 3298 350 208 lemnats
1745 3298 255 208 qvar
1904 3298 159 208 i
1968 3298 350 208 korgen;
2191 3298 191 208 samt

447 3417 204 197 att
564 3417 204 197 hon
680 3417 233 197 icke
826 3417 350 197 föröfvat
1089 3417 175 197 de
1176 3417 408 197 tillgrepp,
1497 3417 204 197 som
1614 3417 175 197 B.
1701 3417 350 197 Jonsson,
1964 3417 175 197 F.
2051 3417 263 197 Corin
2197 3417 146 197 och

434 3552 277 139 Anna
608 3552 451 139 Petersson
920 3552 312 139 anmält.

609 3635 238 164 Vid
745 3635 238 164 den
881 3635 204 164 af
983 3635 816 164 detektivkonstaplarne
1698 3635 408 164 Lindgren
2004 3635 238 164 och
2106 3635 238 164 Bruun

2543 172 162 173 i
2607 172 357 173 hustrun
2867 172 357 173 Aurusta
3126 172 389 173 Josefina
3418 172 454 173 Börjessons
3775 172 324 173 bostad
4002 172 487 173 verkställda
4359 172 162 173 un¬-

2528 283 476 164 dersökning
2902 283 306 164 hafva
3106 283 238 164 de;
3242 283 204 164 på
3344 283 272 164 sätt
3514 283 238 164 hon
3649 283 476 164 uppgifvit,
4023 283 238 164 der
4125 283 374 164 påträffat

2518 402 241 204 den
2655 402 310 204 hvita
2862 402 724 204 porslinstallriken
3483 402 241 204 och
3621 402 207 204 de
3724 402 310 204 hvita
3931 402 379 204 banden;
4173 402 379 204 hvarjemte

2537 497 227 201 den
2666 497 227 201 här
2796 497 292 201 ofvan
2991 497 487 201 omförmälda,
3380 497 195 201 af
3477 497 324 201 hustru
3704 497 422 201 Börjesson
4029 497 292 201 först
4191 497 357 201 tillgrep¬-

2514 622 197 203 na
2613 622 361 203 korgen,
2875 622 361 203 hvilken
3138 622 230 203 hon
3269 622 460 203 förenämnde
3630 622 230 203 dag
3762 622 230 203 den
3893 622 197 203 12
3992 622 328 203 dennes
4189 622 295 203 medfört

2528 714 230 184 till
2672 714 287 184 staden
2873 714 201 184 och
2988 714 287 184 ställt
3189 714 201 184 vid
3304 714 201 184 ett
3419 714 604 184 försäljningsstånd
3936 714 144 184 å
3994 714 460 184 Kungstorget,
4339 714 201 184 blif¬-

2533 838 236 214 vit
2668 838 405 214 derifrån
2972 838 270 214 till
3141 838 236 214 PKn
3242 838 371 214 afhemtad.

2659 930 394 150 Måndagen
2955 930 230 150 den
3086 930 197 150 14
3184 930 328 150 dennes
3414 930 394 150 företogs
3709 930 263 150 ånyo
3873 930 492 150 ytterligare
4234 930 263 150 förhör

2554 1019 210 210 med
2674 1019 329 210 Augusta
2913 1019 359 210 Josefina
3183 1019 389 210 Börjesson
3482 1019 299 210 dervid
3692 1019 240 210 hon,
3841 1019 210 210 med
3961 1019 449 210 återtagande
4320 1019 180 210 af
4380 1019 150 210 sin

2526 1156 289 215 förut
2718 1156 353 215 afgifna
2975 1156 481 215 bekännelse,
3360 1156 257 215 helt
3520 1156 224 215 och
3648 1156 321 215 hållet
3873 1156 417 215 förnekade
4193 1156 224 215 det
4290 1156 160 215 hon

2523 1254 419 244 föröfvat
2837 1254 314 244 något
3046 1254 209 244 af
3151 1254 209 244 de
3256 1254 523 244 ifrågakomne
3674 1254 384 244 anmälde
3953 1254 523 244 tillgreppen
4337 1254 209 244 samt

2534 1378 424 228 förklarade;
2873 1378 198 228 att
2986 1378 311 228 orsaken
3213 1378 340 228 dertill,
3467 1378 198 228 att
3581 1378 198 228 hon
3694 1378 198 228 vid
3807 1378 198 228 det
3920 1378 283 228 första
4118 1378 340 228 förhöret
4345 1378 141 228 er¬-

2527 1493 279 220 känt
2701 1493 418 220 desamme,
3015 1493 314 220 varit
3224 1493 279 220 den,
3398 1493 244 220 att
3537 1493 244 220 han
3677 1493 209 220 då
3781 1493 314 220 varit
3990 1493 209 220 så
4095 1493 383 220 betagen
4339 1493 139 220 af

2528 1592 376 246 fruktan,
2810 1592 219 246 att
2935 1592 219 246 hon
3061 1592 313 246 svarat
3280 1592 188 246 ja
3374 1592 251 246 till
3531 1592 251 246 allt
3687 1592 313 246 hvarom
3907 1592 219 246 hon
4032 1592 345 246 blifvit
4252 1592 219 246 till¬-

2545 1715 340 215 frågad;
2793 1715 248 215 samt
2947 1715 217 215 att
3071 1715 217 215 hon
3195 1715 248 215 icke
3350 1715 371 215 föröfvat
3628 1715 279 215 annat
3814 1715 433 215 tillgrepp,
4155 1715 217 215 att
4278 1715 186 215 af
4340 1715 155 215 den

2549 1832 265 208 korg
2714 1832 232 208 hon
2847 1832 397 208 lördagen
3144 1832 232 208 den
3277 1832 199 208 12
3376 1832 331 208 dennes
3608 1832 232 208 vid
3740 1832 496 208 anhållandet
4104 1832 364 208 innehade.

2662 1918 467 227 Målsegarne
3029 1918 267 227 Anna
3196 1918 267 227 Joha
3363 1918 401 227 Edström,
3663 1918 200 227 C.
3763 1918 200 227 J.
3863 1918 467 227 Johansson,
4197 1918 267 227 Lovisa

2557 2040 425 236 Andersson,
2890 2040 182 236 B.
2981 2040 364 236 Jönsson,
3254 2040 364 236 Carolina
3527 2040 364 236 Hansson,
3800 2040 243 236 Anna
3952 2040 303 236 Olsson
4164 2040 212 236 och
4255 2040 273 236 Johanna

2538 2131 395 227 Svensson
2834 2131 296 227 hafva
3031 2131 362 227 blifvit
3294 2131 296 227 hörde
3492 2131 230 227 och
3623 2131 263 227 fått
3788 2131 263 227 påse
3952 2131 230 227 den
4051 2131 427 227 ofvannämnda

2551 2229 186 262 af
2644 2229 311 262 hustru
2862 2229 404 262 Börjesson
3173 2229 218 262 den
3297 2229 186 262 12
3390 2229 311 262 dennes
3608 2229 249 262 till
3763 2229 311 262 staden
3981 2229 373 262 medförda
4229 2229 280 262 korgen,

2555 2326 311 265 dervid
2773 2326 187 265 de
2866 2326 218 265 fem
2991 2326 467 265 förstnämnde
3364 2326 249 265 hvar
3520 2326 218 265 för
3644 2326 218 265 sig
3769 2326 436 265 förklarat,
4111 2326 218 265 att
4236 2326 187 265 de
4298 2326 187 265 icke

2567 2443 406 232 densamma
2872 2443 440 232 igenkände
3210 2443 203 232 de
3312 2443 372 232 korgar,
3582 2443 203 232 de
3684 2443 372 232 mistat,
3955 2443 406 232 hvaremot
4225 2443 271 232 Johan¬-

2552 2550 189 253 na
2646 2550 377 253 Svensson
2929 2550 440 253 uppgifvit,
3275 2550 220 253 att
3401 2550 315 253 korgen
3621 2550 220 253 väl
3747 2550 346 253 liknade
3999 2550 252 253 den,
4156 2550 220 253 som
4250 2550 189 253 från

2556 2671 285 250 henne
2746 2671 222 250 den
2873 2671 190 250 28
2968 2671 253 250 Juni
3126 2671 412 250 sistlidet
3443 2671 190 250 år
3538 2671 507 250 tillgripits,
3950 2671 222 250 men
4076 2671 222 250 att
4203 2671 222 250 hon
4298 2671 190 250 icke

2541 2783 261 209 vore
2704 2783 489 209 fullkomligt
3095 2783 261 209 viss
3258 2783 326 209 derom,
3486 2783 391 209 huruvida
3780 2783 228 209 det
3910 2783 261 209 vore
4073 2783 293 209 samma
4236 2783 228 209 korg.

2648 2875 446 211 Målsegaren
2998 2875 382 211 Mathilda
3285 2875 382 211 Jonsson,
3571 2875 223 211 för
3698 2875 350 211 hvilken
3953 2875 223 211 den
4080 2875 286 211 hvita
4239 2875 223 211 pors¬-

2560 3000 515 202 linstallriken
2984 3000 212 202 och
3105 3000 333 202 bundten
3347 3000 212 202 med
3468 3000 272 202 hvita
3649 3000 454 202 bomullsbund
4013 3000 454 202 förevisats,
4346 3000 151 202 har

2553 3101 443 218 uppgifvit,
2901 3101 221 218 att
3028 3101 316 218 banden
3249 3101 253 218 vore
3408 3101 190 218 de
3503 3101 253 218 från
3661 3101 285 218 henne
3851 3101 475 218 tillgripna,
4199 3101 316 218 äfvensom

2549 3205 214 210 att
2672 3205 398 210 Tallriken
2978 3205 245 210 vore
3131 3205 184 210 af
3223 3205 275 210 samma
3406 3205 275 210 sort,
3590 3205 214 210 som
3712 3205 245 210 den,
3865 3205 337 210 hvilken
4110 3205 275 210 legat
4294 3205 153 210 i
4324 3205 184 210 hen¬-

2542 3372 260 134 nes
2653 3372 260 134 korg.

2642 3390 439 225 Handlanden
2986 3390 188 225 J.
3080 3390 533 225 Svenningsson,
3519 3390 219 225 som
3644 3390 282 225 idkar
3832 3390 313 225 handel
4051 3390 219 225 med
4177 3390 251 225 smör
4333 3390 157 225 i
4365 3390 125 225 en

2563 3501 333 199 källare
2805 3501 151 199 i
2865 3501 272 199 huset
3047 3501 182 199 No
3138 3501 151 199 5
3198 3501 212 199 vid
3319 3501 454 199 Kungstorget
3682 3501 212 199 och
3773 3501 696 199 Nykterhetsvärdshusid¬-

2544 3613 277 192 karen
2729 3613 185 192 O.
2821 3613 523 192 Christensson,
3252 3613 308 192 boende
3468 3613 154 192 i
3530 3613 277 192 huset
3714 3613 185 192 No
3807 3613 154 192 7
3868 3613 216 192 vid
3992 3613 277 192 samma
4176 3613 277 192 torg,
4330 3613 185 192 haf¬-

2544 3770 227 157 va
2620 3770 379 157 upplyst:
