5027 4075
451 216 462 181 besök,
774 216 324 181 men
959 216 370 181 derå
1191 216 370 181 icke
1422 216 555 181 erhållit
1838 216 416 181 svar;
2115 216 324 181 att
2254 216 185 181 då

435 365 503 182 Hansson
801 365 686 182 fortfarande
1350 365 457 182 ifrigt
1670 365 457 182 "legat
1991 365 320 182 åt"
2128 365 320 182 Dahl¬-

431 468 457 167 ström
736 468 356 167 att
939 468 407 167 låta
1193 468 559 167 Hansson
1600 468 508 167 träffa
1905 468 559 167 Stenberg,

428 550 596 201 Dahlström
886 550 367 201 ånyo
1115 550 412 201 derom
1390 550 733 201 tillskrifvit
1940 550 504 201 Stenberg,

433 654 473 181 dervid
764 654 614 181 Dahlström
1236 654 709 181 föregifvit,
1804 654 331 181 att
1993 654 331 181 han
2134 654 284 181 hade

457 751 505 174 vigtiga
824 751 505 174 affärer
1192 751 321 174 att
1375 751 321 174 med
1559 751 551 174 Stenberg
1926 751 505 174 afhandla;

450 863 320 145 att
633 863 548 145 Stenberg
1044 863 274 145 då
1181 863 685 145 skriftligen
1728 863 365 145 bedt
1911 863 502 145 Dahlström

467 980 388 121 möts
709 980 436 121 honom
1000 980 242 121 i
1097 980 727 121 Wenersborg;
1678 980 339 121 att
1872 980 339 121 vid
2066 980 339 121 det
2211 980 194 121 af

443 1054 543 158 Hansson
837 1054 691 158 omförmälda
1380 1054 444 158 mötet
1676 1054 642 158 derstädes
2121 1054 345 158 Dahl¬-

453 1164 416 178 ström
730 1164 369 178 icke
961 1164 369 178 hört
1192 1164 554 178 Stenberg
1607 1164 739 178 uttryckligen
2161 1164 277 178 tala

446 1292 442 140 något
741 1292 295 140 om
888 1292 295 140 de
1036 1292 688 140 tillämnade
1527 1292 934 140 förfalskningarne,

441 1400 406 126 utan
695 1400 406 126 hade
949 1400 305 126 de
1101 1400 406 126 alla
1355 1400 406 126 tre,
1609 1400 406 126 som,
1863 1400 508 126 enligt
2167 1400 305 126 hvad

451 1465 326 175 det
638 1465 653 175 förefallit
1151 1465 606 175 Dahlström
1617 1465 326 175 väl
1804 1465 560 175 förstått
2177 1465 326 175 hvar¬-

465 1578 468 120 andras
793 1578 608 120 afsigter,
1260 1578 468 120 endast
1588 1578 795 120 anlydningsvis
2196 1578 234 120 be¬-

446 1675 377 107 rört
682 1675 472 107 ämnet;
1012 1675 330 107 att
1201 1675 330 107 det
1389 1675 472 107 endast
1720 1675 425 107 varit
2003 1675 330 107 200
2144 1675 236 107 Kr,

419 1793 375 101 som
634 1793 590 101 Hansson
1063 1793 483 101 genom
1385 1793 697 101 Dahlström
1867 1793 590 101 tillsändt

402 1857 654 145 Stenberg:
905 1857 352 145 att
1106 1857 654 145 Dahlström
1609 1857 352 145 och
1810 1857 604 145 Hanssons
2213 1857 252 145 mö¬-

424 1957 297 130 te
573 1957 644 130 härstädes
1068 1957 495 130 enligt
1415 1957 396 130 hvad
1663 1957 644 130 Dahlström
2108 1957 347 130 ville

427 2060 463 126 erinra
751 2060 371 126 sig,
983 2060 602 126 inträffat
1446 2060 324 126 den
1631 2060 278 126 23
1770 2060 463 126 sistl.
2048 2060 371 126 April;

411 2149 375 184 att
626 2149 375 184 den
840 2149 322 184 af
1001 2149 589 184 Hansson
1429 2149 268 184 i
1537 2149 697 184 Jönköping
2019 2149 375 184 köpte

399 2243 496 186 vexeln
747 2243 446 186 varit
1044 2243 545 186 försedd
1441 2243 347 186 med
1639 2243 298 186 en
1738 2243 645 186 tvärsöfver¬-

397 2344 634 166 densamma
873 2344 529 166 påsatt
1243 2344 317 166 s.
1402 2344 317 166 k.
1560 2344 740 166 blåstämpel
2089 2344 370 166 inne¬-

424 2487 592 139 fattande
868 2487 444 139 orden
1164 2487 345 139 "ej
1361 2487 444 139 öfver
1657 2487 345 139 100
1854 2487 592 139 Kronor",
2249 2487 148 139 i

416 2542 738 178 anledning
984 2542 568 178 hvaraf
1382 2542 511 178 samme
1722 2542 511 178 vexel
2063 2542 341 178 ej
2177 2542 227 178 af

413 2646 640 176 Stenberg
893 2646 533 176 kunnat
1266 2646 800 176 förfalskas;
1906 2646 373 176 att
2066 2646 267 176 vid

423 2782 704 132 Dahlströms
976 2782 352 132 och
1177 2782 604 132 Hanssons
1630 2782 604 132 vistelse
2083 2782 252 132 i
2133 2782 352 132 Udde¬-

429 2859 457 124 valla
734 2859 254 124 i
836 2859 508 124 sistl.
1191 2859 356 124 Maj
1395 2859 457 124 månad
1700 2859 356 124 det
1903 2859 457 124 varit
2157 2859 305 124 han,

414 2947 413 130 som
650 2947 532 130 genom
1005 2947 709 130 idheliga
1477 2947 945 130 budskickningar

428 3078 554 148 begärt
815 3078 332 148 få
981 3078 443 148 tala
1258 3078 388 148 med
1480 3078 720 148 Dahlström
2033 3078 388 148 och
2200 3078 221 148 då

415 3157 488 173 denne
740 3157 650 173 infunnit
1228 3157 379 173 sig
1444 3157 379 173 hos
1661 3157 650 173 Hansson,
2095 3157 379 173 städ¬-

445 3259 328 132 se
609 3259 765 132 återkommit
1210 3259 437 132 till
1483 3259 656 132 samtalet
1975 3259 328 132 om
2084 3259 328 132 för¬-

438 3355 992 152 falskningarne
1255 3355 467 152 samt
1547 3355 817 152 ouphörligt
2130 3355 292 152 en¬-

440 3446 567 162 träget
837 3446 680 162 uppmanat
1348 3446 737 162 Dahlström
1915 3446 397 162 att
2085 3446 340 162 vid¬-

428 3568 426 145 taga
694 3568 639 145 åtgärder
1173 3568 373 145 för
1386 3568 639 145 desammas
1812 3568 639 145 utförande;

2611 224 322 177 att
2795 224 645 177 Dahlström,
3302 224 322 177 som
3486 224 415 177 varit
3763 224 369 177 mera
3993 224 599 177 likgiltig
4408 224 230 177 för

2611 382 458 108 saken,
2932 382 229 108 i
3023 382 320 108 det
3206 382 320 108 han
3389 382 458 108 ansett
3710 382 320 108 att
3893 382 320 108 det
4076 382 320 108 väl
4259 382 366 108 vore
4442 382 229 108 bra

2607 484 340 110 om
2777 484 396 110 han
3004 484 509 110 derpå
3343 484 509 110 kunde
3683 484 509 110 vinna
4022 484 566 110 något,
4362 484 283 110 men

2617 584 326 134 ock
2804 584 373 134 att,
3037 584 280 134 om
3177 584 280 134 så
3317 584 280 134 ej
3457 584 513 134 skedde,
3830 584 466 134 "ingen
4156 584 420 134 kunde
4390 584 326 134 hjel¬-

2606 680 426 162 pat",
2890 680 615 162 slutligen
3363 680 378 162 dock
3599 680 473 162 gifvit
3930 680 378 162 vika
4167 680 331 162 för
4309 680 331 162 Hans¬-

2630 773 379 125 sons
2867 773 758 125 enträgenhet;
3483 773 332 125 att
3673 773 427 125 sedan
3957 773 664 125 Dahlströms
4431 773 237 125 ge¬-

2601 870 417 147 nom
2840 870 476 147 bref
3137 870 476 147 från
3435 870 655 147 Hansson
3911 870 714 147 anmodats
4387 870 298 147 mö¬-

2607 988 309 155 ta
2761 988 463 155 denne
3070 988 360 155 och
3276 988 618 155 Stenberg
3739 988 257 155 i
3842 988 721 155 Mösseberg,
4357 988 257 155 han

2614 1089 356 165 den
2817 1089 305 165 10
2970 1089 407 165 Juni
3224 1089 356 165 dit
3427 1089 610 165 anländt;
3885 1089 356 165 att
4037 1089 559 165 Dahlström

2618 1180 258 155 å
2722 1180 515 155 Upsale
3082 1180 258 155 å
3185 1180 1288 155 Stadshotelletkällaren
4267 1180 412 155 betalt

2611 1299 534 134 intagen
3000 1299 485 134 måltid
3339 1299 340 134 med
3533 1299 340 134 den
3727 1299 243 134 å
3824 1299 291 134 20
3970 1299 291 134 Kr
4115 1299 291 134 47
4261 1299 340 134 öre
4406 1299 243 134 ly¬-

2624 1415 431 118 dande
2912 1415 766 118 oförfalskade
3534 1415 527 118 vexeln;
3918 1415 335 118 att
4109 1415 431 118 sedan
4349 1415 335 118 Hans¬-

2619 1533 349 148 son
2819 1533 249 148 i
2918 1533 449 148 Gefle
3217 1533 399 148 sålt
3467 1533 349 148 den
3666 1533 349 148 ene
3865 1533 299 148 af
4015 1533 299 148 de
4115 1533 548 148 förfalska

2623 1616 311 138 de
2779 1616 673 138 vexlarne,
3296 1616 363 138 han
3504 1616 518 138 lemnat
3866 1616 673 138 Dahlström
4332 1616 311 138 100.

2638 1744 318 145 kr
2797 1744 370 145 med
3009 1744 476 145 ifrig
3326 1744 688 145 uppmaning
3855 1744 423 145 till
4067 1744 582 145 Dahlström

2617 1809 369 133 att
2828 1809 475 133 innan
3145 1809 844 133 Bankkontoren
3830 1809 686 133 stängdes,
4305 1809 369 133 skyn¬-

2619 1919 322 127 da
2780 1919 376 127 att
2995 1919 430 127 köpa
3264 1919 859 127 "Småvexlar",
3962 1919 376 127 som
4123 1919 430 127 skulle

2626 2038 365 138 till
2854 2038 730 138 förfalskning
3447 2038 593 138 användas;
3903 2038 319 138 att
4040 2038 502 138 Dahlström

2611 2130 323 132 som
2795 2130 415 132 först
3072 2130 508 132 dertill
3441 2130 461 132 nekat,
3764 2130 600 132 slutligen
4180 2130 461 132 mottagit

2577 2230 739 138 penningarne
3168 2230 690 138 derefefter
3710 2230 444 138 låtit
4006 2230 444 138 genom
4302 2230 296 138 en
4401 2230 246 138 ho¬-

2608 2330 942 140 tellvaktmästare
3402 2330 248 140 å
3501 2330 694 140 Gefleborgs
4047 2330 446 140 Ensk.
4295 2330 347 140 Banks

2583 2396 571 164 kontor
2983 2396 457 164 köpa
3268 2396 400 164 två
3496 2396 571 164 vexlar
3896 2396 685 164 nemligen
4353 2396 228 164 en

2619 2540 394 124 under
2882 2540 263 124 No
3014 2540 351 124 8952
3233 2540 219 124 å
3320 2540 263 124 16
3452 2540 263 124 Kr
3583 2540 263 124 37
3715 2540 307 124 öre
3890 2540 351 124 till
4109 2540 263 124 O.
4197 2540 438 124 Carlsson

2621 2647 234 127 i
2715 2647 703 127 Christiania
3277 2647 516 127 orderes
3653 2647 328 127 och
3840 2647 281 127 en
3981 2647 422 127 under
4262 2647 281 127 No
4356 2647 281 127 8953

2601 2709 247 149 å
2699 2709 296 149 28
2847 2709 296 149 Kr
2995 2709 296 149 40
3143 2709 345 149 öre
3341 2709 395 149 till
3588 2709 641 149 Håkansson
4081 2709 247 149 i
4130 2709 395 149 Bergen

2595 2810 511 134 order;
2952 2810 357 134 att
3157 2810 562 134 bemälde
3565 2810 613 134 Carlsson
4024 2810 357 134 och
4178 2810 459 134 Håkans¬-

2609 2924 356 155 son
2812 2924 457 155 varit
3117 2924 559 155 diktade
3524 2924 661 155 personer;
4032 2924 356 155 att
4185 2924 457 155 siffer¬-

2621 3011 538 158 talen,
2998 3011 592 158 hvarmed
3428 3011 914 158 vexelbeloppen
4127 3011 484 158 uttryc¬-

2588 3129 390 102 tes
2811 3129 501 102 varit
3145 3129 891 102 genombrutne;
3869 3129 390 102 att
4036 3129 612 102 Dahlström

2599 3215 268 161 å
2707 3215 590 161 Uplands
3136 3215 483 161 Ensk.
3458 3215 483 161 banks
3780 3215 536 161 kontor
4155 3215 268 161 i
4209 3215 429 161 Upsala

2608 3323 361 179 den
2815 3323 309 179 18
2969 3323 412 179 Juni
3227 3323 412 179 köpt
3485 3323 773 179 ytterligare
4103 3323 412 179 fyra
4310 3323 309 179 vex¬-

2626 3441 366 152 lar,
2855 3441 549 152 nemligen
3266 3441 274 152 No
3404 3441 412 152 16136
3678 3441 229 152 å
3769 3441 274 152 16
3907 3441 274 152 Kr
4044 3441 274 152 67
4181 3441 366 152 öre,
4364 3441 320 152 stäld

2643 3560 319 135 till
2843 3560 240 135 B.
2962 3560 319 135 Ask,
3162 3560 240 135 No
3282 3560 359 135 16137
3521 3560 200 135 å
3601 3560 240 135 13
3721 3560 240 135 Kr
3841 3560 240 135 85
3960 3560 319 135 öre,
4160 3560 359 135 stäld
4360 3560 240 135 till

2615 3668 228 177 A.
2729 3668 343 177 Blom,
2957 3668 228 177 No
3072 3668 343 177 16131
3300 3668 190 177 å
3376 3668 228 177 16
3490 3668 228 177 Kr
3604 3668 228 177 37
3719 3668 304 177 öre,
3909 3668 343 177 stäld
4137 3668 304 177 till
4328 3668 228 177 A.
4404 3668 228 177 Berg
