5100 4064
542 309 418 92 lånaren
846 309 228 92 H.
960 309 228 92 C.
1074 309 456 92 Hallberg
1416 309 190 92 i
1492 309 342 92 huset
1720 309 228 92 No
1834 309 228 92 14
1948 309 266 92 vid
2062 309 380 92 Husarga¬-

530 403 297 110 tan
699 403 297 110 för
869 403 254 110 15
996 403 466 110 kronor,
1335 403 424 110 firman
1631 403 508 110 Hagström
2012 403 297 110 och
2139 403 297 110 Hall¬-

532 501 414 96 grens
808 501 735 96 sommarsartut
1405 501 322 96 och
1589 501 276 96 de
1727 501 460 96 svarta
2002 501 414 96 byxorna

525 601 298 112 den
696 601 256 112 14
824 601 426 112 sistl.
1122 601 384 112 Febr.
1378 601 213 112 å
1463 601 511 112 Majornas
1847 601 511 112 allmänna
2188 601 298 112 pant¬-

538 707 803 96 laneinrättnings
1214 707 423 96 kontor
1510 707 211 96 i
1595 707 380 96 huset
1848 707 254 96 No
1975 707 254 96 44
2102 707 296 96 vid
2229 707 211 96 Hu¬-

503 809 579 96 sargatan,
949 809 535 96 sartuten
1350 809 312 96 för
1528 809 223 96 5
1617 809 446 96 kronor
1929 809 312 96 och
2063 809 401 96 byxorna

525 909 330 98 för
714 909 236 98 6
808 909 283 98 Kr
949 909 377 98 samt
1185 909 330 98 ett
1374 909 283 98 af
1516 909 283 98 de
1657 909 377 98 från
1846 909 566 98 handlanden

524 1007 646 118 Jerichover
1032 1007 646 118 tillgripne
1539 1007 369 118 uren
1770 1007 323 118 den
1955 1007 231 118 1
2001 1007 369 118 dennes

543 1113 236 108 å
637 1113 425 108 samma
921 1113 756 108 bolagskontor
1535 1113 236 108 i
1630 1113 425 108 huset
1913 1113 284 108 No
2055 1113 331 108 142
2197 1113 189 108 af

526 1209 525 126 Majornas
920 1209 437 126 tredje
1226 1209 350 126 rote
1444 1209 306 126 för
1619 1209 262 126 10
1750 1209 481 126 kronor,
2100 1209 262 126 så
2187 1209 219 126 har

535 1305 998 118 detektivkonstapeln
1396 1305 272 118 C.
1532 1305 272 118 G.
1668 1305 454 118 Andrén
1986 1305 317 118 den
2167 1305 227 118 4
2213 1305 181 118 ds

539 1399 300 130 för
710 1399 385 130 dessa
967 1399 556 130 tillgrepp
1395 1399 513 130 anhållit
1737 1399 685 130 skrädderiarbe¬-

539 1505 419 106 taren
819 1505 373 106 John
1052 1505 512 106 Werner,
1424 1505 466 106 boende
1750 1505 233 106 i
1843 1505 419 106 huset
2123 1505 279 106 No
2216 1505 186 106 19

543 1603 326 124 vid
730 1603 839 124 Kapuniergatan,
1429 1603 513 124 hvilken
1802 1603 326 124 vid
1941 1603 513 124 häktandet

532 1703 552 134 befanns
934 1703 653 134 innehafva
1436 1703 352 134 två
1637 1703 301 134 af
1787 1703 301 134 de
1938 1703 402 134 från
2139 1703 251 134 Je¬-

507 1813 613 132 richover
967 1813 715 132 tillgripne
1529 1813 460 132 uren,
1835 1813 409 132 samt
2039 1813 307 132 vara

517 1927 485 125 iklädd
857 1927 534 125 Lundins
1246 1927 631 125 gossjacka
1731 1927 340 125 och
1925 1927 291 125 en
2071 1927 291 125 af
2168 1927 194 125 de

544 2017 404 117 från
796 2017 505 117 firman
1149 2017 555 117 Ahlblad
1553 2017 252 117 &
1654 2017 555 117 Groeger
2007 2017 353 117 till¬-

499 2107 453 137 gripne
816 2107 589 137 västarne,
1269 2107 589 137 hvarjemte
1723 2107 317 137 han
1904 2107 227 137 i
1995 2107 317 137 ena
2131 2107 317 137 rock¬-

494 2201 463 150 fickan
818 2201 371 150 hade
1050 2201 278 150 en
1189 2201 695 150 skarpladdad
1745 2201 649 150 revolfver,
2208 2201 278 150 samt

456 2287 595 72 följande
853 2287 645 72 pantsedlar:

532 2401 239 113 No
652 2401 358 113 32702
891 2401 199 113 å
970 2401 279 113 två
1130 2401 358 113 alnar
1369 2401 478 113 Korderoj
1727 2401 398 113 belånt
2006 2401 279 113 den
2165 2401 239 113 10
2245 2401 199 113 Ja¬-

879 2491 383 99 nuari
1135 2491 213 99 å
1220 2491 511 99 Majornas
1603 2491 511 99 allmänna
1944 2491 468 99 pantlåne¬-

866 2567 761 100 inrättningskontor
1518 2567 181 100 i
1591 2567 326 100 huset
1808 2567 217 100 No
1917 2567 217 100 44
2025 2567 254 100 vid
2134 2567 290 100 Husar¬-

884 2649 376 62 gatan
1135 2649 293 62 för
1302 2649 293 62 med
1470 2649 209 62 5
1512 2649 376 62 kronor.

574 2713 342 131 34811
802 2713 190 131 å
878 2713 266 131 två
1030 2713 342 131 alnar
1257 2713 342 131 svart
1485 2713 342 131 satin
1713 2713 418 131 belånte
2016 2713 228 131 de
2130 2713 228 131 21
2206 2713 228 131 Jan.

786 2819 229 94 å
878 2819 411 94 samma
1152 2819 457 94 Kontor
1472 2819 320 94 med
1655 2819 229 94 5
1701 2819 411 94 kronor.

581 2923 318 84 10168
793 2923 177 84 å
864 2923 248 84 två
1005 2923 318 84 alnar
1218 2923 318 84 svart
1430 2923 318 84 satin
1642 2923 248 84 den
1784 2923 212 84 21
1890 2923 283 84 Jan.
2067 2923 177 84 å
2102 2923 248 84 samma

765 3015 310 86 bolags
982 3015 310 86 Kontor
1199 3015 155 86 i
1261 3015 279 86 huset
1447 3015 186 86 No
1540 3015 186 86 39
1634 3015 217 86 vid
1758 3015 279 86 Breda
1944 3015 279 86 vägen
2130 3015 217 86 med
2254 3015 155 86 4
2285 3015 155 86 kr.

557 3120 294 91 35459
753 3120 163 91 å
819 3120 163 91 2
884 3120 229 91 1/4
1015 3120 294 91 alnar
1211 3120 294 91 svart
1407 3120 490 91 diagonaltyg
1799 3120 229 91 den
1930 3120 196 91 22
2028 3120 261 91 Jan.
2191 3120 163 91 å
2224 3120 196 91 sam¬-

725 3200 200 105 ma
825 3200 533 105 bolagskontor
1257 3200 166 105 i
1324 3200 300 105 huset
1524 3200 200 105 No
1624 3200 200 105 44
1724 3200 233 105 vid
1857 3200 366 105 Husarg.
2123 3200 233 105 med
2256 3200 166 105 5
2290 3200 166 105 kr.

553 3316 293 84 21672
749 3316 163 84 å
814 3316 228 84 tre
944 3316 293 84 alnar
1139 3316 293 84 svart
1335 3316 293 84 satin
1530 3316 358 84 belånte
1790 3316 228 84 den
1921 3316 195 84 23
2018 3316 260 84 Jan.
2148 3316 98 84 å

770 3397 326 75 samma
987 3397 579 75 bolagskontor
1458 3397 181 75 i
1530 3397 326 75 huset
1747 3397 217 75 No
1856 3397 253 75 142
2001 3397 217 75 af
2073 3397 145 75 Ms

740 3464 317 64 3dje
899 3464 277 64 rote.

2087 3485 259 71 med
2235 3485 185 71 6
2272 3485 148 71 kr

497 3588 317 82 10514
708 3588 176 82 å
778 3588 176 82 2
849 3588 317 82 alnar
1060 3588 317 82 svart
1271 3588 317 82 kläde
1482 3588 387 82 belånte
1764 3588 246 82 den
1904 3588 211 82 27
1975 3588 211 82 jan.

755 3673 164 78 å
821 3673 295 78 samma
1018 3673 328 78 bolags
1247 3673 328 78 kontor
1477 3673 164 78 i
1543 3673 295 78 huset
1740 3673 197 78 No
1838 3673 197 78 39
1904 3673 164 78 vid

731 3741 368 79 Breda
936 3741 286 79 vägen

1943 3761 233 48 med

2200 3747 220 80 4kr

2714 307 227 93 No
2828 307 302 93 9905
3016 307 264 93 tre
3168 307 340 93 alnar
3394 307 340 93 svart
3621 307 340 93 kläde
3847 307 416 93 belånte
4150 307 264 93 den
4263 307 151 93 28

2958 400 461 94 Januari
3293 400 251 94 af
3419 400 628 94 Pantlanaren
3921 400 251 94 N.
4005 400 419 94 Lundgren

2953 486 205 122 i
3035 486 369 122 huset
3281 486 246 122 No
3404 486 246 122 53
3527 486 287 122 vid
3691 486 246 122 2a
3814 486 533 122 Langgatan
4225 486 205 122 -
4307 486 287 122 med
4471 486 205 122 5
4512 486 164 122 kr

2767 569 332 120 38217
2988 569 258 120 Ett
3136 569 258 120 par
3283 569 258 120 grå
3430 569 626 120 Korderojbyxor
3946 569 405 120 belånte
4204 569 184 120 den

2900 685 252 87 10
3026 685 378 87 Febr.
3278 685 210 87 å
3362 685 504 87 Majornas
3740 685 504 87 allmänna
4076 685 294 87 pant¬-

2913 784 549 95 lånekontor
3344 784 196 95 i
3422 784 353 95 huset
3657 784 235 95 No
3775 784 235 95 44
3892 784 509 95 Husargatn
4284 784 274 95 med
4441 784 196 95 5
4480 784 196 95 Kr.

2760 876 355 95 4949
2982 876 266 95 en
3115 876 355 95 brun
3337 876 489 95 bonjour
3692 876 444 95 belånt
4003 876 311 95 den
4136 876 178 95 13

2938 991 356 96 febr.
3176 991 237 96 af
3294 991 593 96 Pantlånaren
3769 991 237 96 H.
3887 991 237 96 C.
3967 991 395 96 Hallberg

2953 1091 216 100 i
3039 1091 388 100 huset
3298 1091 259 100 No
3427 1091 259 100 14
3557 1091 302 100 vid
3729 1091 604 100 Husargatan
4204 1091 216 100 -
4290 1091 302 100 med
4462 1091 216 100 2
4505 1091 173 100 kr

2711 1195 388 140 40294
2970 1195 302 140 två
3142 1195 388 140 alnar
3401 1195 388 140 grått
3659 1195 474 140 byxtyg,
3961 1195 345 140 belånt

2904 1317 319 106 den
3087 1317 274 106 19
3224 1317 411 106 Febr.
3498 1317 228 106 å
3589 1317 548 106 Majornas
3954 1317 456 106 allmänna

2913 1415 740 140 pantlånekontor
3530 1415 206 140 i
3612 1415 247 140 No
3735 1415 247 140 44
3859 1415 493 140 Husargtn
4229 1415 288 140 med
4393 1415 206 140 3
4434 1415 206 140 Kr.

2683 1537 402 120 40435
2951 1537 312 120 två
3130 1537 402 120 alnar
3397 1537 446 120 rutigt
3710 1537 402 120 svart
3933 1537 491 120 Kamgarns¬-

2906 1645 255 110 tyg
3051 1645 365 110 belånt
3307 1645 255 110 den
3453 1645 219 110 21
3562 1645 328 110 Febr.
3781 1645 182 110 å
3854 1645 328 110 samma
4073 1645 365 110 kontor
4328 1645 255 110 med
4474 1645 182 110 5
4511 1645 109 110 "

2663 1767 327 80 1029
2868 1767 286 80 Ett
3031 1767 532 80 silfverur
3440 1767 409 80 belånt
3727 1767 286 80 den
3890 1767 245 80 25
4013 1767 327 80 Febr
4176 1767 164 80 af

2907 1879 705 88 Pantlånaren
3471 1879 282 88 N.
3612 1879 564 88 Langgren
4036 1879 235 88 i
4083 1879 329 88 huset

2915 1977 273 83 No
3051 1977 273 83 20
3188 1977 319 83 vid
3324 1977 546 83 Kungsgatan

4238 2003 322 82 med
4422 2003 230 82 5
4468 2003 138 82 "

2705 2079 346 110 7553
2921 2079 216 110 3
3007 2079 302 110 1/4
3180 2079 389 110 alnar
3439 2079 302 110 blå
3612 2079 432 110 Eskimå
3871 2079 389 110 belånte

2952 2182 325 115 den
3137 2182 279 115 25
3277 2182 418 115 Febr.
3555 2182 279 115 af
3648 2182 604 115 Pantlanaren

2946 2285 240 118 P.
3066 2285 240 118 J.
3186 2285 401 118 Osberg
3467 2285 200 118 i
3547 2285 361 118 huset
3787 2285 240 118 No
3907 2285 200 118 3
3987 2285 280 118 vid
4108 2285 280 118 Jern¬-

2924 2372 320 69 torget

4457 2415 189 88 10
4520 2415 95 88 "

2667 2467 195 116 "
2745 2467 311 116 1073
2939 2467 272 116 Ett
3095 2467 428 116 ankarur
3406 2467 389 116 belånt
3679 2467 272 116 den
3834 2467 233 116 26
3951 2467 311 116 Febr
4106 2467 156 116 af

2893 2572 677 91 pantlånaren
3434 2572 271 91 N.
3525 2572 451 91 Landgren

4451 2595 207 78 8
4492 2595 124 78 "

2684 2694 188 95 "
2760 2694 301 95 3473
2947 2694 263 95 Ett
3098 2694 489 95 silfverur
3474 2694 376 95 belånt
3737 2694 263 95 den
3887 2694 225 95 27
4000 2694 338 95 Febr.
4188 2694 150 95 af

2920 2782 712 93 pantlånerskan
3506 2782 251 93 J.
3632 2782 461 93 Jonsson
3967 2782 209 93 i
4009 2782 293 93 huset

2906 2870 274 77 No
3043 2870 229 77 6
3135 2870 320 77 vid
3272 2870 640 77 Eklundsgatan

4435 2891 213 76 8
4478 2891 128 76 "

2668 2979 343 101 41359
2896 2979 267 101 Ett
3049 2979 267 101 par
3201 2979 343 101 byxor
3430 2979 419 101 belånte
3735 2979 267 101 den
3887 2979 229 101 28
4001 2979 343 101 Febr.
4192 2979 114 101 å

2894 3089 550 73 majornas
3307 3089 550 73 allmänna
3674 3089 642 73 pantlånekon¬-

2889 3184 284 60 tor
3052 3184 203 60 i
3133 3184 366 60 huset
3377 3184 244 60 No
3499 3184 244 60 44
3621 3184 284 60 vid
3743 3184 488 60 Husargatan

4447 3195 187 82 6
4484 3195 112 82 "

2701 3313 406 52 21504
2971 3313 315 52 Ett
3152 3313 586 52 sifverur,
3602 3313 451 52 belånt
3873 3313 225 52 den

4004 3260 190 53 28
4068 3260 190 53 Febr

2750 3422 264 30 å

3007 3376 329 34 Stadens

3354 3394 580 77 allmänna
3740 3394 532 77 pantlåne¬-

2868 3489 536 81 inrättning
3289 3489 191 81 i
3365 3489 345 81 huset
3595 3489 230 81 No
3710 3489 230 81 37
3825 3489 268 81 vid
3940 3489 345 81 Wallgtn

4421 3491 210 74 10
4491 3491 105 74 "

2675 3577 185 87 "
2749 3577 333 87 25205
2971 3577 259 87 Ett
3120 3577 445 87 sifverur
3453 3577 370 87 belånt
3712 3577 259 87 den
3860 3577 185 87 1
3935 3577 222 87 ds
4046 3577 185 87 å
4083 3577 185 87 Ma¬-

2846 3655 382 97 jornas
3113 3655 688 97 pantlånekontor
3687 3655 191 97 i
3763 3655 344 97 huset
3992 3655 229 97 No
4069 3655 191 97 142

2869 3734 209 70 af
2974 3734 243 70 Mjs
3113 3734 278 70 3dje
3252 3734 209 70 rote

4393 3759 246 80 10
4475 3759 123 80 "
