5063 4100
523 251 451 197 samt
804 251 732 197 misstänkt
1367 251 394 197 det
1593 251 563 197 rocken
1931 251 451 197 möjli¬-

533 390 347 152 gen
732 390 396 152 vore
979 390 545 152 stulen,
1376 390 297 152 ej
1525 390 595 152 mottagit
1921 390 446 152 densam¬-

499 475 368 156 ma
683 475 429 156 och
928 475 490 156 dels
1234 475 490 156 Anna
1541 475 797 156 Andersson
2093 475 307 156 att

520 570 310 176 då
675 570 362 176 hon
882 570 465 176 under
1192 570 465 176 Claes
1502 570 723 176 Johanssons
2018 570 310 176 sed¬-

493 677 436 132 nare
765 677 490 132 besök
1092 677 272 132 å
1200 677 1089 132 pantlånekontoret
2072 677 272 132 dit

497 776 761 195 inkommit
1067 776 634 195 jemväl
1511 776 444 195 hon
1702 776 634 195 igenkänt

481 898 613 164 honom
890 898 545 164 vara
1230 898 613 164 samma
1639 898 681 164 person
2048 898 341 164 som

509 1004 358 132 den
713 1004 562 132 hvilken
1122 1004 358 132 den
1327 1004 307 132 19
1480 1004 511 132 sistl.
1787 1004 460 132 Oktober

533 1105 565 147 pantsatt
957 1105 377 147 ofta
1192 1105 518 147 berörde
1569 1105 706 147 skinntröja,
2087 1105 282 147 och,

501 1211 293 206 2o
648 1211 978 206 Pantlånebiträdet
1479 1211 489 206 Julius
1772 1211 587 206 Caspersson

520 1334 348 201 som
719 1334 596 201 förestår
1166 1334 547 201 bemälde
1564 1334 646 201 Landgrens
2011 1334 348 201 pant¬-

498 1449 716 153 lånekontor
1061 1449 256 153 i
1163 1449 461 153 huset
1470 1449 307 153 No
1624 1449 307 153 20
1777 1449 358 153 vid
1931 1449 409 153 Kungs¬-

517 1560 525 171 gatan,
885 1560 368 171 att
1095 1560 315 171 då
1253 1560 473 171 Claes
1568 1560 683 171 Johansson
2040 1560 263 171 som

508 1682 749 175 Caspersson
1097 1682 535 175 trodde
1472 1682 375 175 sig
1632 1682 589 175 igenkänna

517 1799 346 161 den
714 1799 247 161 9
813 1799 296 161 ds
961 1799 642 161 innevarit
1455 1799 247 161 å
1553 1799 642 161 sistnämde
1997 1799 346 161 pant¬-

489 1896 704 174 lånekontor
1042 1896 352 174 med
1243 1896 553 174 begäran
1645 1896 352 174 att
1796 1896 553 174 pantsätta

511 2023 368 164 han
722 2023 315 164 ur
879 2023 578 164 rockens
1300 2023 368 164 ena
1510 2023 473 164 ficka
1773 2023 526 164 upptagit

509 2130 348 154 ett
708 2130 348 154 par
907 2130 646 154 handskar,
1403 2130 348 154 och
1602 2130 298 154 en
1701 2130 646 154 tändsticks¬-

490 2245 474 169 låda,
807 2245 527 169 hvilka
1175 2245 685 169 persedlar
1703 2245 369 169 han
1861 2245 474 169 nedlagt

477 2338 267 195 i
583 2338 321 195 en
744 2338 481 195 ficka
1064 2338 321 195 af
1225 2338 427 195 sina
1492 2338 588 195 påhafda
1866 2338 427 195 kläder

488 2468 442 159 samt
764 2468 386 159 att
985 2468 773 159 Caspersson
1592 2468 386 159 som
1758 2468 607 159 misstänkt

509 2590 360 185 att
714 2590 514 185 rocken
1074 2590 308 185 ej
1228 2590 411 185 vore
1485 2590 463 185 Claes
1742 2590 617 185 Johanssons

517 2715 822 200 tillhörighet,
1193 2715 290 200 ej
1338 2715 483 200 ansett
1676 2715 338 200 sig
1870 2715 387 200 böra
2063 2715 290 200 mot¬-

466 2814 508 184 taga
720 2814 699 184 densamma.

599 2899 915 187 Skinntröjan
1331 2899 427 187 och
1514 2899 793 187 Öfverrocken

489 3027 471 177 hafva
803 3027 576 177 blifvit
1221 3027 314 177 af
1378 3027 733 177 målsegarne
1901 3027 419 177 utlös¬-

317 3150 593 113 te.

594 3178 326 181 På
757 3178 489 181 grund
1083 3178 326 181 af
1246 3178 435 181 hvad
1518 3178 598 181 sålunda
1898 3178 381 181 före¬-

479 3289 643 148 kommit
929 3289 643 148 kommer
1378 3289 578 148 Claes
1700 3289 578 148 Johans¬-

491 3381 412 177 son,
748 3381 567 177 hvilken
1160 3381 567 177 blifvit
1572 3381 412 177 till
1778 3381 515 177 Cellfän¬-

496 3495 526 155 gelset
865 3495 842 155 införpassad,
1549 3495 368 155 att
1759 3495 473 155 denna
2022 3495 263 155 dag

469 3594 407 139 för
702 3594 989 139 Poliskammaren
1458 3594 698 139 inställas.

1063 3714 566 148 Göteborg
1487 3714 330 148 den
1676 3714 283 148 16
1817 3714 377 148 Now.
2006 3714 330 148 1880.

4528 239 280 169 No
4622 239 280 169 238.

4548 386 267 204 August
4708 386 267 204 Svensson

2793 227 490 248 Bokhållaren
3185 227 196 248 E.
3283 227 359 248 Virgin,
3545 227 327 248 boende
3774 227 163 248 i
3839 227 294 248 huset
4035 227 196 248 No
4133 227 196 248 13
4231 227 261 248 Litt
4394 227 163 248 K
4427 227 98 248 i

2700 400 499 158 Redbergslid,
3105 400 218 158 har
3230 400 218 158 den
3355 400 187 158 24
3448 400 281 158 sist.
3635 400 343 158 Oktober
3885 400 343 158 anmält,
4134 400 218 158 att
4228 400 343 158 derförut¬-

2724 515 343 174 gångne
2964 515 240 174 dag
3101 515 240 174 vid
3238 515 549 174 middagstiden
3685 515 206 174 en
3788 515 378 174 obekant
4062 515 480 174 mansperson
4405 515 172 174 in¬-

2698 621 333 204 funnit
2931 621 233 204 sig
3064 621 167 204 i
3131 621 533 204 Målsegandens
3564 621 333 204 bostad
3797 621 233 204 och
3930 621 300 204 under
4097 621 466 204 föregifvande

2706 745 251 178 att
2849 745 251 178 han
2993 745 287 178 vore
3172 745 287 178 sänd
3351 745 215 178 af
3458 745 573 178 Målseganden,
3924 745 251 178 som
4067 745 466 178 uppehölle
4390 745 179 178 sig

2707 854 178 171 å
2779 854 428 171 Hultmans
3099 854 356 171 holme,
3349 854 249 171 der
3491 854 249 171 han
3634 854 356 171 fallit
3883 854 356 171 omkull
4132 854 178 171 i
4204 854 214 171 en
4275 854 285 171 smuts¬-

2690 961 261 205 pöl,
2854 961 327 205 begärt
3082 961 229 205 och
3213 961 392 205 erhållit
3507 961 229 205 ett
3638 961 229 205 par
3768 961 490 205 mörkrandiga
4160 961 327 205 byxor,
4356 961 196 205 vär¬-

2713 1116 178 166 de
2802 1116 149 166 8
2862 1116 327 166 Kronor,
3100 1116 208 166 ett
3219 1116 208 166 par
3338 1116 327 166 pjexor,
3575 1116 268 166 värde
3754 1116 149 166 5
3813 1116 297 166 Kronor
4021 1116 208 166 och
4140 1116 208 166 ett
4259 1116 208 166 par
4348 1116 238 166 strum¬-

2702 1214 265 199 por,
2868 1214 298 199 värda
3066 1214 199 199 50
3166 1214 265 199 öre,
3331 1214 431 199 hvarjemte
3663 1214 199 199 en
3762 1214 232 199 med
3895 1214 530 199 bokstafverna
4292 1214 199 199 L.V.

2718 1366 313 169 märkt
2927 1366 417 169 handduk,
3240 1366 313 169 hvari
3449 1366 522 169 persedlarne
3866 1366 487 169 inknutits,
4249 1366 278 169 till
4388 1366 174 169 ho¬-

2713 1494 295 113 nom
2839 1494 506 113 utlemnats.

2833 1582 626 166 Poliskonstapeln
3360 1582 198 166 No
3459 1582 198 166 29
3558 1582 330 166 Losell
3789 1582 231 166 har
3921 1582 396 166 måndagen
4217 1582 231 166 den
4349 1582 198 166 15
4415 1582 132 166 ds

2710 1692 199 145 kl
2809 1692 265 145 7,45
2975 1692 265 145 f.m.
3141 1692 298 145 såsom
3340 1692 431 145 misstänkt
3671 1692 232 145 för
3804 1692 298 145 detta
4003 1692 431 145 bedrägeri
4301 1692 265 145 anhål¬-

2705 1808 235 160 lit
2840 1808 706 160 stufveriarbetaren
3445 1808 336 160 August
3681 1808 437 160 Svensson,
4017 1808 168 160 i
4084 1808 336 160 saknad
4320 1808 202 160 af
4387 1808 168 160 be¬-

2707 1948 309 143 stämd
2913 1948 377 143 bostad;
3187 1948 240 143 och
3324 1948 240 143 har
3461 1948 412 143 Svensson
3770 1948 240 143 vid
3907 1948 240 143 det
4045 1948 240 143 med
4182 1948 309 143 honom
4353 1948 172 143 an¬-

2708 2036 339 185 ställda
2955 2036 308 185 förhör
3170 2036 370 185 vidgått,
3447 2036 216 185 att
3570 2036 246 185 han,
3724 2036 216 185 som
3848 2036 277 185 under
4032 2036 308 185 loppet
4248 2036 185 185 af
4309 2036 216 185 sist¬-

2698 2111 322 196 lidne
2913 2111 358 196 sommar
3164 2111 394 196 arbetat
3450 2111 179 196 i
3522 2111 501 196 Handlanden
3916 2111 215 196 N.
4023 2111 465 196 Oterdahls
4345 2111 215 196 upp¬-

2712 2249 458 219 lagsplats
3064 2249 176 219 å
3134 2249 458 219 Hisingen,
3487 2249 247 219 der
3627 2249 528 219 Bokhållaren
4050 2249 352 219 Virgin
4261 2249 282 219 jemväl

2721 2355 195 210 är
2819 2355 390 210 anstäld,
3112 2355 390 210 Lördagen
3404 2355 228 210 den
3534 2355 195 210 23
3632 2355 293 210 sist.
3827 2355 358 210 Oktober
4087 2355 228 210 vid
4185 2355 325 210 middags¬-

2711 2465 278 249 tiden
2896 2465 371 249 begifvit
3174 2465 216 249 sig
3298 2465 247 249 till
3452 2465 340 249 Virgens
3699 2465 309 249 bostad
3915 2465 216 249 och
4039 2465 247 249 der,
4193 2465 278 249 under
4348 2465 154 249 den

2721 2579 349 213 falska
2966 2579 489 213 uppgiften,
3350 2579 245 213 att
3490 2579 349 213 Virgen
3734 2579 280 213 kort
3909 2579 314 213 förut
4119 2579 175 213 å
4154 2579 349 213 Hultmans

2703 2720 321 213 holme
2917 2720 356 213 fallit
3167 2720 356 213 omkull
3416 2720 178 213 i
3487 2720 214 213 en
3594 2720 428 213 smutspöl
3915 2720 249 213 och
4057 2720 178 213 i
4093 2720 392 213 anledning

2715 2819 297 218 deraf
2913 2819 362 218 behöfde
3176 2819 297 218 torra
3374 2819 362 218 kläder,
3638 2819 461 218 tillnarrat
4000 2819 231 218 sig
4132 2819 231 218 ett
4263 2819 231 218 par
4362 2819 165 218 by¬-

2707 2934 258 212 xor,
2868 2934 226 212 ett
2997 2934 226 212 par
3127 2934 323 212 pjexor
3353 2934 226 212 och
3482 2934 226 212 ett
3611 2934 226 212 par
3740 2934 420 212 strumpor;
4063 2934 226 212 att
4160 2934 323 212 Svensson

2699 3051 291 207 efter
2893 3051 227 207 det
3022 3051 356 207 berörde
3281 3051 453 207 persedlar,
3637 3051 227 207 som
3766 3051 421 207 inknutits
4090 3051 162 207 i
4155 3051 194 207 en
4219 3051 324 207 handduk,

2703 3179 396 167 blifvit
2991 3179 288 167 till
3171 3179 324 167 honom
3387 3179 504 167 utlemnade,
3784 3179 432 167 pantsatt
4108 3179 396 167 byxorna
4360 3179 180 167 för

2723 3272 277 215 fyra
2897 3272 346 215 Kronor
3139 3272 243 215 hos
3278 3272 520 215 Pantlånaren
3693 3272 208 215 E.
3797 3272 346 215 Olsson
4040 3272 173 215 i
4109 3272 312 215 huset
4317 3272 208 215 No
4386 3272 139 215 74

2711 3388 245 210 vid
2851 3388 280 210 Öfra
3026 3388 491 210 Husargatan
3412 3388 245 210 och
3552 3388 420 210 pjexorna
3867 3388 245 210 för
4007 3388 245 210 Två
4148 3388 350 210 Kronor
4358 3388 175 210 hos

2712 3482 538 221 Pantlånerskan
3155 3482 190 221 J.
3250 3482 348 221 Jonsson
3503 3482 158 221 i
3566 3482 285 221 huset
3756 3482 190 221 No
3851 3482 158 221 6
3914 3482 221 221 vid
4009 3482 474 221 Eklundsgatan,

2696 3592 458 205 hvarjemte
3048 3592 247 205 han
3189 3592 282 205 till
3365 3592 211 205 en
3471 3592 317 205 okänd
3682 3592 282 205 karl
3858 3592 387 205 försålt
4104 3592 423 205 strumporna

2667 3720 245 222 för
2807 3720 210 222 50
2912 3720 280 222 öre,
3087 3720 245 222 men
3227 3720 350 222 tappat
3472 3720 490 222 handduken;
3856 3720 245 222 att
3996 3720 245 222 han
4101 3720 350 222 dessutom
