5091 4084
550 178 299 185 gatan
749 178 233 185 och
882 178 166 185 i
949 178 200 185 en
1049 178 299 185 olåst
1248 178 333 185 tambur
1481 178 432 185 derstädes
1814 178 466 185 tillgripit
2179 178 233 185 ett
2279 178 233 185 brunt

558 307 558 174 sidenparaply,
1018 307 230 174 som
1149 307 230 174 hon
1280 307 328 174 genast
1510 307 230 174 för
1641 307 230 174 Tre
1773 307 328 174 Kronor
2003 307 394 174 pantsatt
2298 307 164 174 å
2331 307 164 174 Ma¬-

517 396 327 204 jornas
746 396 589 204 Pantlånekontor
1237 396 163 204 i
1302 396 294 204 huset
1498 396 196 204 No
1596 396 196 204 44
1694 396 229 204 vid
1825 396 490 204 Husargatan,
2185 396 294 204 hvaref¬-

531 534 229 177 ter
662 534 229 177 hon
793 534 229 177 för
924 534 196 177 50
1022 534 229 177 öre
1152 534 262 177 sålt
1316 534 490 177 pantsedeln;
1708 534 229 177 att
1839 534 229 177 hon
1970 534 294 177 någon
2166 534 262 177 dag,
2297 534 163 177 li¬-

529 622 378 200 kaledes
803 622 172 200 i
872 622 446 200 sistlidne
1216 622 275 200 Juni
1387 622 309 200 månad
1593 622 172 200 i
1662 622 309 200 något
1868 622 343 200 ärende
2109 622 378 200 uppgått
2349 622 103 200 i

527 734 563 174 Språkläraren
985 734 211 174 J.
1090 734 211 174 K.
1196 734 352 174 Chawes
1442 734 352 174 bostad
1689 734 176 174 i
1759 734 317 174 huset
1971 734 211 174 No
2076 734 211 174 22
2182 734 247 174 vid
2288 734 211 174 Nor¬-

532 838 208 135 ra
636 838 451 135 Hamngatan
983 838 243 135 och
1122 838 243 135 der
1261 838 486 135 tillgripit
1643 838 208 135 en
1747 838 312 135 svart
1955 838 312 135 rock,
2163 838 243 135 som
2267 838 174 135 han

537 958 228 140 för
668 958 195 140 En
765 958 293 140 Krona
961 958 391 140 pantsatt
1254 958 228 140 hos
1384 958 489 140 Pantlånaren
1775 958 358 140 Osberg;
2036 958 228 140 att
2166 958 228 140 hon
2264 958 195 140 der¬-

541 1073 283 190 efter
729 1073 408 190 olofligen
1043 1073 440 190 tillgripit
1388 1073 251 190 dels
1545 1073 220 190 den
1671 1073 188 190 19
1765 1073 251 190 Juni
1922 1073 157 190 i
1985 1073 283 190 huset
2173 1073 188 190 No
2267 1073 188 190 20
2330 1073 157 190 vid

525 1175 312 171 Stora
733 1175 450 171 Allegatan
1079 1175 208 171 ut
1183 1175 208 171 en
1287 1175 312 171 olåst
1495 1175 346 171 tambur
1737 1175 277 171 till
1875 1175 589 171 Grosshandlanden

526 1315 360 160 Leopold
788 1315 458 160 Bruzevitz'
1148 1315 327 160 bostad
1377 1315 229 160 ett
1508 1315 294 160 brunt
1704 1315 556 160 sidenparaply,
2162 1315 229 160 som
2260 1315 164 160 hon

519 1397 314 175 samma
728 1397 244 175 dag
868 1397 244 175 för
1007 1397 244 175 Tre
1147 1397 349 175 Kronor
1391 1397 418 175 pantsatt
1705 1397 174 175 å
1775 1397 418 175 Majornas
2054 1397 418 175 förenämnda

539 1498 617 173 pantlånekontor,
1058 1498 422 173 hvarefter
1383 1498 227 173 hon
1513 1498 227 173 för
1643 1498 195 173 25
1740 1498 227 173 öre
1870 1498 260 173 sålt
2000 1498 455 173 pantqvittot,

537 1633 270 129 dels
706 1633 304 129 någon
909 1633 237 129 dag
1044 1633 169 129 i
1112 1633 338 129 stulet
1348 1633 203 129 af
1449 1633 304 129 samma
1652 1633 304 129 månad
1855 1633 169 129 i
1922 1633 203 129 en
2024 1633 304 129 olåst
2193 1633 270 129 tambur

509 1714 250 192 till
665 1714 313 192 Doktor
884 1714 188 192 O.
978 1714 438 192 Carlanders
1323 1714 313 192 bostad
1542 1714 157 192 i
1604 1714 282 192 huset
1792 1714 188 192 No
1886 1714 188 192 45
1980 1714 219 192 vid
2105 1714 282 192 Östra
2262 1714 219 192 Hamn¬-

534 1859 272 187 gatan
715 1859 212 187 ett
836 1859 574 187 bomullsparaply,
1320 1859 212 187 som
1440 1859 212 187 hon
1561 1859 212 187 för
1682 1859 181 187 37
1773 1859 212 187 öre
1894 1859 363 187 pantsatt
2166 1859 212 187 hos
2256 1859 212 187 Pant¬-

524 1952 335 180 lånaren
767 1952 335 180 Osberg,
1010 1952 243 180 dels
1163 1952 274 180 någon
1345 1952 213 180 dag
1467 1952 152 180 i
1528 1952 304 180 början
1741 1952 183 180 af
1832 1952 274 180 sist.
2014 1952 243 180 Juli
2167 1952 274 180 månad
2319 1952 91 180 i

515 2049 212 204 ett
636 2049 212 204 rum
757 2049 151 204 i
817 2049 604 204 klädeshandlanden
1331 2049 181 204 L.
1421 2049 363 204 Larssons
1693 2049 302 204 bostad
1905 2049 151 204 i
1965 2049 272 204 huset
2147 2049 181 204 No
2237 2049 181 204 55
2298 2049 151 204 vid

531 2193 433 184 Kungsgatan
871 2193 185 184 en
964 2193 556 184 sammetspaletå,
1427 2193 216 184 som
1551 2193 216 184 han
1675 2193 309 184 genast
1891 2193 216 184 för
2014 2193 155 184 4
2076 2193 216 184 Kr.
2169 2193 309 184 pantsatt

524 2305 207 177 hos
643 2305 502 177 Pantlånerskan
1056 2305 177 177 J.
1145 2305 325 177 Jonsson
1381 2305 148 177 i
1440 2305 266 177 huset
1618 2305 177 177 No
1706 2305 148 177 6
1765 2305 207 177 vid
1884 2305 502 177 Eklundsgatan,
2268 2305 177 177 dels

522 2409 225 143 den
650 2409 161 143 9
715 2409 418 143 sistlidne
1036 2409 257 143 Juli
1196 2409 193 143 på
1293 2409 257 143 f.m.
1453 2409 161 143 i
1518 2409 193 143 en
1614 2409 289 143 olåst
1807 2409 321 143 tambur
2032 2409 257 143 till
2160 2409 257 143 Doktor

497 2534 186 207 C.
590 2534 433 207 Forssenius
930 2534 310 207 bostad
1147 2534 155 207 i
1209 2534 279 207 huset
1395 2534 186 207 No
1488 2534 155 207 6
1549 2534 217 207 vid
1673 2534 557 207 Trädgårdsgatan
2137 2534 217 207 ett
2230 2534 217 207 svart

514 2648 528 156 sidenparaply,
949 2648 217 156 som
1073 2648 217 156 han
1197 2648 310 156 genast
1414 2648 373 156 pantsatt
1694 2648 217 156 för
1818 2648 155 156 4
1880 2648 310 156 Kronor
2097 2648 155 156 å
2129 2648 310 156 Majornas

482 2765 574 138 Pantlånekontor
961 2765 159 138 i
1024 2765 287 138 huset
1216 2765 191 138 No
1311 2765 191 138 44
1407 2765 223 138 vid
1535 2765 478 138 Husargatan,
1918 2765 255 138 dels
2077 2765 287 138 någon
2237 2765 159 138 dag

506 2849 264 173 kort
671 2849 396 173 derefter
968 2849 165 173 i
1034 2849 462 173 korridoren
1397 2849 165 173 i
1463 2849 495 173 Renströmska
1826 2849 561 173 badinrättningen

514 2963 221 188 ett
641 2963 599 188 bomullsparaply,
1145 2963 221 188 som
1271 2963 221 188 hon
1397 2963 378 188 pantsatt
1680 2963 221 188 för
1806 2963 189 188 50
1901 2963 221 188 öre
2027 2963 221 188 hos
2121 2963 284 188 Pantlå¬-

515 3055 300 199 naren
715 3055 200 199 N.
815 3055 434 199 Landgren,
1149 3055 267 199 dels
1316 3055 234 199 ock
1449 3055 234 199 den
1583 3055 200 199 29
1683 3055 267 199 Juli
1850 3055 167 199 i
1917 3055 200 199 en
2017 3055 300 199 olåst
2184 3055 267 199 tambur

493 3181 251 208 till
649 3181 188 208 Dr
743 3181 188 208 E.
837 3181 188 208 S.
931 3181 439 208 Kjellgrens
1276 3181 313 208 bostad
1495 3181 157 208 i
1558 3181 282 208 huset
1746 3181 188 208 No
1840 3181 188 208 20
1934 3181 219 208 vid
2060 3181 313 208 Westra
2248 3181 219 208 Hamn¬-

498 3298 309 194 gatan
704 3298 240 194 ett
841 3298 309 194 svart
1047 3298 583 194 sidenparaply,
1527 3298 240 194 som
1664 3298 240 194 hon
1801 3298 309 194 samma
2007 3298 240 194 dag
2110 3298 343 194 pantsatt

479 3390 254 197 för
624 3390 254 197 Tre
769 3390 363 197 Kronor
1023 3390 181 197 å
1095 3390 435 197 Majornas
1421 3390 508 197 nyssnämnde
1784 3390 616 197 pantlånekontor;

513 3508 226 192 att
642 3508 226 192 hon
771 3508 518 192 sönderrifvit
1192 3508 388 192 samtlige
1483 3508 194 192 de
1580 3508 388 192 qvitton,
1871 3508 226 192 som
2001 3508 226 192 hon
2098 3508 323 192 bekommit

515 3633 221 160 vid
642 3633 632 160 pantsättningarne
1179 3633 190 160 af
1274 3633 190 160 de
1369 3633 221 160 hos
1495 3633 316 160 Doktor
1716 3633 442 160 Carlander,
2032 3633 411 160 klädeshand¬

2641 168 318 183 landen
2864 168 381 183 Larsson,
3150 168 318 183 Doktor
3372 168 477 183 Forssenius,
3753 168 159 183 i
3817 168 604 183 Badinrättningen
4325 168 222 183 och
4420 168 159 183 hos

2656 281 317 240 Doktor
2878 281 412 240 Kjellgren
3195 281 444 240 tillgripne
3544 281 507 240 persedlarne;
3956 281 254 240 samt
4114 281 222 240 att
4241 281 222 240 hon
4336 281 285 240 användt

2661 421 201 227 de
2762 421 302 227 genom
2964 421 671 227 pantsättningarne
3534 421 403 227 erhållne
3836 421 504 227 penningarne
4239 421 269 227 till
4374 421 201 227 sitt

2605 610 431 135 uppehälle.

2768 622 206 186 Af
2871 622 206 186 de
2974 622 275 186 utaf
3146 622 378 186 Augusta
3421 622 412 186 Svensson
3730 622 412 186 uppgifne
4005 622 550 186 målseganderne,

2654 720 271 236 hafva
2835 720 362 236 Nyström,
3106 720 301 236 Chawe,
3317 720 422 236 Brusevitz,
3649 720 362 236 Larsson,
3920 720 422 236 Forssenius
4251 720 211 236 och
4342 720 241 236 Kjell¬-

2675 850 245 195 gren
2829 850 398 195 vitsordat
3135 850 460 195 riktigheten
3502 850 184 195 af
3594 850 306 195 hennes
3809 850 460 195 berättelse,
4176 850 368 195 angående
4421 850 123 195 de

2660 962 250 205 från
2816 962 218 205 dem
2941 962 406 205 föröfvade
3253 962 499 205 tillgreppen,
3658 962 281 205 under
3845 962 343 205 uppgift
4095 962 218 205 att
4220 962 187 205 de
4282 962 281 205 ifråga¬-

2665 1072 332 195 varande
2907 1072 453 195 persedlarne
3269 1072 242 195 vore
3420 1072 272 195 värde
3602 1072 363 195 Nyströms
3874 1072 332 195 paraply
4115 1072 181 195 10
4206 1072 332 195 Kronor,
4418 1072 181 195 Cha¬-

2660 1220 211 160 ves
2780 1220 241 160 rock
2931 1220 211 160 Tre
3051 1220 331 160 Kronor,
3292 1220 421 160 Brusewitz'
3622 1220 331 160 paraply
3863 1220 150 160 8
3923 1220 331 160 Kronor,
4164 1220 361 160 Larssons
4405 1220 180 160 sam¬-

2668 1327 430 172 metspaletå
3006 1327 184 172 20
3098 1327 338 172 Kronor,
3344 1327 307 172 Doktor
3559 1327 430 172 Forssenius
3896 1327 338 172 paraply
4142 1327 184 172 12
4234 1327 307 172 Kronor
4418 1327 154 172 och

2667 1457 296 180 Doktor
2875 1457 415 180 Ljunggrens
3201 1457 415 180 Kjellgrens
3527 1457 326 180 paraply
3764 1457 207 180 Sju
3882 1457 326 180 Kronor,
4119 1457 207 180 men
4238 1457 267 180 någon
4386 1457 207 180 egare

2660 1535 248 183 till
2815 1535 186 183 de
2908 1535 217 183 hos
3032 1535 310 183 Doktor
3249 1535 403 183 Carlander
3559 1535 217 183 och
3684 1535 155 183 å
3746 1535 589 183 Badinrättningen
4211 1535 372 183 tillgripne

2674 1660 495 191 paraplyerne
3070 1660 231 191 har
3202 1660 264 191 icke
3367 1660 330 191 anmält
3598 1660 231 191 sig
3730 1660 231 191 och
3862 1660 297 191 hafva
4060 1660 198 191 de
4126 1660 396 191 tillgripne

2679 1763 503 201 persedlarne
3082 1763 503 201 återfunnits
3484 1763 201 201 på
3585 1763 201 201 de
3686 1763 201 201 af
3786 1763 402 201 Svensson
4088 1763 402 201 uppgifne
4356 1763 235 201 pant¬-

2663 1868 561 204 lånekontoren
3119 1868 245 204 och
3259 1868 385 204 blifvit
3539 1868 210 204 af
3644 1868 491 204 Målsegarne
3995 1868 350 204 urlösta.

2754 1961 226 210 Det
2883 1961 323 210 skulle
3109 1961 226 210 här
3238 1961 452 210 antecknas,
3593 1961 226 210 att
3722 1961 226 210 den
3851 1961 194 210 28
3948 1961 290 210 sist.
4141 1961 290 210 Juli,
4335 1961 194 210 då
4400 1961 161 210 de¬-

2662 2088 754 188 tektivkonstaplarne
3313 2088 308 188 Bruun
3518 2088 240 188 och
3655 2088 343 188 Bohlin
3895 2088 377 188 infunno
4169 2088 240 188 sig
4306 2088 171 188 å
4340 2088 240 188 Land¬-

2657 2197 295 261 grens
2854 2197 591 261 pantlånekontor
3346 2197 230 261 för
3477 2197 230 261 att
3609 2197 361 261 efterse
3871 2197 197 261 om
3970 2197 328 261 hustru
4199 2197 361 261 Kullins
4429 2197 164 261 pa¬-

2658 2336 280 250 raply
2844 2336 373 250 möjligen
3124 2336 249 250 vore
3279 2336 217 250 der
3404 2336 404 250 pantsatt,
3714 2336 373 250 Landgren
3994 2336 435 250 förklarat,
4335 2336 217 250 att
4429 2336 155 250 nå¬-

2651 2443 233 240 got
2784 2443 366 240 paraply
3050 2443 299 240 under
3249 2443 199 240 de
3349 2443 366 240 sednare
3615 2443 366 240 dagarne
3881 2443 199 240 ej
3981 2443 366 240 blifvit
4247 2443 233 240 hos
4346 2443 233 240 honom

2683 2560 402 206 belånadt;
2993 2560 248 206 samt
3147 2560 248 206 att,
3302 2560 279 206 efter
3488 2560 217 206 det
3612 2560 340 206 Augusta
3859 2560 371 206 Josefina
4138 2560 371 206 Svensson
4385 2560 217 206 blif¬-

2679 2698 225 200 vit
2807 2698 385 200 anhållen
3096 2698 225 200 och
3225 2698 353 200 erkänt,
3482 2698 225 200 att
3610 2698 225 200 hon
3739 2698 225 200 den
3867 2698 193 200 27
3964 2698 257 200 Juli
4124 2698 225 200 för
4253 2698 193 200 25
4349 2698 225 200 öre
4445 2698 161 200 hos

2675 2792 416 259 Landgren
2987 2792 416 259 pantsatt
3300 2792 382 259 Kullins
3577 2792 416 259 paraply,
3889 2792 416 259 detsamma
4167 2792 416 259 påträffats

2659 2936 423 174 derstädes
2985 2936 391 174 hvaremot
3278 2936 293 174 någon
3473 2936 456 174 anteckning
3831 2936 195 174 om
3929 2936 456 174 belåningen
4287 2936 260 174 icke
4417 2936 195 174 kun¬-

2655 3083 242 171 nat
2794 3083 485 171 återfinnas
3175 3083 173 171 i
3244 3083 450 171 Landgrens
3556 3083 519 171 utlåningsbok.

2727 3171 214 189 På
2834 3171 322 189 grund
3049 3171 214 189 af
3156 3171 286 189 hvad
3335 3171 393 189 sålunda
3620 3171 536 189 förekommit,
4049 3171 357 189 kommer
4263 3171 322 189 Augusta

2663 3289 341 205 Josefina
2918 3289 369 205 Svensson,
3202 3289 312 205 hvilken
3429 3289 312 205 blifvit
3656 3289 227 205 till
3798 3289 483 205 cellfängelset
4167 3289 398 205 införpassad,

2670 3406 221 210 att
2797 3406 284 210 denna
2986 3406 221 210 dag
3113 3406 221 210 för
3239 3406 221 210 PKn
3365 3406 442 210 inställas.
3713 3406 379 210 Göteborg
3997 3406 221 210 den
4123 3406 158 210 3
4187 3406 253 210 Aug.
4313 3406 221 210 1880.

4577 3511 247 104 No
4659 3511 247 104 165.

4567 3598 203 151 Petrus
4709 3598 244 151 Svensson
4871 3598 102 151 och

4544 3698 216 128 Niklas
4695 3698 280 128 Johansson
4889 3698 108 128 Ny¬-

4551 3785 193 70 man
4662 3785 221 70 samt
4772 3785 221 70 August

4543 3846 348 119 Johansson
4784 3846 161 119 Pil.

2773 3512 324 151 Sedan
2989 3512 252 151 Pkn
3133 3512 252 151 den
3278 3512 216 151 30
3386 3512 324 151 sist.
3602 3512 288 151 Juli
3782 3512 288 151 till
3962 3512 252 151 RRn
4070 3512 505 151 öfverlemnat,

2663 3617 217 169 den
2787 3617 309 169 vidare
3003 3617 526 169 ransakningen,
3436 3617 371 169 angående
3715 3617 495 169 arbetskarlen
4117 3617 309 169 Petrus
4303 3617 247 169 Svens¬-

2661 3735 202 177 son
2777 3735 202 177 och
2892 3735 202 177 för
3007 3735 346 177 snatteri
3267 3735 375 177 straffade
3556 3735 173 177 fe
3642 3735 491 177 Artilleristen
4046 3735 289 177 Niklas
4220 3735 317 177 Johansson
