5049 4059
497 91 582 236 Arbetskarlen
970 91 364 236 Gustaf
1224 91 400 236 Fredrik
1515 91 473 236 Öjersson,
1879 91 364 236 boende
2134 91 182 236 i
2170 91 255 236 huset

459 249 193 197 No
555 249 193 197 17
652 249 258 197 Litt
813 249 193 197 L.
910 249 193 197 L.
1006 249 161 197 i
1071 249 515 197 Redbergslid,
1490 249 258 197 lika
1651 249 226 197 med
1780 249 387 197 Thorsson
2070 249 161 197 i
2134 249 258 197 hvad
2263 249 161 197 det

454 368 302 193 honom
656 368 403 193 anginge,
958 368 235 193 med
1093 368 403 193 tillägg,
1395 368 235 193 att
1529 368 235 193 han
1664 368 403 193 onsdagen
1966 368 235 193 den
2101 368 202 193 11
2201 368 202 193 ds
2269 368 134 193 på

472 503 266 170 f.m.
638 503 199 170 på
738 503 465 170 Jerntorget
1103 503 332 170 kommit
1336 503 166 170 i
1403 503 399 170 sällskap
1702 503 233 170 med
1835 503 399 170 Thorsson
2134 503 233 170 och
2234 503 199 170 der¬-

477 605 302 177 efter
679 605 302 177 följt
880 605 235 177 med
1014 605 302 177 denne
1215 605 235 177 och
1350 605 302 177 varit
1551 605 470 177 tillstädes
1920 605 201 177 då
2020 605 302 177 denne
2188 605 235 177 sålde

484 711 225 166 ett
612 711 257 166 bord
773 711 257 166 till
933 711 225 166 ett
1061 711 449 166 fruntimmer
1414 711 225 166 och
1543 711 193 166 en
1639 711 449 166 chiffonier
1992 711 257 166 till
2120 711 321 166 Fiskaren

460 827 486 160 Andersson,
842 827 243 160 men
981 827 243 160 att
1119 827 416 160 Öjersson
1432 827 208 160 då
1536 827 347 160 trott,
1779 827 243 160 att
1917 827 416 160 Thorsson
2195 827 208 160 haft

464 953 423 186 uppdrag
771 953 231 186 af
886 953 538 186 Målsegaren
1309 953 269 186 att
1463 953 269 186 för
1617 953 346 186 honom
1848 953 346 186 sälja
2040 953 346 186 möbler;

452 1097 270 107 att
607 1097 270 107 han
761 1097 386 107 jemväl
1031 1097 733 107 tillstädesvarit
1648 1097 231 107 då
1764 1097 540 107 målsegaren
2150 1097 270 107 samma

453 1171 260 191 dag
602 1171 223 191 på
713 1171 297 191 e.m.
899 1171 260 191 hos
1048 1171 743 191 Polisbetjeningen
1680 1171 372 191 anmält
1940 1171 446 191 Thorsson
2237 1171 186 191 för

463 1315 475 182 tillgrepp
829 1315 219 182 af
939 1315 475 182 möblerna,
1304 1315 256 182 men
1451 1315 329 182 snart
1670 1315 439 182 derefter
1999 1315 366 182 skiljt
2218 1315 183 182 sig

464 1418 322 169 från
665 1418 604 169 Målsegaren;
1148 1418 282 169 att
1309 1418 282 169 han
1471 1418 242 169 på
1591 1418 443 169 aftonen
1913 1418 322 169 åter
2075 1418 362 169 samman¬-

451 1562 401 194 träffat
742 1562 255 194 med
888 1562 474 194 Thorsson,
1253 1562 219 194 af
1362 1562 401 194 hvilken
1654 1562 255 194 han
1800 1562 401 194 bjudits
2091 1562 219 194 på
2164 1562 292 194 åkning

455 1667 243 210 och
594 1667 451 210 förtäring
941 1667 208 210 af
1044 1667 520 210 spirituosa;
1460 1667 277 210 samt
1634 1667 243 210 att
1772 1667 243 210 han
1911 1667 312 210 deraf
2084 1667 312 210 blifvit

474 1798 215 191 så
582 1798 573 191 öfverlastad,
1047 1798 251 191 att
1190 1798 251 191 han
1333 1798 286 191 icke
1512 1798 322 191 kunde
1727 1798 358 191 erinra
1978 1798 251 191 sig
2121 1798 286 191 huru
2264 1798 179 191 han

461 1923 477 193 inkommit
819 1923 199 193 i
898 1923 596 193 Målsegarens
1335 1923 596 193 möbelmagasin.

574 2031 458 150 Följande
918 2031 458 150 personer
1261 2031 344 150 hafva
1452 2031 382 150 upplyst:

459 2100 240 225 1o
579 2100 440 225 Drängen
899 2100 400 225 Olsson
1179 2100 480 225 anställd
1539 2100 280 225 hos
1699 2100 560 225 Handlanden
2099 2100 280 225 Arvid

465 2230 407 178 Eriksson
771 2230 170 178 i
838 2230 306 178 huset
1042 2230 204 178 No
1144 2230 204 178 58
1246 2230 238 178 vid
1382 2230 306 178 Smala
1585 2230 339 178 vägen,
1823 2230 272 178 lika
1993 2230 238 178 med
2094 2230 306 178 Besätt¬-

471 2360 501 199 ningskarlen
871 2360 334 199 Anders
1105 2360 300 199 Johan
1305 2360 234 199 Joh
1438 2360 367 199 Jonsson
1705 2360 167 199 i
1772 2360 267 199 hvad
1939 2360 234 199 det
2072 2360 300 199 honom
2239 2360 167 199 an¬-

408 2514 323 138 ginge.

445 2543 209 172 2o
550 2543 452 172 Fiskrarne
898 2543 383 172 Mathias
1176 2543 452 172 Andersson
1524 2543 244 172 och
1663 2543 209 172 3o
1768 2543 383 172 Abraham
2011 2543 418 172 Johansson,

467 2675 222 158 den
594 2675 286 158 förre
785 2675 349 158 förande
1039 2675 413 158 Fiskbåten
1356 2675 381 158 "Hoppet"
1642 2675 222 158 och
1769 2675 222 158 den
1896 2675 349 158 sednare
2118 2675 286 158 förande

449 2780 323 184 båten
664 2780 395 184 "Gerda"
951 2780 287 184 samt
1131 2780 323 184 begge
1346 2780 323 184 hemma
1561 2780 179 184 å
1633 2780 323 184 Näset
1848 2780 179 184 i
1920 2780 395 184 Sotenäs
2207 2780 179 184 i
2243 2780 143 184 A¬-

432 2906 350 136 skums
626 2906 350 136 socken:

522 2934 462 219 Andersson:
885 2934 231 219 att
1017 2934 231 219 han
1149 2934 396 219 onsdagen
1446 2934 231 219 den
1579 2934 198 219 11
1678 2934 198 219 ds
1777 2934 198 219 på
1876 2934 297 219 f.m.,
2074 2934 198 219 då
2173 2934 231 219 han
2272 2934 99 219 i

442 3058 413 198 sällskap
752 3058 241 198 med
889 3058 241 198 sin
1027 3058 344 198 hustru
1268 3058 482 198 uppehållit
1647 3058 241 198 sig
1785 3058 207 198 på
1888 3058 482 198 jerntorget
2233 3058 172 198 för

446 3148 257 190 att
593 3148 294 190 köpa
777 3148 404 190 möbler,
1071 3148 625 190 sammanträffat
1586 3148 257 190 med
1733 3148 478 190 Thorsson,
2063 3148 331 190 hvilken

471 3272 432 210 uppgifvit
803 3272 232 210 sig
936 3272 299 210 hafva
1135 3272 332 210 dylike
1367 3272 266 210 till
1533 3272 266 210 salu
1699 3272 232 210 och
1832 3272 365 210 anmodat
2065 3272 365 210 Andersson

478 3376 245 174 att
618 3376 315 174 följa
828 3376 245 174 med
968 3376 280 174 till
1143 3376 245 174 ett
1283 3376 420 174 magasin,
1599 3376 245 174 der
1739 3376 385 174 desamme
1984 3376 455 174 förvarades;

457 3506 229 162 Att
588 3506 426 162 Andersson
916 3506 229 162 och
1047 3506 262 162 h.h.
1211 3506 164 162 i
1277 3506 426 162 anledning
1604 3506 295 162 deraf
1801 3506 262 162 gått
1965 3506 229 162 med
2063 3506 328 162 Thorsson

457 3612 260 130 till
619 3612 227 130 ett
749 3612 357 130 magasin
1008 3612 227 130 och
1138 3612 227 130 der
1268 3612 195 130 af
1365 3612 389 130 Thorsson
1657 3612 227 130 för
1787 3612 195 130 15
1885 3612 357 130 Kronor,
2144 3612 260 130 köpt
2274 3612 130 130 en

460 3717 458 178 chiffonier;
827 3717 214 178 att
949 3717 214 178 han
1072 3717 367 178 derefter
1347 3717 214 178 med
1469 3717 397 178 tillhjelp
1774 3717 183 178 af
1835 3717 581 178 Besättningskarlen

2608 167 390 222 Jansson,
2901 167 228 222 som
3031 167 618 222 tillstädesvarit
3552 167 228 222 vid
3682 167 325 222 köpet,
3910 167 260 222 fört
4073 167 390 222 densamma
4333 167 195 222 till

2591 295 238 198 sin
2727 295 238 198 båt
2863 295 238 198 vid
2999 295 476 198 Husarbron;
3374 295 238 198 att
3510 295 204 198 då
3612 295 442 198 Thorsson,
3952 295 238 198 som
4089 295 238 198 dit
4191 295 374 198 medföljt,

2591 406 344 217 jemväl
2831 406 275 217 till
3003 406 412 217 Fiskaren
3312 406 447 217 Johansson
3656 406 412 217 utbjudit
3965 406 344 217 möbler
4206 406 275 217 till
4343 406 241 217 salu,

2606 508 327 253 denne,
2835 508 295 253 jemte
3032 508 426 253 Andersson
3359 508 360 253 åtföljt
3621 508 393 253 Thorsson
3916 508 262 253 till
4047 508 556 253 möbelmagasinet,

2592 616 232 234 men
2725 616 265 234 att,
2890 616 299 234 sedan
3090 616 199 234 de
3189 616 365 234 anländt
3455 616 265 234 dit,
3621 616 431 234 Thorsson,
3952 616 199 234 då
4052 616 232 234 han
4185 616 232 234 der
4284 616 299 234 träffat

2589 735 519 197 Målseganden,
3010 735 357 197 hastigt
3269 735 422 197 aflägsnat
3594 735 259 197 sig;
3756 735 227 197 att
3886 735 292 197 sedan
4080 735 422 197 Andersson
4372 735 162 197 för

2593 841 480 188 Målseganden
2977 841 384 188 omtalat,
3265 841 224 188 att
3393 841 224 188 han
3521 841 256 188 kort
3681 841 288 188 förut
3873 841 192 188 af
3969 841 384 188 Thorsson
4257 841 224 188 för
4385 841 192 188 15
4449 841 128 188 kr

2589 972 271 206 köpt
2758 972 203 206 en
2860 972 474 206 chiffonier
3232 972 203 206 af
3334 972 339 206 valnöt
3571 972 237 206 och
3707 972 237 206 att
3842 972 237 206 han
3977 972 305 206 redan
4181 972 339 206 hemtat
4384 972 169 206 den

2586 1084 418 185 derifrån,
2907 1084 450 185 målsegaren
3261 1084 386 185 upplyst,
3550 1084 225 185 att
3678 1084 386 185 Thorsson
3968 1084 257 185 icke
4128 1084 225 185 egt
4257 1084 257 185 rätt
4385 1084 161 185 att

2591 1202 299 237 sälja
2790 1202 564 237 chiffonieren;
3255 1202 232 237 att
3388 1202 199 237 då
3487 1202 498 237 Målseganden
3886 1202 332 237 dervid
4118 1202 332 237 saknat
4317 1202 266 237 jemväl

2599 1327 210 209 ett
2719 1327 269 209 bord,
2898 1327 359 209 Öjersson
3168 1327 359 209 befunnit
3437 1327 210 209 sig
3557 1327 150 209 i
3617 1327 389 209 Thorssons
3916 1327 389 209 sällskap,
4216 1327 210 209 men
4306 1327 269 209 stannat

2610 1450 245 213 qvar
2763 1450 153 213 i
2824 1450 428 213 Magasinet,
3161 1450 428 213 uppgifvit,
3497 1450 214 213 att
3619 1450 367 213 Thorsson
3894 1450 245 213 sålt
4047 1450 306 213 bordet
4261 1450 245 213 till
4383 1450 153 213 ett

2624 1544 466 212 fruntimmer,
2997 1544 249 212 samt
3153 1544 218 212 att
3277 1544 498 212 målseganden,
3681 1544 342 212 åtföljd
3930 1544 187 212 af
4023 1544 404 212 Öjersson,
4303 1544 280 212 Anders¬-

2623 1660 204 224 son
2740 1660 204 224 och
2856 1660 379 224 Johansson
3148 1660 350 224 derefter
3411 1660 350 224 begifvit
3673 1660 204 224 sig
3790 1660 233 224 till
3936 1660 496 224 Poliskammaren
4345 1660 204 224 och
4432 1660 146 224 der

2605 1813 323 199 gjort
2821 1813 395 199 anmälan
3108 1813 216 199 om
3180 1813 539 199 förhållandet.

2682 1891 469 225 Johansson:
3051 1891 268 225 lika
3219 1891 235 225 med
3353 1891 436 225 Andersson
3688 1891 168 225 i
3755 1891 268 225 hvad
3923 1891 235 225 det
4057 1891 302 225 honom
4225 1891 335 225 anginge.

2718 2005 498 204 Ifrågakomne
3116 2005 465 204 chiffonier
3481 2005 199 204 är
3581 2005 332 204 insatt
3814 2005 166 204 i
3880 2005 232 204 ett
4013 2005 564 204 förvaringsrum
4444 2005 100 204 i

2578 2168 394 137 Rådhuset.

2782 2170 389 230 Fiskaren
3073 2170 357 230 Mathias
3333 2170 422 230 Andersson
3657 2170 227 230 har
3787 2170 389 230 derjemte
4079 2170 454 230 uppgifvit,
4403 2170 162 230 att

2591 2294 236 231 han
2726 2294 236 231 för
2861 2294 236 231 sin
2996 2294 236 231 del
3130 2294 606 231 befullmäktigat
3636 2294 640 231 Landskanslisten
4174 2294 269 231 Axel
4309 2294 236 231 Holm¬-

2602 2394 328 253 ström,
2832 2394 328 253 boende
3062 2394 164 253 i
3127 2394 295 253 huset
3324 2394 197 253 No
3423 2394 164 253 9
3489 2394 230 253 vid
3620 2394 492 253 Husargatan,
4014 2394 230 253 att
4145 2394 328 253 vidare
4342 2394 197 253 föra

2581 2622 340 121 hans
2752 2622 340 121 talan.

2716 2598 223 282 På
2827 2598 335 282 grund
3050 2598 223 282 af
3162 2598 297 282 hvad
3348 2598 409 282 sålunda
3645 2598 558 282 förekommit,
4092 2598 372 282 kommer
4315 2598 260 282 Oskar

2620 2722 402 244 Thorsson
2921 2722 234 244 att
3055 2722 301 244 denna
3256 2722 234 244 dag
3389 2722 234 244 för
3523 2722 234 244 PKn
3657 2722 469 244 inställas;
4025 2722 234 244 och
4159 2722 201 244 är
4226 2722 268 244 Gustaf

2612 2890 372 175 Fredrik
2882 2890 405 175 Öjersson
3186 2890 338 175 kallad
3423 2890 236 175 att
3558 2890 338 175 dervid
3795 2890 338 175 jemväl
3997 2890 338 175 närvara.

3092 2979 425 204 Göteborg
3410 2979 248 204 den
3552 2979 212 204 13
3658 2979 389 204 Augusti
3905 2979 248 204 1880.

4522 3040 295 123 No
4620 3040 295 123 174.

4491 3197 245 95 Anna
4614 3197 306 95 Josefina

4501 3267 349 175 Hansson
4723 3267 222 175 Grund

2673 3075 615 223 Bokhandlanden
3179 3075 325 223 Fritz
3396 3075 506 223 Orstadius,
3794 3075 362 223 boende
4047 3075 181 223 i
4119 3075 325 223 huset
4336 3075 217 223 No
4409 3075 108 223 6

2605 3198 223 192 vid
2733 3198 287 192 Norra
2924 3198 446 192 Allegatan,
3275 3198 223 192 har
3402 3198 383 192 tisdagen
3689 3198 223 192 den
3817 3198 159 192 3
3880 3198 191 192 ds
3976 3198 351 192 anmält,
4231 3198 223 192 att
4327 3198 159 192 vid

2597 3316 292 189 något
2791 3316 422 189 tillfälle
3115 3316 292 189 under
3310 3316 422 189 sistlidne
3634 3316 259 189 Juli
3797 3316 292 189 månad
3991 3316 162 189 i
4056 3316 389 189 bostaden
4315 3316 195 189 från

2607 3435 310 187 honom
2813 3435 516 187 tillgripits
3226 3435 206 187 en
3329 3435 722 187 fruntimmerspaletå
3948 3435 206 187 af
4017 3435 516 187 silkessammet,

2601 3571 251 170 värd
2758 3571 346 170 omkring
3009 3571 220 170 100
3135 3571 346 170 Kronor,
3386 3571 220 170 ett
3511 3571 251 170 nytt
3669 3571 503 170 ylleparaply,
4077 3571 283 170 värdt
4265 3571 157 170 4
4297 3571 251 170 kronor

2614 3664 233 212 samt
2759 3664 204 212 ett
2876 3664 204 212 par
2992 3664 204 212 nya
3109 3664 262 212 byxor
3283 3664 204 212 och
3400 3664 175 212 en
3487 3664 233 212 väst
3633 3664 175 212 af
3720 3664 262 212 svart
3894 3664 291 212 kläde,
4098 3664 262 212 värdt
4273 3664 175 212 25
4331 3664 262 212 Kronor.
