5097 4046
531 174 327 104 Vid
718 174 327 104 det
905 174 327 104 med
1092 174 514 104 Augusta
1466 174 608 104 Andersson
1887 174 467 104 anstalda

530 312 438 102 förhör
837 312 306 102 har
1012 312 306 102 hon
1187 312 481 102 vidgått
1537 312 306 102 att
1712 312 306 102 hon
1887 312 306 102 som
2018 312 306 102 varit

522 445 190 93 i
598 445 381 93 saknad
865 445 229 93 af
979 445 381 93 arbete
1246 445 267 93 och
1398 445 343 93 medel
1626 445 305 93 till
1817 445 305 93 sitt
1969 445 419 93 uppehälle

577 559 177 115 i
647 559 355 115 afsigt
896 559 248 115 att
1038 559 390 115 stjäla,
1322 559 248 115 den
1464 559 213 115 18
1570 559 355 115 sistl.
1818 559 426 115 December
2102 559 284 115 ingått

536 673 183 134 i
609 673 548 134 Juveleraren
1047 673 219 134 A.
1156 673 219 134 M.
1266 673 438 134 Ekeblads
1594 673 329 134 butik
1813 673 183 134 i
1886 673 329 134 huset
2105 673 219 134 No
2178 673 146 134 24

516 808 291 117 vid
683 808 624 117 Kungsgatan,
1182 808 291 117 att
1348 808 291 117 hon
1515 808 374 117 under
1764 808 458 117 uppgift
2097 808 291 117 det
2222 808 208 117 hon

527 922 389 119 skulle
799 922 467 119 beställa
1149 922 583 119 fingeringar
1616 922 389 119 begärt
1888 922 233 119 få
2005 922 233 119 se
2122 922 233 119 på
2200 922 194 119 så¬-

508 1046 325 126 dana,
725 1046 253 126 att
869 1046 253 126 hon
1014 1046 361 126 dervid
1266 1046 506 126 tillgripit
1664 1046 181 126 2
1736 1046 397 126 stycken
1989 1046 433 126 guldringar

511 1160 408 150 hvaraf
797 1160 286 150 hon
960 1160 490 150 förstört
1328 1160 286 150 den
1491 1160 286 150 ene
1655 1160 286 150 men
1818 1160 286 150 för
1982 1160 327 150 eget
2145 1160 245 150 bruk

506 1292 505 152 behållit
884 1292 294 152 den
1053 1292 420 152 andre,
1347 1292 294 152 att
1515 1292 252 152 då
1641 1292 294 152 hon
1809 1292 378 152 samma
2062 1292 294 152 dag
2188 1292 210 152 den

525 1436 274 140 den
681 1436 235 140 18
799 1436 391 140 sistl.
1073 1436 470 140 December
1425 1436 196 140 i
1504 1436 352 140 något
1738 1436 391 140 arende
1973 1436 431 140 innevarit

518 1558 211 148 i
602 1558 844 148 Juvelerarefirman
1319 1558 253 148 Fr
1446 1558 337 148 Holm
1657 1558 211 148 &
1741 1558 295 148 Cos
1910 1558 380 148 butik
2163 1558 211 148 i
2205 1558 211 148 hu¬-

526 1698 253 140 et
652 1698 253 140 No
779 1698 253 140 35
905 1698 295 140 vid
1074 1698 379 140 Östra
1327 1698 590 140 Hamngatan,
1790 1698 295 140 hon
1959 1698 295 140 der
2085 1698 295 140 till¬-

521 1825 393 140 gripit
796 1825 236 140 en
914 1825 472 140 guldring
1267 1825 275 140 som
1425 1825 275 140 hon
1582 1825 393 140 genast
1857 1825 275 140 för
2014 1825 197 140 2
2054 1825 314 140 Kronor

512 1947 238 138 50
631 1947 278 138 öre
790 1947 477 138 pantsatt
1148 1947 278 138 hos
1307 1947 596 138 pantlånaren
1784 1947 238 138 W.
1903 1947 358 138 Karth
2142 1947 199 138 i
2181 1947 199 138 hu¬-

520 2070 292 138 set
687 2070 250 138 No
812 2070 208 138 5
895 2070 292 138 vid
1062 2070 583 138 Wallgatan;
1521 2070 292 138 att
1687 2070 292 138 hon
1854 2070 375 138 någon
2104 2070 292 138 dag
2229 2070 125 138 i

517 2182 448 152 slutet
831 2182 269 152 af
965 2182 403 152 samma
1234 2182 403 152 månad
1502 2182 448 152 ingått
1816 2182 224 152 i
1861 2182 537 152 Bundtmaka¬-

516 2304 479 174 refirman
876 2304 240 174 D.
996 2304 440 174 Forsell
1315 2304 200 174 &
1395 2304 280 174 Cos
1555 2304 360 174 butik
1795 2304 200 174 i
1875 2304 360 174 huset
2114 2304 240 174 No
2194 2304 160 174 31

503 2454 288 144 vid
668 2454 371 144 Östra
915 2454 577 144 Hamngatan,
1368 2454 288 144 der
1533 2454 288 144 hon
1698 2454 453 144 anmodat
1986 2454 412 144 biträdet

502 2582 508 156 framtaga
883 2582 424 156 muffar
1180 2582 297 156 för
1349 2582 508 156 påseende
1730 2582 297 156 att
1900 2582 297 156 hon
2027 2582 339 156 dervid

521 2716 573 148 tillgripit
972 2716 246 148 en
1094 2716 328 148 muff
1299 2716 287 148 som
1463 2716 287 148 hon
1627 2716 491 148 begagnat
1995 2716 328 148 till
2159 2716 205 148 den

495 2838 225 168 3
585 2838 449 168 sistl.
899 2838 494 168 Januari
1259 2838 270 168 då
1394 2838 314 168 hon
1573 2838 539 168 pantsatt
1933 2838 449 168 densamma

517 2982 215 154 å
603 2982 1117 154 Majornaspantlånekontor
1591 2982 215 154 i
1677 2982 387 154 huset
1935 2982 258 154 No
2064 2982 301 154 142
2193 2982 129 154 i

505 3114 473 140 Majornas
859 3114 315 140 3dje
1056 3114 355 140 rote,
1293 3114 276 140 att
1451 3114 276 140 hon
1608 3114 276 140 den
1766 3114 237 140 20
1884 3114 512 140 sistlidne

513 3246 465 120 Februari
862 3246 271 120 för
1017 3246 271 120 att
1172 3246 310 120 köpa
1366 3246 310 120 tråd
1559 3246 387 120 ingått
1830 3246 194 120 i
1869 3246 465 120 Handlanden

499 3361 224 123 F.
611 3361 561 123 Jerichowers
1059 3361 336 123 butik
1284 3361 187 123 i
1358 3361 336 123 huset
1583 3361 224 123 No
1695 3361 187 123 7
1769 3361 262 123 vid
1882 3361 449 123 Husargatan

504 3507 279 105 och
664 3507 279 105 der
823 3507 558 105 tillgripit
1262 3507 279 105 ett
1421 3507 518 105 bordtäcke
1820 3507 279 105 som
1979 3507 279 105 hon
2099 3507 279 105 samma

503 3618 284 129 dag
666 3618 487 129 pantsatt
1031 3618 284 129 för
1193 3618 203 129 2
1274 3618 243 129 kr
1396 3618 203 129 å
1477 3618 487 129 Majornas
1802 3618 568 129 pantlånekon¬-

504 3757 281 117 tor
665 3757 201 117 i
745 3757 362 117 huset
986 3757 241 117 No
1107 3757 281 117 144
1267 3757 281 117 vid
1428 3757 603 117 Husargatan;
1910 3757 281 117 att
2031 3757 201 117 hon

2742 173 542 95 sistnämde
3159 173 292 95 dag
3326 173 417 95 ingått
3618 173 209 95 i
3702 173 834 95 Juvelerarefirman
4369 173 167 95 L.

2702 295 438 93 Larsson
3020 295 199 93 &
3100 295 278 93 Cos
3259 295 358 93 butik
3498 295 199 93 i
3577 295 358 93 huset
3816 295 239 93 No
3935 295 239 93 65
4055 295 278 93 vid
4214 295 358 93 Södra

2708 423 533 95 Hamngatan,
3127 423 267 95 der
3279 423 267 95 hon
3431 423 381 95 begärt
3698 423 267 95 att
3850 423 228 95 få
3965 423 228 95 se
4079 423 228 95 på
4155 423 457 95 guldringar

2717 539 300 121 att
2888 539 300 121 hon
3060 539 385 121 undet
3316 539 300 121 det
3487 539 513 121 biträder
3873 539 556 121 framtagit
4258 539 342 121 sådana

2710 663 593 135 tillgripit
3175 663 296 135 ett
3345 663 296 135 par
3514 663 508 135 örhängen
3895 663 296 135 som
4064 663 296 135 hon
4233 663 423 135 genast

2688 783 522 145 pantsatt
3080 783 218 145 å
3167 783 566 145 sistnämde
3602 783 653 145 lånekontor,
4124 783 348 145 samt
4298 783 218 145 att

2681 927 312 143 hon
2860 927 490 143 användt
3216 927 267 143 de
3350 927 312 143 vid
3528 927 802 143 pantsättningen
4152 927 446 143 erhållne

2704 1065 516 133 penningar
3101 1065 317 133 till
3299 1065 317 133 sitt
3458 1065 476 133 uppehälle.

2743 1195 615 137 Juveleraren
3235 1195 246 137 A.
3358 1195 246 137 M.
3481 1195 451 137 Ekblad,
3769 1195 779 137 Bundtmakarefirman

2710 1313 226 151 D.
2823 1313 414 151 Forsell
3124 1313 188 151 &
3200 1313 263 151 Co,
3350 1313 339 151 Handl
3576 1313 226 151 J.
3689 1313 527 151 Jerichower
4103 1313 263 151 och
4215 1313 339 151 Juvele¬-

2720 1439 539 163 refirmarne
3143 1439 231 163 L.
3259 1439 424 163 Larsson
3567 1439 193 163 &
3644 1439 231 163 Co
3759 1439 270 163 och
3913 1439 231 163 Fr
4029 1439 308 163 Holm
4221 1439 193 163 &
4298 1439 231 163 Co
4375 1439 231 163 haf¬-

2718 1567 255 171 va
2845 1567 425 171 anmält
3142 1567 297 171 att
3312 1567 637 171 ifrågakomne
3822 1567 382 171 saker
4076 1567 255 171 pa
4204 1567 340 171 sätt
4374 1567 212 171 An¬-

2703 1693 454 183 dersson
3033 1693 578 183 uppgifvit,
3487 1693 330 183 från
3694 1693 289 183 dem
3859 1693 620 183 tillgripits
4313 1693 207 183 och

2693 1819 303 195 har
2866 1819 476 195 Ekeblad
3212 1819 520 195 verderat
3602 1819 520 195 ringarne
3949 1819 563 195 tillsammans

2687 1933 297 211 till
2872 1933 222 211 16
2984 1933 260 211 kr,
3132 1933 408 211 Forsell
3429 1933 371 211 muffen
3688 1933 297 211 till
3873 1933 185 211 8
3948 1933 408 211 kronor,
4207 1933 371 211 Jericho¬-

2692 2051 321 215 wers
2893 2051 482 215 bortäcke
3254 2051 321 215 till
3454 2051 201 215 3
3535 2051 401 215 Kronor
3816 2051 241 215 50
3936 2051 321 215 öre,
4137 2051 201 215 L
4177 2051 401 215 Larssons

2692 2185 223 198 &
2781 2185 267 198 Co
2914 2185 534 198 örhängen
3315 2185 356 198 till
3537 2185 267 198 16
3671 2185 445 198 Kronor
3982 2185 312 198 och
4160 2185 267 198 Fr
4249 2185 267 198 Holm

2699 2355 203 138 &
2781 2355 243 138 Co
2902 2355 405 138 ringar
3186 2355 324 138 till
3389 2355 203 138 7
3429 2355 365 138 kronor.

2735 2445 246 173 De
2858 2445 533 173 pantsatta
3268 2445 451 173 sakerna
3596 2445 369 173 hafva
3841 2445 451 173 blifvit
4169 2445 246 173 af
4251 2445 287 173 måls¬-

2763 2623 394 112 egarne
2999 2623 355 112 utlösta

2762 2735 277 112 På
2900 2735 416 112 grund
3178 2735 277 112 af
3316 2735 370 112 hvad
3547 2735 324 112 som
3732 2735 508 112 sålunda
4056 2735 462 112 förekom¬-

2744 2844 335 130 mit
2936 2844 478 130 kommer
3270 2844 526 130 Augusta
3653 2844 622 130 Andersson
4131 2844 335 130 att
4275 2844 287 130 den¬-

2712 2956 285 144 na
2855 2956 333 144 dag
3045 2956 333 144 för
3235 2956 808 144 Poliskammaren
3853 2956 523 144 inställas

3417 3090 533 102 Göteborg
3816 3090 311 102 den
3994 3090 222 102 1
4082 3090 355 102 Mars
4260 3090 266 102 1880

4552 3198 300 67 Nr
4652 3198 250 67 48.

4533 3294 387 74 Johan
4748 3294 258 74 Hen¬-

4540 3374 252 59 rik
4648 3374 324 59 Johans¬-

4477 3441 287 53 son

2657 3193 1042 175 Möbelhandlanden
3535 3193 329 175 J.
3699 3193 603 175 Andrén,
4083 3193 439 175 boende

2648 3303 248 147 i
2748 3303 446 147 huset
3045 3303 297 147 No
3194 3303 297 147 53
3342 3303 347 147 Ltt
3540 3303 297 147 C.
3689 3303 347 147 vid
3887 3303 347 147 1ta
4036 3303 446 147 Långga¬-

2651 3415 369 141 tan
2862 3415 369 141 har
3073 3415 369 141 den
3284 3415 316 141 17
3442 3415 685 141 sistlidne
3917 3415 527 141 December

2642 3535 537 129 anmält
3018 3535 376 129 att
3233 3535 269 129 i
3340 3535 537 129 början
3716 3535 322 129 af
3878 3535 591 129 berörde
4253 3535 269 129 Må¬-

2639 3634 370 122 nad
2850 3634 317 122 ur
3009 3634 317 122 en
3167 3634 475 122 olåst
3431 3634 1109 122 försäljningskällare

2648 3744 258 100 i
2752 3744 464 100 sagde
3061 3744 412 100 hus,
3319 3744 412 100 från
3576 3744 464 100 honom
3834 3744 670 100 tillgripits
