5067 4073
541 87 398 173 karlen
820 87 398 173 lemnat
1098 87 278 173 ett
1257 87 318 173 mynt
1456 87 199 173 å
1536 87 239 173 En
1655 87 398 173 krona,
1933 87 278 173 att
2093 87 278 173 han
2212 87 159 173 af

530 221 482 172 Andersson
901 221 296 172 fått
1086 221 445 172 tillbaka
1419 221 222 172 90
1531 221 259 172 öre
1679 221 296 172 samt
1864 221 259 172 att
1975 221 408 172 Andersson

524 321 436 160 sednare
841 321 238 160 på
960 321 475 160 aftonen,
1317 321 238 160 då
1435 321 277 160 hon
1594 321 515 160 hemkommit
1990 321 198 160 i
2069 321 277 160 sin
2188 321 198 160 bo¬-

507 415 321 166 stad
707 415 401 166 funnit
988 415 281 166 att
1149 415 281 166 den
1309 415 241 166 af
1429 415 401 166 karlen
1710 415 481 166 mottagna
2031 415 321 166 myntet

537 512 320 176 warit
751 512 392 176 falskt;
1036 512 249 176 och
1178 512 249 176 att
1321 512 320 176 någon
1534 512 249 176 dag
1677 512 178 176 i
1748 512 356 176 slutat
1997 512 214 176 af
2068 512 285 176 sistl.

530 618 307 173 wecka
734 618 205 173 af
837 618 375 173 obekant
1110 618 341 173 person
1348 618 273 173 till
1519 618 443 173 Johansson
1860 618 511 173 utprånglats
2235 618 136 173 en

512 721 373 158 falskt
773 721 298 158 mynt
959 721 186 158 å
1033 721 224 158 En
1145 721 373 158 krona;
1406 721 261 158 och
1555 721 335 158 hafva
1779 721 335 158 såväl
1965 721 410 158 Andersson

531 811 230 134 som
662 811 427 134 Johansson
991 811 263 134 till
1155 811 427 134 Detektiva
1483 811 558 134 Poliskontoret
1942 811 230 134 här
2074 811 164 134 i
2106 811 263 134 staden

520 909 527 180 aflemnat
916 909 396 180 samma
1135 909 308 180 mynt.

583 989 454 206 Jönsson
913 989 289 206 har
1078 989 496 206 förnekat
1450 989 289 206 sig
1615 989 289 206 ega
1780 989 372 206 någon
1987 989 413 206 kännedom

523 1107 373 176 jemväl
784 1107 410 176 rörande
1082 1107 671 176 tillwerkningen
1641 1107 335 176 eller
1827 1107 559 176 utprånglingen

518 1209 231 133 af
633 1209 347 133 desse
826 1209 270 133 mynt.

600 1251 474 228 Enkorna
945 1251 388 228 Maria
1204 1251 431 228 Olsson
1506 1251 302 228 och
1678 1251 345 228 Mina
1851 1251 474 228 Nordström

538 1355 340 204 hafwa
765 1355 265 204 med
916 1355 529 204 bestämdhet
1332 1355 189 204 i
1407 1355 416 204 Jönsson
1710 1355 454 204 igenkänt
2050 1355 265 204 den
2163 1355 227 204 karl

541 1472 268 189 som
694 1472 306 189 till
885 1472 268 189 dem
1038 1472 535 189 utprånglat
1458 1472 229 189 de
1573 1472 650 189 ifrågavarande
2070 1472 306 189 falska

538 1601 315 196 mynt
735 1601 236 196 de
813 1601 434 196 mottagit.

585 1662 294 221 Tio
753 1662 420 221 falska
1047 1662 336 221 mynt
1256 1662 252 221 af
1382 1662 252 221 En
1508 1662 420 221 kronas
1802 1662 378 221 valör
2053 1662 294 221 och
2179 1662 210 221 ett

517 1798 408 188 sådant
803 1798 245 188 af
925 1798 245 188 en
1047 1798 571 188 femtioöres
1496 1798 367 188 valör
1740 1798 448 188 bifogas
2026 1798 285 188 denne

484 1933 385 136 rapport.

73 2132 348 156 No
189 2132 348 156 267.

595 2091 471 177 Drängen
937 2091 428 177 Anders
1237 2091 428 177 Magnus
1536 2091 599 177 Lorensson,
1964 2091 428 177 anställd

553 2224 290 196 hos
718 2224 664 196 Byggmästaren
1258 2224 249 196 G.
1382 2224 539 196 Lindqwist
1797 2224 290 196 och
1963 2224 415 196 boende
2212 2224 124 196 i

525 2331 355 175 huset
761 2331 237 175 No
880 2331 237 175 16
998 2331 276 175 wid
1156 2331 473 175 Änggatan
1511 2331 197 175 i
1590 2331 473 175 Annedal,
1945 2331 276 175 har
2102 2331 197 175 i
2142 2331 197 175 dag

535 2433 419 154 anmält
829 2433 293 154 att
996 2433 210 154 i
1080 2433 293 154 går
1248 2433 293 154 vid
1416 2433 671 154 middagstiden
1961 2433 210 154 i
2003 2433 293 154 Lind¬-

528 2549 410 168 qwists
815 2549 369 168 Stall
1062 2549 205 168 å
1144 2549 410 168 tomten
1431 2549 287 168 vid
1595 2549 616 168 Sandgången,
2047 2549 328 168 olofl.

518 2630 547 147 tillgripits
956 2630 219 147 en
1065 2630 584 147 rycktborste,
1540 2630 219 147 en
1649 2630 547 147 hästskrapa,
2087 2630 219 147 en
2160 2630 219 147 ham¬-

512 2739 362 182 mare,
753 2739 242 182 en
874 2739 443 182 hoftång
1196 2739 282 182 och
1357 2739 242 182 en
1478 2739 523 182 hofklinga
1841 2739 523 182 tillsammans

485 2864 321 114 värdt

865 2854 341 122 Kronor.

590 2928 245 190 För
730 2928 314 190 detta
939 2928 454 190 tillgrepp
1289 2928 314 190 hafwa
1498 2928 839 190 detektivkonstaplarna
2197 2928 140 190 J.

390 3060 456 132 Ramn

1010 3048 304 154 och
1183 3048 260 154 C.
1313 3048 564 154 Hellström
1747 3048 304 154 den
1921 3048 260 154 21
2051 3048 260 154 ds
2138 3048 217 154 an¬-

534 3150 361 148 hållit
787 3150 650 148 Smedsarbetaren
1328 3150 289 148 Otto
1509 3150 433 148 Larsson,
1834 3150 361 148 boende
2086 3150 181 148 i
2122 3150 253 148 huset

498 3261 232 175 No
614 3261 232 175 10
730 3261 271 175 vid
885 3261 503 175 Skolgatan
1272 3261 193 175 i
1349 3261 348 175 Haga,
1581 3261 425 175 hvilken
1890 3261 271 175 med
2045 3261 271 175 det
2161 3261 193 175 med

499 3368 348 132 honom
731 3368 502 132 anställda
1118 3368 425 132 förhör,
1427 3368 425 132 widgått
1736 3368 271 132 att
1891 3368 271 132 han
2045 3368 271 132 den
2161 3368 155 132 20

516 3473 236 189 ds
634 3473 236 189 på
752 3473 355 189 e.m.,
988 3473 355 189 under
1225 3473 276 189 det
1382 3473 276 189 han
1540 3473 355 189 warit
1776 3473 355 189 något
1973 3473 394 189 drucken,

529 3565 335 186 ingatt
764 3565 168 186 i
831 3565 469 186 Lindqwists
1200 3565 302 186 stall
1401 3565 235 186 och
1535 3565 235 186 der
1669 3565 469 186 tillgripit
2038 3565 201 186 de
2138 3565 201 186 af
2205 3565 168 186 Lo¬-

521 3708 399 172 rensson
811 3708 507 172 omförmälda
1209 3708 399 172 godset,
1499 3708 471 172 hvarefter
1862 3708 254 172 han
2007 3708 290 172 sålt
2152 3708 217 172 det¬-

515 3790 338 161 samma
741 3790 300 161 till
929 3790 563 161 Droskegaren
1379 3790 225 161 S.
1492 3790 451 161 Särnblom
1830 3790 188 161 i
1905 3790 338 161 huset
2130 3790 225 161 No
2205 3790 188 161 96,

2689 97 179 126 i
2761 97 215 126 12
2869 97 323 126 Roten
3084 97 251 126 för
3227 97 538 126 tillsammans
3658 97 179 126 2
3730 97 359 126 kronor
3981 97 215 126 50
4053 97 179 126 öre

2769 197 230 175 På
2884 197 345 175 grund
3113 197 230 175 af
3228 197 306 175 hvad
3420 197 421 175 sålunda
3688 197 459 175 förekommit

3118 406 473 175 Göteborg
3472 406 276 175 den
3630 406 237 175 24
3749 406 473 175 December
4064 406 276 175 1880.

4513 542 304 138 No
4615 542 304 138 268.

2688 541 336 149 Pigan
2912 541 336 149 Maria
3135 541 522 149 Andersson,
3546 541 187 149 i
3621 541 373 149 tjenst
3882 541 261 149 hos
3994 541 522 149 Lärowerksad¬-

2703 689 376 133 junkten
2976 689 205 133 F.
3079 689 376 133 Wiberg,
3352 689 342 133 boende
3592 689 171 133 i
3660 689 308 133 huset
3865 689 205 133 No
3968 689 171 133 9
4036 689 239 133 vid
4139 689 376 133 Kapunier¬-

2692 747 331 163 gatan,
2923 747 231 163 har
3056 747 331 163 anmält
3287 747 231 163 att
3419 747 231 163 den
3551 747 198 163 22
3651 747 198 163 ds
3750 747 198 163 på
3849 747 264 163 f.m.
4014 747 165 163 å
4047 747 463 163 Kungstorget,

2709 844 213 161 ur
2815 844 248 161 ena
2957 844 355 161 fickan
3205 844 213 161 af
3312 844 355 161 hennes
3560 844 390 161 påhafda
3844 844 319 161 kappa
4022 844 461 161 tillgripits

2706 939 208 167 en
2810 939 519 167 portemonaie
3226 939 208 167 af
3330 939 312 167 swart
3537 939 346 167 skinn,
3780 939 554 167 innehållande
4230 939 242 167 fem
4334 939 173 167 kr.

2696 1031 216 163 30
2804 1031 252 163 öre
2948 1031 180 163 i
3020 1031 539 163 silfwermynt
3451 1031 288 163 samt
3631 1031 252 163 två
3775 1031 503 163 frimärken,
4134 1031 360 163 hvardera

2689 1135 168 123 å
2757 1135 201 123 12
2824 1135 201 123 öre.

2807 1176 259 150 Såsom
2980 1176 374 150 misstänkt
3268 1176 202 150 för
3383 1176 259 150 detta
3556 1176 374 150 tillgrepp
3844 1176 202 150 har
3930 1176 576 150 Detektivkonstapeln

2701 1297 195 156 E.
2798 1297 422 156 Hellström
3122 1297 292 156 samma
3317 1297 227 156 dag
3447 1297 195 156 på
3544 1297 195 156 e.
3642 1297 195 156 m.
3739 1297 389 156 anhållit
4031 1297 227 156 för
4161 1297 325 156 första
4356 1297 162 156 re¬-

2719 1391 228 173 san
2850 1391 294 173 stöld
3046 1391 391 173 staffade
3339 1391 424 173 ynglingen
3665 1391 261 173 Carl
3828 1391 294 173 Edgar
4024 1391 424 173 Ferdinand
4318 1391 228 173 Koll¬-

2714 1493 297 140 berg,
2912 1493 362 140 hvilken
3175 1493 231 140 wid
3307 1493 494 140 anhållandet
3702 1493 395 140 innehade
3999 1493 165 140 1
4065 1493 231 140 kr.
4197 1493 198 140 99
4295 1493 231 140 öre
4394 1493 165 140 och

2716 1583 245 163 har
2856 1583 454 163 Kollberg,
3205 1583 245 163 wid
3345 1583 245 163 det
3485 1583 245 163 med
3625 1583 314 163 honom
3834 1583 419 163 anstälda
4149 1583 349 163 förhör
4358 1583 210 163 för¬-

2717 1684 340 161 nekat
2944 1684 264 161 all
3095 1684 453 161 kännedom
3434 1684 226 161 om
3547 1684 566 161 tillgreppet
4000 1684 302 161 samt
4151 1684 415 161 uppgifwit

2712 1798 268 155 att
2865 1798 268 155 han
3018 1798 344 155 genom
3247 1798 574 155 försäljning
3706 1798 230 155 af
3821 1798 344 155 korta
4051 1798 344 155 waror
4242 1798 306 155 bekom¬-

2713 1881 281 157 mit
2873 1881 241 157 de
2994 1881 522 157 penningar
3395 1881 281 157 han
3516 1881 441 157 innehade.

2748 1958 482 186 Ynglingen
3118 1958 333 186 Johan
3341 1958 370 186 Albert
3600 1958 519 186 Andersson,
4007 1958 370 186 boende
4267 1958 185 186 i
4304 1958 259 186 huset

2721 2063 212 177 No
2827 2063 212 177 18
2933 2063 248 177 wid
3074 2063 637 177 Spannmålsgatan
3605 2063 248 177 har
3747 2063 389 177 upplyst
4030 2063 248 177 att
4171 2063 212 177 då
4278 2063 248 177 han
4384 2063 212 177 ons¬-

2715 2168 365 147 dagen
2959 2168 284 147 den
3121 2168 243 147 22
3243 2168 243 147 ds
3365 2168 284 147 wid
3527 2168 649 147 middagstiden
4054 2168 203 147 å
4095 2168 446 147 Grönsake¬-

2717 2256 364 159 torget
2971 2256 618 159 sammanträffat
3481 2256 255 159 med
3626 2256 473 159 Kollberg,
3990 2256 327 159 denne
4172 2256 327 159 omtalat

2722 2342 288 165 att,
2902 2342 252 165 att
3046 2342 252 165 han
3190 2342 324 165 förut
3406 2342 216 165 på
3514 2342 288 165 f.m.
3693 2342 216 165 ur
3801 2342 216 165 en
3909 2342 324 165 ficka
4125 2342 180 165 i
4197 2342 252 165 ett
4305 2342 252 165 frun¬-

2720 2421 358 151 timmers
2981 2421 391 151 påhafvde
3274 2421 326 151 kläder
3502 2421 456 151 tillgripit
3861 2421 195 151 en
3959 2421 489 151 portemonai,
4317 2421 228 151 inne¬-

2699 2514 414 180 hållande
3010 2514 380 180 omkring
3287 2514 242 180 sex
3425 2514 345 180 kronor
3667 2514 276 180 samt
3839 2514 345 180 gifwit
4081 2514 414 180 Kollberg
4357 2514 173 180 ett

2719 2622 262 163 tolf
2883 2622 262 163 öres
3047 2622 426 163 frimärke,
3374 2622 262 163 som,
3538 2622 327 163 enligt
3767 2622 262 163 hvad
3931 2622 229 163 han
4062 2622 327 163 uppgaf
4291 2622 295 163 legat
4455 2622 98 163 i

2735 2721 231 162 den
2867 2721 462 162 tillgripna
3230 2721 561 162 portemonaien,
3692 2721 363 162 hvilken
3956 2721 231 162 han
4088 2721 429 162 uppgifwit
4385 2721 165 162 sig

2726 2796 318 140 hafva
2902 2796 459 140 bortkastat.

3173 2990 430 206 Göteborg
3496 2990 251 206 den
3639 2990 215 206 24
3747 2990 430 206 december
4033 2990 251 206 1880.

4522 3135 310 174 No
4626 3135 310 174 269.

2722 3153 467 175 Följande
3072 3153 467 175 personer
3423 3153 350 175 hafva
3618 3153 350 175 anmält:

2807 3229 221 150 1o
2918 3229 480 150 Sjömannen
3287 3229 295 150 Carl
3471 3229 332 150 Johan
3693 3229 443 150 Jansson,
4025 3229 369 150 boende
4284 3229 185 150 i
4320 3229 185 150 Ar¬-

2735 3332 500 161 betskarlen
3128 3332 321 161 Johan
3342 3332 321 161 Peter
3557 3332 429 161 Perssons
3878 3332 250 161 hus
4021 3332 179 161 å
4092 3332 321 161 Lilla
4271 3332 214 161 Edet

2734 3407 233 161 att
2867 3407 233 161 den
3000 3407 200 161 30
3100 3407 299 161 sist.
3299 3407 399 161 November
3599 3407 200 161 på
3698 3407 399 161 aftonen;
3998 3407 299 161 under
4197 3407 233 161 det
4330 3407 233 161 han
4430 3407 100 161 i

2717 3530 431 164 sällskap
3040 3530 251 164 med
3184 3530 180 164 3
3256 3530 359 164 okände
3507 3530 323 164 yngre
3723 3530 575 164 manspersoner
4190 3530 180 164 i
4226 3530 287 164 ogifta

2740 3624 208 114 N.
2844 3624 415 114 Telldins
3155 3624 1003 114 nyckterhetswärdshuslokal,
4055 3624 173 114 i
4124 3624 311 114 huset
4331 3624 208 114 No
4401 3624 138 114 17

2721 3717 233 181 wid
2854 3717 432 181 Storgatan
3186 3717 365 181 intagit
3452 3717 465 181 förtäring,
3817 3717 266 181 från
3983 3717 299 181 honom
4149 3717 432 181 tillgripits
