5100 4080
549 209 437 108 Bernadotte
892 209 405 108 Andersson
1204 209 218 108 och
1328 209 281 108 Johan
1516 209 343 108 Persson
1765 209 343 108 kallade
2015 209 249 108 till
2139 209 281 108 instäl¬-

542 333 323 82 lelse
757 333 323 82 inför
972 333 609 82 Poliskammaren
1474 333 323 82 denna
1689 333 287 82 dag,
1868 333 430 82 hvaremot
2155 333 251 82 Johan

545 446 437 77 Bengtsson,
888 446 344 77 hvilken
1138 446 344 77 afvikit
1388 446 250 77 från
1544 446 344 77 staden,
1794 446 187 77 ej
1888 446 312 77 kunnat
2107 446 219 77 med
2201 446 187 77 kal¬-

541 546 315 95 lelse
751 546 490 95 anträffas.
1136 546 420 95 Göteborg
1451 546 245 95 den
1591 546 210 95 12
1696 546 385 95 Januari
1941 546 245 95 1880.

151 658 283 76 No
245 658 189 76 10

113 777 228 69 Helga
265 777 228 69 Bolin
391 777 127 69 och

107 865 247 73 Hanna
244 865 274 73 Hansson.

593 647 468 100 Hemmasonen
960 647 301 100 Anton
1161 647 435 100 Andersson
1495 647 267 100 från
1662 647 334 100 gården
1896 647 334 100 Berget
2131 647 167 100 i
2164 647 234 100 Rome¬-

534 761 287 102 landa
725 761 319 102 socken
948 761 191 102 på
1044 761 319 102 Inland
1267 761 223 102 har
1394 761 382 102 onsdagen
1681 761 223 102 den
1809 761 191 102 14
1904 761 319 102 dennes
2095 761 287 102 anmält,

530 879 222 108 att
657 879 222 108 han
784 879 443 108 föregående
1132 879 222 108 dag
1258 879 190 108 på
1353 879 190 108 e.
1448 879 190 108 m.
1543 879 190 108 kl
1638 879 222 108 3-4
1765 879 316 108 besökt
1986 879 316 108 hustru
2176 879 190 108 Han¬-

513 989 195 120 na
611 989 391 120 Hanssons
904 989 521 120 sjömanslogis
1328 989 163 120 i
1393 989 293 120 huset
1588 989 195 120 No
1686 989 195 120 13
1784 989 228 120 vid
1914 989 423 120 Sillgatan
2207 989 163 120 för

535 1103 216 116 att
658 1103 339 116 erhålla
905 1103 185 116 en
998 1103 308 116 flaska
1213 1103 185 116 öl
1306 1103 247 116 till
1460 1103 432 116 förtäring;
1799 1103 216 116 att
1922 1103 308 116 derwid
2138 1103 185 116 en
2200 1103 154 116 hos

521 1215 330 120 hustru
752 1215 363 120 Hansson
1016 1215 396 120 anställd
1313 1215 264 120 piga
1479 1215 297 120 Helga
1677 1215 297 120 Bolin
1875 1215 330 120 begärt
2073 1215 297 120 pennin¬-

521 1320 231 118 gar
653 1320 297 118 innan
851 1320 264 118 ölet
1017 1320 429 118 lemnades;
1347 1320 231 118 att
1479 1320 231 118 han
1611 1320 198 118 då
1710 1320 396 118 upptagit
2008 1320 231 118 sin
2107 1320 231 118 port¬-

511 1418 386 136 monnaie
791 1418 245 136 och
932 1418 316 136 derur
1142 1418 456 136 framtagit
1493 1418 210 136 35
1598 1418 386 136 Kronor,
1878 1418 456 136 bestående
2194 1418 140 136 af

537 1525 232 132 sju
669 1525 232 132 st.
802 1525 331 132 sedlar
1034 1525 166 132 å
1100 1525 232 132 fem
1233 1525 331 132 Kronor
1465 1525 431 132 hvardera;
1796 1525 232 132 att
1928 1525 298 132 Helga
2094 1525 232 132 Bolin

518 1653 361 118 dervid
770 1653 469 118 frånryckt
1131 1653 325 118 honom
1348 1653 541 118 penningarne
1781 1653 289 118 samt
1961 1653 253 118 att
2105 1653 216 118 då
2178 1653 180 118 han

527 1757 494 124 återfordrat
922 1757 264 124 dem,
1087 1757 231 124 han
1219 1757 362 124 blifvit
1482 1757 198 124 af
1581 1757 297 124 Helga
1779 1757 297 124 Bolin
1977 1757 231 124 och
2075 1757 297 124 hustrun

528 1877 286 114 Hanna
719 1877 350 114 Hansson
973 1877 318 114 utförd
1196 1877 191 114 ur
1291 1877 350 114 logiet,
1545 1877 254 114 utan
1704 1877 223 114 att
1832 1877 318 114 återfå
2054 1877 254 114 sina
2181 1877 191 114 pen¬-

470 2034 350 80 ningar.

664 2070 172 122 I
732 2070 447 122 anledning
1076 2070 309 122 häraf
1283 2070 309 122 hafva
1489 2070 309 122 Helga
1695 2070 309 122 Bolin
1901 2070 241 122 och
2005 2070 309 122 hustrun

518 2175 290 140 Hanna
711 2175 354 140 Hansson
969 2175 354 140 blifvit
1227 2175 322 140 hörda,
1452 2175 354 140 hwarvid
1710 2175 193 140 de
1807 2175 258 140 till
1968 2175 193 140 en
2032 2175 258 140 början

504 2293 416 134 förnekat,
824 2293 224 134 att
952 2293 416 134 Andersson
1272 2293 224 134 den
1400 2293 192 134 13
1496 2293 320 134 dennes
1720 2293 416 134 innevarit
2040 2293 160 134 i
2072 2293 224 134 deras

514 2405 303 142 logis,
726 2405 212 142 men
847 2405 394 142 sedermera
1151 2405 425 142 uppgifvit,
1485 2405 212 142 att
1606 2405 394 142 Andersson
1909 2405 212 142 den
2031 2405 182 142 13
2122 2405 182 142 ds
2182 2405 152 142 in¬-

517 2519 313 142 kommit
736 2519 156 142 i
798 2519 281 142 köket
986 2519 219 142 och
1111 2519 313 142 begärt
1330 2519 188 142 en
1424 2519 313 142 flaska
1643 2519 188 142 öl
1736 2519 250 142 till
1893 2519 438 142 förtäring,
2206 2519 156 142 men

511 2639 267 130 att,
677 2639 200 130 då
777 2639 300 130 detta
977 2639 433 130 förnekats
1310 2639 333 130 honom,
1544 2639 233 130 han
1677 2639 400 130 upptagit
1977 2639 233 130 sin
2077 2639 233 130 port¬-

491 2753 380 134 monnaie
768 2753 242 134 och
906 2753 276 134 sagt
1079 2753 242 134 att
1217 2753 207 134 de
1320 2753 449 134 fråntagit
1666 2753 311 134 honom
1873 2753 276 134 hans
2011 2753 311 134 pennin¬-

495 2881 266 116 gar,
661 2881 432 116 hvarefter
993 2881 199 116 de
1093 2881 266 116 fört
1259 2881 299 116 honom
1458 2881 199 116 ut
1525 2881 365 116 derifrån.

596 2995 201 96 På
697 2995 302 96 grund
898 2995 201 96 af
999 2995 268 96 hvad
1166 2995 369 96 sålunda
1434 2995 503 96 förekommit,
1837 2995 235 96 äro
1971 2995 302 96 Helga
2138 2995 168 96 Bo¬-

499 3114 234 107 lin
632 3114 234 107 och
766 3114 301 107 Hanna
967 3114 368 107 Hansson
1235 3114 368 107 kallade
1502 3114 268 107 till
1670 3114 502 107 inställelse
2038 3114 234 107 inför

493 3230 258 95 PKn
641 3230 332 95 denna
862 3230 295 95 dag.
1047 3230 443 95 Göteborg
1379 3230 258 95 den
1527 3230 221 95 15
1637 3230 406 95 Januari
1896 3230 258 95 1880.

119 3360 232 84 No
197 3360 193 84 11.

71 3480 280 69 Anna
211 3480 245 69 Beata

45 3570 307 69 Olsdotter.

554 3349 386 96 Följande
843 3349 386 96 personer
1132 3349 289 96 hafva
1325 3349 354 96 anmält,
1583 3349 225 96 att
1711 3349 161 96 å
1775 3349 482 96 Kungstorget
2129 3349 225 96 genom

507 3462 405 89 fickstöld
818 3462 249 89 från
974 3462 218 89 dem
1098 3462 467 89 tillgripits
1472 3462 280 89 under
1658 3462 280 89 sist.
1845 3462 373 89 December
2094 3462 218 89 månad

475 3576 197 82 1o
574 3576 229 82 den
705 3576 229 82 6te
836 3576 360 82 hustrun
1098 3576 262 82 Anna
1261 3576 393 82 Ahlgren,
1556 3576 328 82 boende
1785 3576 164 82 i
1851 3576 295 82 huset
2047 3576 197 82 No
2146 3576 164 82 3
2178 3576 164 82 vid

482 3676 680 80 Klädpressaregatan
1064 3676 194 80 en
1161 3676 485 80 portmonnaie
1549 3676 194 80 af
1647 3676 291 80 brunt
1841 3676 291 80 skinn
2035 3676 227 80 med
2132 3676 194 80 mes¬-

468 3784 422 77 singslås,
792 3784 519 77 innehållande
1214 3784 227 77 Tre
1344 3784 325 77 Kronor
1571 3784 162 77 i
1604 3784 454 77 silfvermynt.

2715 213 187 94 2o
2808 213 218 94 den
2933 213 187 94 10
3027 213 218 94 Fru
3151 213 281 94 Hulda
3339 213 405 94 Kärrberg,
3650 213 312 94 boende
3869 213 156 94 i
3931 213 281 94 huset
4118 213 187 94 No
4212 213 156 94 1
4274 213 218 94 vid
4368 213 218 94 jern¬-

2714 315 316 120 torget
2936 315 190 120 en
3030 315 347 120 rödbrun
3283 315 474 120 portmonnaie
3662 315 221 120 med
3788 315 505 120 messingslås,
4167 315 411 120 innehållan¬-

2741 435 171 120 de
2827 435 171 120 60
2913 435 143 120 á
2970 435 171 120 70
3056 435 314 120 Kronor,
3284 435 371 120 bestående
3570 435 171 120 af
3655 435 286 120 sedlar
3855 435 143 120 å
3912 435 143 120 5
3970 435 200 120 och
4084 435 171 120 10
4141 435 257 120 kronor;

2715 531 185 132 3o
2808 531 215 132 den
2931 531 246 132 17de
3085 531 339 132 Enkefru
3331 531 277 132 Alida
3515 531 369 132 Warburg,
3793 531 308 132 boende
4008 531 154 132 i
4070 531 277 132 huset
4254 531 185 132 No
4347 531 185 132 15
4408 531 154 132 vid

2717 655 626 126 Pusterviksgatan
3244 655 198 126 en
3343 655 362 126 rödbrun
3606 655 329 126 mindre
3837 655 296 126 väska
4034 655 231 126 med
4133 655 461 126 messingslås,

2723 745 491 156 innehållande
3122 745 184 156 18
3214 745 338 156 kronor,
3460 745 399 156 bestående
3767 745 184 156 af
3859 745 215 156 tre
3982 745 307 156 sedlar
4196 745 153 156 å
4258 745 153 156 5
4288 745 246 156 Kronor

2731 872 366 133 hvardera
3006 872 214 133 och
3128 872 214 133 Tre
3250 872 305 133 Kronor
3464 872 153 133 i
3495 872 427 133 silfvermynt.

2732 972 181 127 4o
2822 972 211 127 den
2943 972 181 127 20
3034 972 332 127 Enkefru
3275 972 272 127 Sofia
3456 972 362 127 Scharff,
3727 972 302 127 boende
3939 972 151 127 i
3999 972 272 127 huset
4180 972 181 127 No
4270 972 181 127 11
4361 972 151 127 i
4391 972 151 127 Ma¬-

2722 1073 318 140 jornas
2945 1073 223 140 4de
3072 1073 286 140 rote,
3263 1073 191 140 en
3358 1073 254 140 brun
3517 1073 509 140 portmonnaie,
3930 1073 509 140 innehållande
4344 1073 191 140 14
4407 1073 191 140 Kro¬-

2731 1193 248 150 nor,
2886 1193 279 150 deraf
3072 1193 217 150 två
3196 1193 310 150 sedlar
3414 1193 155 150 á
3476 1193 217 150 fem
3600 1193 310 150 Kronor
3817 1193 217 150 och
3941 1193 248 150 fyra
4065 1193 497 150 Enkronostycken

2727 1293 186 162 af
2820 1293 373 162 silfver,
3100 1293 279 162 några
3286 1293 311 162 finska
3503 1293 466 162 penniämynt,
3876 1293 435 162 åtskillige
4186 1293 404 162 postfrimär¬-

2725 1397 202 164 ken
2841 1397 202 164 ett
2956 1397 578 164 blyertspennstift
3447 1397 173 164 af
3534 1397 318 164 Franckt
3765 1397 260 164 guld,
3938 1397 260 164 värdt
4111 1397 144 164 3
4169 1397 173 164 kr
4256 1397 173 164 50
4342 1397 202 164 öre
4429 1397 173 164 samt

2713 1507 196 168 en
2811 1507 392 168 pennknif
3106 1507 229 168 med
3236 1507 294 168 skaft
3433 1507 196 168 af
3531 1507 458 168 sköldpadd,
3890 1507 262 168 värd
4054 1507 229 168 Två
4152 1507 294 168 kronor;

2725 1617 176 166 5o
2813 1617 205 166 den
2930 1617 234 166 24de
3076 1617 322 166 Hustrun
3310 1617 351 166 Fredrika
3574 1617 410 166 Andersson,
3896 1617 293 166 boende
4100 1617 146 166 i
4159 1617 263 166 huset
4335 1617 176 166 No
4422 1617 146 166 7
4452 1617 146 166 vid

2716 1727 266 180 Lilla
2894 1727 621 180 Klädpressaregatan
3426 1727 177 180 en
3515 1727 444 180 portmonnaie
3870 1727 207 180 med
3988 1727 473 180 messingslås,
4343 1727 207 180 inne¬-

2736 1849 334 168 hållande
2987 1849 167 168 22
3070 1849 306 168 Kronor,
3292 1849 250 168 deraf
3459 1849 195 168 tre
3571 1849 278 168 sedlar
3765 1849 139 168 å
3821 1849 195 168 fem
3932 1849 278 168 kronor
4127 1849 195 168 och
4210 1849 334 168 återstoden

2723 2037 137 86 i
2750 2037 384 86 silfvermynt;

2717 2073 185 138 6o
2810 2073 463 138 sistberörde
3180 2073 216 138 dag
3304 2073 309 138 ogifta
3520 2073 371 138 Gustafva
3798 2073 463 138 Skattström,
4169 2073 309 138 boende
4385 2073 154 138 i
4416 2073 154 138 hu¬-

2731 2169 214 158 set
2854 2169 183 158 No
2945 2169 183 158 11
3037 2169 214 158 vid
3159 2169 275 158 Nedra
3342 2169 580 158 Qvarnbergsgatan
3831 2169 183 158 en
3922 2169 489 158 portmonnaie,
4289 2169 305 158 innehål¬-

2708 2295 269 151 lande
2888 2295 150 151 9
2947 2295 329 151 Kronor,
3187 2295 269 151 deraf
3366 2295 179 151 en
3456 2295 269 151 sedel
3635 2295 150 151 å
3695 2295 209 151 fem
3814 2295 299 151 Kronor
4024 2295 209 151 och
4143 2295 209 151 det
4263 2295 299 151 öfriga
4442 2295 90 151 i

2717 2471 500 73 silfvermynt;
3092 2471 156 73 och

2790 2539 343 95 under
3019 2539 572 95 innevarande
3476 2539 419 95 Januari
3743 2539 267 95 månad

2706 2633 192 100 7o
2802 2633 224 100 den
2930 2633 160 100 3
2994 2633 384 100 Kassören
3282 2633 192 100 C.
3378 2633 192 100 E.
3474 2633 352 100 Agardhs
3730 2633 320 100 hustru
3954 2633 320 100 Albina
4178 2633 352 100 Agardh,
4402 2633 160 100 bo¬-

2713 2745 264 102 ende
2878 2745 165 102 i
2944 2745 297 102 huset
3142 2745 198 102 No
3241 2745 198 102 33
3340 2745 231 102 vid
3472 2745 627 102 Landsvägsgatan,
4001 2745 198 102 en
4100 2745 462 102 portmonaie
4430 2745 132 102 af

2727 2859 319 88 svart
2939 2859 319 88 skinn
3152 2859 248 88 med
3293 2859 531 88 messingslås
3718 2859 567 88 innehållande
4178 2859 212 88 15
4249 2859 319 88 kronor,

2722 2977 412 82 bestående
3039 2977 190 82 af
3135 2977 190 82 en
3230 2977 285 82 sedel
3420 2977 159 82 å
3484 2977 190 82 10
3579 2977 317 82 kronor
3801 2977 222 82 och
3928 2977 222 82 det
4054 2977 317 82 öfriga
4277 2977 190 82 af
4340 2977 222 82 silf¬-

2723 3099 512 80 vermynt,
3065 3099 469 80 hvarjemte

2736 3213 215 88 8o
2844 3213 322 88 Pigan
3058 3213 465 88 Charlotta
3416 3213 393 88 Hoffman
3702 3213 358 88 boende
3952 3213 179 88 i
4024 3213 322 88 huset
4238 3213 215 88 No
4345 3213 179 88 4
4381 3213 179 88 vid

2719 3331 665 82 Trädgårdsgatan
3273 3331 259 82 den
3421 3331 185 82 6
3495 3331 480 82 sistlidne
3865 3331 444 82 December
4197 3331 370 82 anmält
4419 3331 185 82 att

2719 3447 177 90 å
2789 3447 530 90 Kungstorget
3213 3447 283 90 från
3390 3447 247 90 ett
3532 3447 318 90 åkdon
3744 3447 460 90 derstädes
4097 3447 318 90 under
4309 3447 247 90 det
4415 3447 177 90 hon

2718 3578 363 89 betalt
2972 3578 399 89 inköpta
3262 3578 472 89 matvaror,
3625 3578 290 89 från
3806 3578 327 89 henne
4024 3578 544 89 tillgripits
4423 3578 145 89 en

2718 3689 304 90 brun
2908 3689 304 90 muff
3098 3689 228 90 af
3213 3689 571 90 hillerskinn
3669 3689 266 90 med
3821 3689 342 90 brunt
4049 3689 342 90 foder
4278 3689 304 90 värd
4430 3689 114 90 6

2698 3799 406 86 Kronor.
