4972 4068
468 185 314 203 för
647 185 448 203 första
961 185 403 203 resan
1230 185 538 203 snatteri
1634 185 583 203 straffade
2037 185 314 203 Enkan

460 331 361 200 Anna
686 331 542 200 Kattrina
1092 331 452 200 Olsson
1409 331 226 200 i
1499 331 452 200 saknad
1815 331 271 200 af
1905 331 407 200 bestämd

468 449 490 224 bostad,
825 449 312 224 för
1003 449 312 224 det
1181 449 312 224 hon
1360 449 535 224 innehade
1761 449 312 224 ett
1894 449 357 224 stycke

449 613 633 169 bommulsväf
946 613 497 169 omkring
1307 613 271 169 61
1443 613 407 169 alnar
1714 613 316 169 för
1849 613 407 169 åtkomst

457 750 539 206 hvartill
862 750 315 206 hon
1041 750 360 206 icke
1266 750 404 206 kunde
1491 750 494 206 redogöra;

435 863 422 205 Sedan
717 863 422 205 Enkan
998 863 469 205 Olsson
1327 863 657 205 emellertid
1843 863 422 205 samma
2077 863 235 205 dag

464 993 626 213 införpassats
972 993 313 213 till
1168 993 665 213 cellfängelset
1715 993 274 213 för
1833 993 469 213 undergånde

470 1145 235 170 af
587 1145 274 170 två
744 1145 470 170 månaders
1096 1145 470 170 fängelse
1449 1145 391 170 straff
1723 1145 274 170 för
1879 1145 352 170 andra
2075 1145 274 170 resan

480 1244 517 219 snatteri,
878 1244 278 219 har
1037 1244 716 219 Handelsbolaget
1633 1244 239 219 L.
1752 1244 199 219 &
1832 1244 239 219 R.
1911 1244 358 219 Philip,

453 1399 304 192 som
626 1399 304 192 har
800 1399 347 192 sitt
1017 1399 434 192 kontor
1321 1399 217 192 i
1408 1399 391 192 huset
1669 1399 261 192 No
1799 1399 217 192 4
1886 1399 304 192 vid
2016 1399 304 192 Maga¬-

473 1525 737 197 sinsqvarteret
1079 1525 303 197 den
1253 1525 260 197 26
1383 1525 477 197 berörde
1686 1525 477 197 September

455 1637 501 198 månad,
806 1637 501 198 anmält
1157 1637 351 198 sig
1358 1637 451 198 såsom
1658 1637 451 198 egare
1909 1637 301 198 till

469 1815 332 158 den
658 1815 285 158 af
801 1815 427 158 enkan
1086 1815 475 158 Olsson
1418 1815 617 158 innehafde
1845 1815 475 158 bommuls¬-

448 1938 489 146 väfven
791 1938 441 146 under
1084 1938 538 146 uppgift
1476 1938 343 146 att
1672 1938 587 146 densamma
2063 1938 245 146 som

454 2027 316 216 vore
652 2027 316 216 värd
850 2027 237 216 19
968 2027 277 216 öre
1126 2027 356 216 alnen
1363 2027 277 216 den
1521 2027 237 216 23
1640 2027 356 216 sist.
1837 2027 435 216 September

467 2193 575 116 tillgripits
926 2193 230 116 ur
1041 2193 230 116 en
1156 2193 192 116 i
1233 2193 383 116 gården
1501 2193 306 116 till
1692 2193 345 116 huset
1922 2193 230 116 No
2037 2193 192 116 4
2075 2193 192 116 vid

463 2285 878 201 Magasinsqvarteret
1216 2285 460 201 upplagd
1550 2285 335 201 bal,
1759 2285 293 201 som
1885 2285 418 201 befunits

461 2428 355 172 vara
682 2428 754 172 sönderskuren,
1303 2428 399 172 enkan
1569 2428 488 172 Olsson,
1880 2428 399 172 hvilken

469 2530 373 233 denna
717 2530 290 233 dag
883 2530 580 233 frigifvits
1338 2530 331 233 från
1545 2530 704 233 cellfängelset
2083 2530 207 233 ef¬-

460 2667 283 217 ter
621 2667 526 217 utståndet
1026 2667 729 217 fängelsestraff
1633 2667 283 217 har
1755 2667 526 217 ytterligare

448 2815 364 228 hörd
675 2815 501 228 angånde
1039 2815 592 228 åtkomsten
1494 2815 364 228 till
1722 2815 319 228 den
1904 2815 273 228 af
1995 2815 319 228 henne

451 2933 564 246 innehafde
884 2933 737 246 bomulsväfven,
1491 2933 607 246 uppgifvit,
1968 2933 304 246 att
2098 2933 217 246 hon

467 3044 212 256 i
551 3044 425 256 början
849 3044 255 256 af
976 3044 382 256 sist.
1231 3044 552 256 September
1655 3044 382 256 månad
1910 3044 212 256 i
1952 3044 340 256 Stock¬-

465 3197 347 187 holm
682 3197 217 187 i
768 3197 260 187 en
899 3197 304 187 vid
1072 3197 825 187 Westerlånggatan
1767 3197 478 187 belägen
2071 3197 217 187 bu¬-

451 3367 297 200 tik
620 3367 297 200 för
790 3367 255 200 20
917 3367 297 200 öre
1087 3367 382 200 alnen
1342 3367 340 200 Köpt
1554 3367 722 200 bomulsväfven,
2106 3367 212 200 som

472 3505 486 177 utgjort
825 3505 265 177 60
958 3505 442 177 alnar,
1267 3505 309 177 och
1444 3505 309 177 har
1621 3505 398 177 enkan
1842 3505 353 177 Olsson

484 3586 401 241 gjord
751 3586 623 241 uppmärksam
1240 3586 401 241 derpå
1507 3586 312 241 att
1685 3586 312 241 hon
1863 3586 312 241 den
1997 3586 223 241 17.

478 3720 374 240 sist.
728 3720 541 240 September
1144 3720 250 240 då
1269 3720 291 240 hon
1435 3720 291 240 med
1601 3720 582 240 fångskjuts
2017 3720 250 240 hit¬

2632 172 464 218 Sändtes
2969 172 337 218 från
3180 172 591 218 Stockholm,
3644 172 337 218 icke
3855 172 506 218 innehaft
4193 172 295 218 någon

2629 333 546 190 bomulsväf,
3058 333 546 190 uppgifvit,
3487 333 273 190 att
3642 333 273 190 hon
3798 333 351 190 under
4032 333 273 190 sin
4149 333 312 190 viste¬-

2631 464 319 188 else
2831 464 200 188 i
2910 464 519 188 Stockholm
3310 464 319 188 till
3509 464 279 188 ett
3669 464 559 188 fruntimmer
4108 464 279 188 vid
4228 464 239 188 namn

2627 597 412 183 Anette
2915 597 454 183 Svenson
3245 597 206 183 i
3328 597 412 183 tjenst
3616 597 289 183 hos
3781 597 577 183 Godsegaren
4194 597 247 183 Hed¬-

2598 725 363 183 berg
2825 725 227 183 å
2916 725 500 183 Sågtorp
3279 725 227 183 i
3370 725 545 183 närheten
3779 725 273 183 af
3915 725 545 183 Stockhom
4279 725 136 183 i

2591 843 440 197 förvar
2899 843 440 197 lemnat
3207 843 440 197 väfen,
3515 843 352 197 samt
3736 843 308 197 att
3912 843 396 197 enkan
4132 843 352 197 Olsson

2622 992 370 183 efter
2868 992 288 183 det
3033 992 288 183 hon
3197 992 411 183 kommit
3485 992 288 183 hit
3649 992 329 183 till
3855 992 411 183 staden
4142 992 205 183 i
4183 992 247 183 bref

2627 1102 312 214 till
2822 1102 390 214 Anette
3095 1102 468 214 Svensson
3446 1102 312 214 bedt
3640 1102 351 214 denna
3874 1102 273 214 att
4030 1102 273 214 med
4147 1102 312 214 bantåg

2598 1265 533 191 hitsända
2997 1265 489 191 väfven,
3353 1265 489 191 hvilket
3708 1265 311 191 hon
3886 1265 311 191 ock
4020 1265 355 191 gjort.

2620 1395 690 232 Bomulsväfven
3181 1395 302 232 har
3353 1395 647 232 återlemnats
3871 1395 345 232 till
4044 1395 388 232 egaren.

2771 1556 282 254 På
2912 1556 423 254 grund
3194 1556 282 254 af
3335 1556 376 254 hvad
3570 1556 517 254 sålunda
3898 1556 564 254 förekommit

2613 1718 470 185 Kommer
2942 1718 423 185 Enkan
3224 1718 376 185 Anna
3459 1718 564 185 Kattrina
3881 1718 470 185 Olsson
4163 1718 235 185 att

2646 1874 411 228 denne
2921 1874 320 228 dag
3103 1874 320 228 för
3286 1874 731 228 Poliskammare
3835 1874 548 228 inställas.

3145 1993 488 251 Göteborg
3511 1993 285 251 den
3674 1993 244 251 21
3796 1993 488 251 November
4121 1993 285 251 1880.

4379 2028 277 165 No
4471 2028 231 165 244

2736 2214 415 158 Enkan
3012 2214 507 158 Johanna
3381 2214 461 158 Ström,
3703 2214 461 158 boende
4026 2214 230 158 i
4072 2214 322 158 huset

2639 2337 255 140 No
2766 2337 255 140 15
2893 2337 297 140 vid
3063 2337 806 140 Kapouniergatan,
3742 2337 297 140 har
3911 2337 509 140 Tisdagen
4251 2337 212 140 den

2624 2432 300 150 23
2774 2432 500 150 dennes
3124 2432 350 150 att
3324 2432 450 150 samma
3625 2432 350 150 dag
3825 2432 250 150 i
3925 2432 500 150 hennes
4225 2432 250 150 bo¬-

2633 2547 358 195 stad
2857 2547 358 195 från
3081 2547 403 195 henne
3350 2547 672 195 tillgripits
3888 2547 269 195 en
3977 2547 493 195 fjäderdy¬-

2636 2655 269 169 na,
2789 2655 307 169 värd
2981 2655 192 169 2
3058 2655 422 169 Kronor;
3365 2655 307 169 samt
3556 2655 269 169 att
3710 2655 269 169 hon
3863 2655 269 169 för
3978 2655 499 169 tillgreppet

2613 2777 753 122 misstänkte
3205 2777 269 122 i
3313 2777 484 122 samma
3636 2777 377 122 rum
3797 2777 646 122 inneboende

2616 2892 446 151 ogifta
2928 2892 579 151 Elisabeth
3374 2892 624 151 Andersson,
3864 2892 490 151 hvilken
4176 2892 223 151 be¬-

2601 3017 436 195 rörde
2891 3017 339 195 dag
3085 3017 629 195 aflägsnat
3569 3017 339 195 sig
3762 3017 387 195 från
3956 3017 532 195 bostaden.

2666 3142 469 183 Sedan
2979 3142 782 183 ifrågakomne
3604 3142 730 183 fjäderdyna
4125 3142 365 183 åter¬-

2652 3258 471 170 funnits
2995 3258 514 170 pantsatt
3380 3258 300 170 för
3552 3258 257 170 75
3680 3258 300 170 öre
3851 3258 300 170 hos
3980 3258 471 170 pantlåna¬-

2612 3349 336 211 dren
2822 3349 252 211 P.
2948 3349 252 211 J.
3074 3349 420 211 Osberg
3367 3349 210 211 i
3451 3349 378 211 huset
3703 3349 252 211 No
3829 3349 210 211 3
3913 3349 294 211 vid
4038 3349 420 211 Jerntor¬-

2634 3460 371 158 get,
2866 3460 418 158 hafva
3144 3460 1114 158 detektivkonstaplarne
4120 3460 279 158 J.
4212 3460 279 158 Boh¬-

2603 3586 323 168 lin
2787 3586 323 168 och
2972 3586 277 168 C.
3111 3586 600 168 Hellström
3572 3586 323 168 den
3757 3586 277 168 24
3895 3586 277 168 ds
4034 3586 323 168 för
4172 3586 277 168 det¬-

2594 3689 262 200 ta
2725 3689 568 200 tillgrepp
3162 3689 524 200 anhållit
3556 3689 655 200 ofvannämnda
4036 3689 481 200 Elisabeth
