4983 4052
421 227 521 155 konstapeln
830 227 223 155 V.
942 227 335 155 Bruun
1165 227 260 155 hos
1314 227 558 155 Pantlånaren
1760 227 223 155 C.
1872 227 223 155 H.
1946 227 372 155 Hallberg

450 333 163 178 i
516 333 293 178 huset
711 333 195 178 No
808 333 195 178 14
906 333 228 178 vid
1036 333 455 178 Husargatan
1394 333 455 178 återfunnit
1751 333 455 178 målsegaren
2076 333 228 178 Pers¬-

423 444 266 197 sons
589 444 400 197 stöflar,
889 444 433 197 pantsatte
1222 444 233 197 den
1355 444 166 197 5
1422 444 166 197 i
1488 444 300 197 samma
1688 444 300 197 månad
1888 444 233 197 för
2021 444 166 197 5
2054 444 300 197 Kronor.

574 556 619 176 Poliskonstapeln
1095 556 195 176 No
1193 556 195 176 12
1291 556 423 176 Dahlqvist
1617 556 228 176 har
1747 556 391 176 derefter
2007 556 326 176 Fredagen

436 677 221 178 den
563 677 190 178 26
658 677 316 178 dennes
879 677 190 178 kl
974 677 253 178 1.15
1132 677 253 178 e.m.
1291 677 380 178 anhållit
1575 677 221 178 för
1702 677 380 178 snatteri
1955 677 348 178 straffade

460 780 492 182 arbetskarlen
860 780 307 182 Anders
1075 780 369 182 Jonsson,
1352 780 338 182 hvilken
1598 780 184 182 är
1690 780 154 182 i
1752 780 307 182 saknad
1967 780 184 182 af
2028 780 277 182 bostad,

440 904 246 216 för
580 904 246 216 det
721 904 246 216 han
861 904 281 216 kort
1037 904 316 216 förut
1247 904 211 216 ur
1352 904 211 216 en
1458 904 316 216 invid
1633 904 667 216 Rosenlundsbazaren

392 1009 354 218 stående
649 1009 290 218 korg,
843 1009 419 218 tillhörig
1165 1009 354 218 hustrun
1422 1009 258 218 Anna
1583 1009 386 218 Hansson,
1873 1009 322 218 boende
2098 1009 161 218 i
2131 1009 225 218 huset

449 1128 203 204 No
551 1128 169 204 9
618 1128 236 204 vid
753 1128 507 204 Brunnsgatan
1159 1128 169 204 i
1226 1128 405 204 Annedahl
1530 1128 439 204 olofligen
1868 1128 473 204 tillgripit
2206 1128 135 204 en

472 1285 211 170 grå
592 1285 211 170 och
713 1285 391 170 hvitrutig
1014 1285 271 170 kofta
1194 1285 181 170 af
1285 1285 241 170 sits
1435 1285 211 170 och
1555 1285 181 170 en
1646 1285 331 170 blommig
1887 1285 361 170 sitsduk,
2127 1285 211 170 till¬-

452 1391 382 178 sammans
730 1391 312 178 värdt
938 1391 208 178 En
1042 1391 312 178 Krona
1250 1391 208 178 25
1320 1391 208 178 öre.

573 1460 310 210 Sedan
779 1460 757 210 detektivkonstapeln
1433 1460 206 210 J.
1536 1460 413 210 Rönnbäck
1845 1460 241 210 hos
1949 1460 378 210 Skepparen

483 1574 254 157 Olof
642 1574 445 157 Andersson,
991 1574 349 157 förande
1245 1574 318 157 Slupen
1468 1574 413 157 Charlotte
1785 1574 254 157 från
1912 1574 381 157 Uddevalla,

491 1702 202 196 nu
592 1702 404 196 liggande
895 1702 168 196 i
962 1702 303 196 Stora
1164 1702 505 196 Hamnkanalen
1568 1702 269 196 midt
1736 1702 236 196 för
1871 1702 370 196 museum,
2106 1702 236 196 åter¬-

433 1803 327 193 funnit
662 1803 458 193 Målsegaren
1023 1803 426 193 Mellgrens
1350 1803 524 193 skeppslampa,
1776 1803 360 193 hvarvid
2005 1803 360 193 Andersson

460 1931 438 212 uppgifvit,
804 1931 219 212 att
929 1931 219 212 han
1054 1931 219 212 den
1179 1931 188 212 24
1273 1931 313 212 dennes
1492 1931 188 212 af
1586 1931 344 212 Jonsson
1836 1931 156 212 i
1898 1931 250 212 köpt
2024 1931 281 212 ifråga¬-

464 2063 315 194 komne
674 2063 315 194 lampa
884 2063 245 194 för
1024 2063 210 194 En
1129 2063 350 194 Krona,
1374 2063 210 194 så
1480 2063 245 194 har
1620 2063 385 194 bemälde
1900 2063 385 194 Jonsson
2145 2063 175 194 vid

453 2168 237 211 det
589 2168 237 211 med
724 2168 305 211 honom
928 2168 169 211 i
995 2168 441 211 anledning
1334 2168 305 211 häraf
1537 2168 441 211 anställda
1876 2168 339 211 förhör
2080 2168 203 211 för¬-

478 2323 321 166 nekat,
703 2323 225 166 att
831 2323 225 166 han
960 2323 257 166 vore
1121 2323 225 166 sig
1249 2323 450 166 tillgripit
1603 2323 289 166 eller
1796 2323 386 166 pantsatt
2053 2323 257 166 målse¬-

455 2406 281 218 garen
642 2406 375 218 Perssons
923 2406 375 218 stöflar,
1204 2406 375 218 äfvensom
1485 2406 218 218 att
1610 2406 218 218 han
1734 2406 437 218 tillgripit
2047 2406 218 218 eller

467 2558 404 182 försålt
761 2558 514 182 Målsegaren
1164 2558 477 182 Mellgrens
1531 2558 367 182 lampa,
1788 2558 477 182 hvarjemte
2119 2558 183 182 han

450 2646 477 209 uppgifvit,
824 2646 238 209 att
961 2646 238 209 han
1097 2646 408 209 Fredagen
1403 2646 238 209 den
1539 2646 204 209 26
1641 2646 340 209 dennes
1880 2646 272 209 kort
2016 2646 238 209 innan

446 2769 230 216 han
578 2769 263 216 blef
742 2769 197 216 af
841 2769 592 216 Polisbetjening
1335 2769 428 216 anhållen,
1664 2769 165 216 å
1730 2769 461 216 Fisktorget
2059 2769 230 216 träf¬-

458 2929 238 193 fat
594 2929 204 193 en
696 2929 238 193 för
832 2929 306 193 honom
1036 2929 374 193 obekant
1308 2929 408 193 yngling,
1615 2929 204 193 af
1717 2929 374 193 hvilken
1989 2929 238 193 han
2091 2929 204 193 till

457 3025 368 205 skänks
715 3025 442 205 erhållit
1046 3025 515 205 Målsegaren
1451 3025 294 205 Anna
1635 3025 442 205 Hanssons
1929 3025 331 205 koftlif

477 3204 273 120 och
594 3204 390 120 sitsduk.

572 3201 732 249 Pantlånarebiträdet
1204 3201 333 249 August
1437 3201 399 249 Larsson,
1736 3201 399 249 anställd
2035 3201 233 249 hos
2135 3201 233 249 Pant¬-

455 3358 339 216 lånaren
702 3358 185 216 C.
795 3358 185 216 H.
887 3358 401 216 Hallberg,
1196 3358 216 216 för
1319 3358 339 216 hvilken
1566 3358 339 216 Jonsson
1813 3358 339 216 blifvit
2029 3358 309 216 utvisad,

451 3484 236 212 har
586 3484 404 212 upplyst,
889 3484 236 212 att
1024 3484 236 212 han
1159 3484 168 212 i
1226 3484 371 212 Jonsson
1496 3484 438 212 igenkände
1833 3484 236 212 den
1968 3484 371 212 person,
2204 3484 168 212 som

467 3653 229 160 hos
598 3653 392 160 Hallberg
892 3653 229 160 den
1023 3653 163 160 5
1088 3653 327 160 dennes
1317 3653 229 160 för
1447 3653 229 160 Fem
1578 3653 327 160 Kronor
1806 3653 392 160 pantsatt
2068 3653 261 160 målse¬

2599 195 302 182 garen
2801 195 402 182 Perssons
3102 195 402 182 stöflar;
3404 195 235 182 och
3538 195 235 182 har
3672 195 402 182 derjemte
3974 195 436 182 Skepparen
4276 195 201 182 Olof

2610 324 434 206 Andersson,
2951 324 279 206 sedan
3137 324 217 206 han
3261 324 248 206 fått
3416 324 186 206 se
3509 324 372 206 Jonsson,
3788 324 341 206 blifvit
4005 324 403 206 ytterligare

2612 450 293 216 hörd,
2808 450 326 216 dervid
3036 450 326 216 jemväl
3264 450 228 216 han
3394 450 423 216 förklarat
3720 450 228 216 sig
3850 450 163 216 i
3915 450 358 216 Jonsson
4143 450 358 216 igenkänna

2609 559 243 190 den
2748 559 312 190 karl,
2956 559 243 190 som
3095 559 278 190 till
3269 559 451 190 Andersson
3616 559 382 190 försålt
3893 559 243 190 den
3997 559 521 190 ifrågavarande

2528 758 465 149 lampan.

2749 789 238 197 På
2868 789 357 197 grund
3107 789 238 197 af
3226 789 318 197 hvad
3425 789 437 197 sålunda
3742 789 596 197 förekommit,
4179 789 318 197 kommer

2594 894 338 233 Anders
2831 894 372 233 Jonsson
3102 894 237 233 att
3237 894 304 233 denna
3440 894 237 233 dag
3575 894 237 233 för
3711 894 237 233 PKn
3812 894 406 233 inställas.

3027 1030 442 201 Göteborg
3359 1030 258 201 den
3506 1030 221 201 27
3617 1030 405 201 Novemb.
3875 1030 258 201 1880.

4451 1104 247 176 No
4533 1104 247 176 249.

4417 1260 258 103 Anna
4546 1260 323 103 Karolina

4403 1348 313 144 Karlsson.

2763 1143 915 176 DetektivPoliskonstapeln
3576 1143 203 176 C.
3678 1143 203 176 G.
3779 1143 339 176 Andrén
4017 1143 237 176 har
4118 1143 339 176 Lördagen

2623 1247 215 190 den
2746 1247 184 190 27
2838 1247 307 190 dennes
3053 1247 154 190 å
3115 1247 461 190 Kungstorget
3483 1247 369 190 anhållit
3760 1247 215 190 för
3882 1247 369 190 snatteri
4128 1247 338 190 straffade

2609 1380 372 142 hustrun
2880 1380 271 142 Anna
3049 1380 406 142 Karolina
3354 1380 440 142 Karlsson,
3692 1380 339 142 boende
3929 1380 169 142 i
3997 1380 305 142 huset
4200 1380 203 142 No
4302 1380 169 142 5
4336 1380 135 142 af

2623 1436 386 208 Majornas
2912 1436 225 208 4de
3041 1436 289 208 rote,
3233 1436 225 208 för
3362 1436 225 208 det
3490 1436 225 208 hon
3619 1436 321 208 nämnde
3844 1436 225 208 dag
3972 1436 225 208 vid
4069 1436 386 208 middagsti¬-

2608 1592 230 189 den
2739 1592 263 189 från
2904 1592 164 189 å
2969 1592 328 189 torget
3199 1592 361 189 stående
3462 1592 295 189 åkdon
3658 1592 460 189 tillgripit
4020 1592 263 189 dels
4184 1592 263 189 från
4315 1592 164 189 hu¬-

2613 1710 298 204 strun
2812 1710 398 204 Mathilda
3110 1710 398 204 Svensson
3408 1710 265 204 från
3574 1710 331 204 Skårby
3806 1710 166 204 i
3872 1710 265 204 Tölö
4038 1710 331 204 Socken
4270 1710 199 204 53
4336 1710 166 204 ort

2621 1826 292 238 grått
2815 1826 389 238 ullgarn,
3107 1826 292 238 värdt
3301 1826 162 238 1
3366 1826 292 238 Krona
3560 1826 194 238 10
3657 1826 259 238 öre,
3819 1826 259 238 från
3949 1826 486 238 Hemmansegaren

2622 1941 332 233 Magnus
2854 1941 432 233 Andersson
3186 1941 266 233 från
3353 1941 332 233 gården
3585 1941 199 233 No
3685 1941 199 233 11
3784 1941 332 233 Kullen
4017 1941 166 233 i
4083 1941 332 233 Fjärås
4283 1941 199 233 Soc¬-

2605 2049 243 174 ken
2744 2049 173 174 2
2813 2049 173 174 ℔
2883 2049 312 174 smör,
3091 2049 312 174 värdt
3299 2049 208 174 75
3403 2049 243 174 öre
3542 2049 173 174 ℔
3611 2049 243 174 och
3750 2049 277 174 från
3923 2049 486 174 Hemmasonen
4270 2049 208 174 Lars

2608 2175 306 214 Johan
2812 2175 442 214 Andersson
3152 2175 272 214 från
3322 2175 340 214 gården
3561 2175 408 214 Kappered
3867 2175 170 214 i
3935 2175 408 214 Berghems
4207 2175 272 214 socken

2618 2294 172 180 6
2686 2294 241 180 1/2
2824 2294 172 180 ℔
2893 2294 310 180 kött;
3100 2294 241 180 och
3238 2294 241 180 har
3376 2294 276 180 Anna
3548 2294 414 180 Karolina
3858 2294 414 180 Karlsson
4168 2294 241 180 vid
4272 2294 172 180 det

2617 2402 210 181 med
2737 2402 270 181 henne
2917 2402 389 181 anställda
3216 2402 300 181 förhör
3426 2402 359 181 vidgått,
3695 2402 210 181 att
3815 2402 270 181 sedan
3995 2402 210 181 hon
4115 2402 210 181 vid
4204 2402 270 181 ifråga¬-

2599 2520 359 171 varande
2860 2520 424 171 tillfälle
3187 2520 359 171 anländt
3448 2520 261 171 till
3611 2520 490 171 Kungstorget
4003 2520 163 171 i
4068 2520 326 171 afsigt
4264 2520 163 171 att

2610 2626 273 207 göra
2780 2626 341 207 uppköp
3019 2626 204 207 af
3121 2626 273 207 mat,
3291 2626 273 207 hon,
3462 2626 239 207 som
3598 2626 409 207 pantsatt
3905 2626 477 207 åtskilliga
4246 2626 204 207 sina

2612 2759 377 179 kläder,
2886 2759 411 179 beslutat
3194 2759 377 179 använda
3468 2759 206 179 de
3571 2759 445 179 penningar
3913 2759 240 179 hon
4050 2759 206 179 af
4153 2759 240 179 sin
4256 2759 171 179 man

2612 2851 237 234 för
2747 2851 372 234 berörde
3018 2851 372 234 ändamål
3288 2851 406 234 erhållit
3592 2851 270 234 till
3761 2851 372 234 utlösen
4032 2851 203 234 af
4099 2851 372 234 kläderna,

2599 2987 277 159 samt
2772 2987 242 159 att
2911 2987 242 159 hon
3049 2987 415 159 derefter
3360 2987 415 159 föröfvat
3671 2987 311 159 ofvan
3878 2987 484 159 omförmälde
4224 2987 242 159 till¬-

2562 3166 332 137 grepp.

2742 3173 481 206 Målsegarne
3120 3173 309 206 hafva
3326 3173 412 206 återfått
3635 3173 241 206 det
3772 3173 275 206 från
3944 3173 241 206 dem
4047 3173 447 206 tillgripna.

2738 3324 219 191 På
2847 3324 328 191 grund
3066 3324 219 191 af
3175 3324 292 191 hvad
3357 3324 401 191 sålunda
3649 3324 547 191 förekommit,
4086 3324 364 191 kommer
4305 3324 182 191 An¬-

2603 3418 205 196 na
2705 3418 411 196 Karolina
3014 3418 411 196 Karlsson
3322 3418 240 196 att
3459 3418 308 196 denna
3664 3418 240 196 dag
3801 3418 240 196 för
3938 3418 240 196 PKn
4041 3418 411 196 inställas.

3099 3528 468 164 Göteborg
3450 3528 273 164 den
3606 3528 234 164 29
3723 3528 468 164 November
4034 3528 273 164 1880.

4441 3569 282 124 No
4535 3569 282 124 250.

4418 3671 258 161 Maria
4562 3671 286 161 Josefina

4386 3772 318 136 Sandberg.

2746 3582 459 184 Följande
3090 3582 459 184 personer
3435 3582 345 184 hafva
3626 3582 345 184 anmält:

2600 3765 201 137 1o
2701 3765 670 137 Kalkarbeterskan,
3271 3765 335 137 ogifta
3505 3765 335 137 Olivia
3740 3765 469 137 Johansson,
4108 3765 335 137 boende
4309 3765 101 137 i
