5078 4065
517 203 468 187 svart
829 203 832 187 klädningstyg
1506 203 364 187 som
1714 203 364 187 han
1870 203 520 187 pantsatt

522 386 355 169 för
725 386 253 169 5
826 386 507 169 kronor
1181 386 253 169 å
1283 386 608 169 Majornas
1739 386 608 169 Pantlåne
2145 386 253 169 Ak¬-

504 478 620 189 tiebolags
981 478 477 189 kontor
1315 478 239 189 i
1411 478 429 189 huset
1697 478 286 189 No
1840 478 286 189 44
1983 478 334 189 vid
2126 478 239 189 Hu¬-

517 615 657 167 sargatan,
1023 615 405 167 samt
1276 615 354 167 att
1478 615 354 167 hon
1681 615 405 167 sålt
1883 615 455 167 pantse¬-

503 726 417 162 deln
764 726 365 162 för
972 726 261 162 3
1076 726 521 162 kronor
1442 726 417 162 till
1702 726 365 162 ett
1859 726 469 162 frutim¬-

501 847 374 154 mer
714 847 374 154 som
928 847 695 154 sedermera
1463 847 428 154 rest
1730 847 428 154 till
1943 847 428 154 Ameri¬-

412 996 378 126 ka.

696 981 726 232 Juweleraren
1277 981 581 232 Kjernås,
1712 981 339 232 och
1858 981 387 232 Handl.

518 1148 771 156 Lisktenberg
1134 1148 514 156 hvilka
1494 1148 257 156 i
1597 1148 668 156 anledning
2060 1148 308 156 här¬-

524 1270 288 170 af
668 1270 528 170 blifvit
1052 1270 432 170 hörda
1340 1270 432 170 hafva
1627 1270 624 170 vitsordat
2059 1270 288 170 rig¬-

505 1383 652 200 tigheten
993 1383 326 200 af
1156 1383 652 200 Mathilda
1591 1383 760 200 Bryngelssons

507 1512 709 203 uppgifter,
1064 1512 506 203 dervid
1419 1512 557 203 Kjernås
1774 1512 506 203 värderat

525 1631 687 204 guldringen
1065 1631 392 204 till
1310 1631 294 204 22
1457 1631 540 204 kronor,
1849 1631 343 204 och
1997 1631 343 204 Lick¬-

489 1780 616 169 tenberg
937 1780 953 169 klädningtyget
1722 1780 392 169 som
1890 1780 448 169 utlem¬-

485 1908 391 168 nats
730 1908 342 168 den
925 1908 294 168 30
1072 1908 489 168 sistl.
1415 1908 391 168 Mars
1659 1908 391 168 till
1904 1908 245 168 1
1953 1908 342 168 krona

497 2018 329 158 60
662 2018 438 158 örer
881 2018 438 158 alnen.

665 2063 885 248 Målsegarne
1360 2063 822 248 Hjulström
1929 2063 316 248 och

486 2214 636 226 Kjernås
949 2214 521 226 hafva
1296 2214 405 226 hos
1469 2214 810 226 vederbörande

485 2351 790 211 Pantlånare
1106 2351 565 211 utlöst
1444 2351 847 211 ifrågavarande

480 2507 429 167 dem
725 2507 859 167 tillhöriga
1339 2507 429 167 gods.

612 2617 307 173 På
765 2617 460 173 grund
1072 2617 307 173 af
1226 2617 409 173 hvad
1481 2617 563 173 sålunda
1839 2617 512 173 förekom¬-

483 2730 439 140 mit
734 2730 565 140 komer
1111 2730 753 140 Mathilda
1613 2730 690 140 Bryngels¬-

488 2838 393 193 son
712 2838 393 193 att
937 2838 505 193 denna
1273 2838 393 193 dag
1498 2838 393 193 för
1666 2838 617 193 Poliskam¬-

488 2950 500 157 maren
766 2950 667 157 inställas.

990 3017 575 214 Göteborg
1421 3017 335 214 den
1613 3017 288 214 15
1757 3017 383 214 Now.
1949 3017 335 214 1880.

51 3214 324 156 No
159 3214 270 156 237

62 3330 416 175 Claes.
312 3330 208 175 Jo¬-

0 3423 453 198 hansson

568 3137 684 231 Följande
1081 3137 684 231 personer
1594 3137 513 231 hafva
1879 3137 456 231 anmält

541 3278 348 173 1o
715 3278 927 173 Månadskarlen
1468 3278 463 173 Sven
1700 3278 521 173 Nilsson

482 3402 509 174 boende
838 3402 254 174 i
940 3402 458 174 huset
1245 3402 305 174 No
1398 3402 254 174 4
1500 3402 356 174 vid
1703 3402 458 174 Stora
1958 3402 356 174 Alle¬-

473 3494 526 211 gatan,
841 3494 368 211 och
1052 3494 578 211 anstäld
1472 3494 368 211 hos
1630 3494 683 211 Grosshandl.

477 3629 330 197 D.
642 3629 330 197 E.
807 3629 660 197 Sandberg
1302 3629 275 197 i
1412 3629 495 197 huset
1742 3629 330 197 No
1907 3629 330 197 14
2017 3629 275 197 vid

2635 223 584 227 Westra
3043 223 818 227 Hamngatan,
3686 223 409 227 att
3861 223 584 227 Tisdagen

2645 409 331 143 den
2834 409 284 143 19
2976 409 473 143 sistl.
3307 409 521 143 Oktober
3686 409 237 143 i
3780 409 331 143 ett
3970 409 426 143 olåst
4206 409 237 143 rum

2622 496 267 186 i
2728 496 641 186 bostaden
3209 496 427 186 från
3476 496 481 186 honom
3743 496 694 186 tillgripits

2630 625 604 217 följande
3083 625 655 217 persedlar
3587 625 655 217 nemligen,
4090 625 302 217 en
4191 625 302 217 brun

2634 743 714 214 skinntröja
3195 743 357 214 med
3399 743 408 214 rödt
3655 743 663 214 yllefoder
4114 743 306 214 värd

2632 885 308 194 12
2786 885 565 194 kronor,
3197 885 308 194 en
3351 885 411 194 väst
3608 885 308 194 af
3762 885 360 194 grå
3917 885 565 194 smånoppig

2630 943 440 232 velur
2923 943 391 232 värd
3168 943 244 232 1
3266 943 440 232 krona
3559 943 293 232 50
3706 943 391 232 öre,
3950 943 293 232 en
4048 943 440 232 lifrock

2650 1097 291 268 af
2796 1097 437 268 blått
3087 1097 631 268 tricottyg
3573 1097 340 268 med
3767 1097 437 268 svart
4009 1097 437 268 klotfo¬-

2641 1235 391 221 der,
2886 1235 391 221 värd
3130 1235 245 221 5
3228 1235 538 221 kronor,
3619 1235 294 221 en
3766 1235 391 221 väst
4011 1235 294 221 af
4109 1235 342 221 samma

2636 1363 458 237 slags
2941 1363 356 237 tyg
3145 1363 356 237 som
3348 1363 559 237 rocken,
3755 1363 407 237 värd
4009 1363 254 237 1
4060 1363 356 237 krona

2638 1489 287 194 50
2782 1489 383 194 öre,
3021 1489 335 194 ett
3212 1489 335 194 par
3404 1489 431 194 byxor
3691 1489 287 194 af
3834 1489 431 194 brunt
4073 1489 431 194 randigt

2638 1642 697 164 mollskinn,
3186 1642 448 164 värde
3485 1642 249 164 2
3584 1642 548 164 kronor;
3933 1642 249 164 och

2663 1761 314 179 2o
2820 1761 785 179 Studeranden
3448 1761 524 179 Gustaf
3762 1761 576 179 Johansson

2650 1868 481 209 boende
2986 1868 240 209 i
3083 1868 433 209 huset
3371 1868 385 209 Litt
3612 1868 288 209 K.
3756 1868 337 209 vid
3900 1868 577 209 Getebergs¬-

2655 1996 424 255 angen
2938 1996 236 255 i
3032 1996 518 255 stadens
3409 1996 283 255 15
3550 1996 424 255 rote,
3833 1996 330 255 att
3975 1996 471 255 Tisdagen

2660 2124 346 208 den
2857 2124 247 208 9
2956 2124 297 208 ds
3105 2124 247 208 i
3203 2124 297 208 en
3352 2124 445 208 olåst
3648 2124 494 208 tambur
3994 2124 247 208 i
4044 2124 346 208 huset

2648 2256 318 205 No
2807 2256 318 205 20
2966 2256 371 205 vid
3177 2256 529 205 Westra
3548 2256 741 205 Hamngatan,
4077 2256 318 205 från

2634 2365 446 244 honom
2932 2365 743 244 tillgripits
3526 2365 297 244 en
3625 2365 842 244 vinteröfverrock

2635 2507 315 241 af
2792 2507 367 241 blå
3002 2507 682 241 smånoppig
3526 2507 577 241 doffel,
3946 2507 367 241 med
4103 2507 367 241 svart

2644 2635 672 237 yllefoder
3162 2635 414 237 värd
3420 2635 310 237 25
3575 2635 569 237 kronor,
3989 2635 466 237 jemte
4248 2635 155 237 i

2647 2707 461 237 rocken
2969 2707 461 237 fickor
3292 2707 599 237 förvarade
3753 2707 230 237 3
3845 2707 323 237 st.
3983 2707 507 237 handskar,

2660 2848 329 234 ett
2848 2848 894 234 insträdestecken
3601 2848 376 234 till
3789 2848 706 234 skridskoklub¬-

2664 2976 426 206 ben,
2930 2976 373 206 och
3143 2976 319 206 en
3249 2976 905 206 tändstickslåda.

2784 3110 440 204 Sedan
3077 3110 293 204 af
3224 3110 293 204 de
3370 3110 684 204 tillgripne
3859 3110 635 204 persedlarne

2668 3194 617 242 Nilssons
3130 3194 719 242 skinntröja
3695 3194 360 242 och
3849 3194 617 242 Johanssons

2661 3304 618 241 öfverrock
3137 3304 428 241 jemte
3422 3304 238 241 i
3517 3304 380 241 dess
3754 3304 333 241 ena
3944 3304 428 241 ficka
4182 3304 285 241 för¬-

2637 3456 575 191 varade
3039 3456 345 191 en
3211 3456 632 191 handske
3671 3456 402 191 och
3843 3456 632 191 förenämda

2668 3565 918 187 inträdesticken,
3440 3565 724 187 återfunnits
3972 3565 531 187 pantsatte

2670 3697 798 205 skinntröjan
3308 3697 373 205 den
3521 3697 319 205 19
3681 3697 479 205 sist.
3947 3697 479 205 Oktober
