4982 4047
491 301 236 96 3
585 301 472 96 kronor
916 301 236 96 å
1010 301 566 96 Majornas
1435 301 566 96 Pantlåne
1812 301 472 96 Aktiebo¬-

503 405 362 118 lags
729 405 452 118 kontor
1046 405 226 118 i
1136 405 407 118 huset
1407 405 271 118 No
1543 405 271 118 38
1679 405 317 118 vid
1860 405 407 118 Breda
2086 405 226 118 Vä¬-

445 531 233 84 gen

641 573 224 132 I
731 573 581 132 anledning
1178 573 403 132 häraf
1446 573 313 132 har
1580 573 716 132 Polisöfverkon¬-

512 694 467 118 staplen
851 694 255 118 E.
979 694 425 118 Haedge
1276 694 297 118 den
1445 694 255 118 18
1573 694 425 118 dennes
1870 694 255 118 på
1955 694 297 118 afto¬-

494 802 334 120 nen
685 802 572 120 anhållit
1114 802 667 120 ofvannämda
1638 802 381 120 Mina
1829 802 429 120 Anders¬-

494 907 338 114 son
687 907 531 114 hvilken
1073 907 338 114 vid
1266 907 338 114 det
1459 907 338 114 med
1652 907 434 114 henne
1894 907 434 114 anstäl¬-

507 1027 269 100 de
642 1027 448 100 förhör
955 1027 582 100 uppgifvit
1403 1027 314 100 att
1582 1027 314 100 hon
1762 1027 538 100 Tisdagen
2120 1027 224 100 den

490 1149 262 106 13
621 1149 436 106 dennes
926 1149 262 106 på
1057 1149 480 106 aftonen
1406 1149 218 106 å
1493 1149 611 106 Jerntorget
1930 1149 392 106 samman¬-

490 1269 533 106 träffat
877 1269 339 106 med
1071 1269 484 106 Olsson
1410 1269 533 106 hvilken
1798 1269 484 106 bjudit
2088 1269 194 106 på

505 1373 428 110 åkning
805 1373 214 110 i
890 1373 257 110 en
1019 1373 471 110 droska,
1361 1373 300 110 att
1533 1373 257 110 de
1661 1373 385 110 efter
1918 1373 300 110 att
2046 1373 300 110 hafva

502 1497 305 99 åkt
677 1497 348 99 till
894 1497 870 99 Bolagsvärdshuset
1634 1497 261 99 No
1764 1497 218 99 4
1851 1497 305 99 vid
1982 1497 348 99 Stamp¬-

517 1601 433 107 gatan,
820 1601 519 107 derifrån
1209 1601 389 107 farit
1469 1601 346 107 till
1685 1601 606 107 Anderssons
2118 1601 216 107 bo¬-

483 1709 408 112 stad,
755 1709 499 112 hvarest
1118 1709 454 112 Olsson
1436 1709 318 112 som
1617 1709 227 112 i
1708 1709 545 112 förskått
2071 1709 227 112 be¬-

495 1841 357 102 talt
718 1841 580 102 körlegan,
1165 1841 268 102 då
1298 1841 312 102 han
1477 1841 446 102 stigit
1789 1841 268 102 ur
1878 1841 402 102 droskan

495 1961 432 100 saknat
797 1961 302 100 sin
970 1961 691 100 portmonnaie,
1531 1961 302 100 att
1704 1961 259 100 en
1790 1961 518 100 mansperson

479 2079 345 99 som
676 2079 444 99 jemte
972 2079 493 99 kusken
1317 2079 493 99 suttit
1663 2079 247 99 å
1712 2079 592 99 kuskbocken

480 2201 289 101 då
624 2201 530 101 skyndat
1010 2201 385 101 fram
1251 2201 385 101 till
1491 2201 530 101 droskan
1877 2201 337 101 för
2021 2201 241 101 att

487 2315 490 103 efterse
844 2315 267 103 om
978 2315 446 103 Olsson
1289 2315 579 103 derstädes
1735 2315 446 103 tappat
2002 2315 312 103 port¬-

481 2424 641 104 monnaien,
974 2424 395 104 samt
1221 2424 345 104 att
1418 2424 740 104 ifrågakomne
1961 2424 345 104 mans¬-

485 2530 495 94 person,
845 2530 630 94 antagligen
1340 2530 225 94 i
1430 2530 495 94 droskan
1745 2530 495 94 påträffat

488 2643 319 94 och
671 2643 501 94 stoppat
1035 2643 365 94 till
1263 2643 319 94 sig
1446 2643 501 94 Olssons
1765 2643 547 94 portmonna¬-

470 2769 310 90 ie,
647 2769 310 90 som
824 2769 310 90 hon
1001 2769 354 90 icke
1178 2769 576 90 tillgripit.

614 2895 807 85 Droskkusken
1260 2895 538 85 Anders
1636 2895 592 85 Hansson
2013 2895 269 85 som

506 2999 293 95 kör
674 2999 461 95 droskan
1009 2999 251 95 No
1135 2999 210 95 5
1218 2999 293 95 och
1386 2999 251 95 är
1512 2999 461 95 anstäld
1847 2999 293 95 hos
1973 2999 335 95 Drosk¬-

483 3119 433 96 egaren
786 3119 260 96 C.
915 3119 260 96 M.
1045 3119 562 96 Andersson
1478 3119 216 96 i
1564 3119 389 96 huset
1824 3119 260 96 No
1953 3119 260 96 39
2040 3119 216 96 vid

467 3235 280 100 1a
607 3235 606 100 Långgatan
1074 3235 326 100 har
1260 3235 560 100 upplyst,
1680 3235 326 100 att
1866 3235 326 100 han
2006 3235 280 100 Tis¬-

479 3353 402 102 dagen
748 3353 313 102 den
926 3353 268 102 13
1061 3353 447 102 dennes
1374 3353 268 102 på
1508 3353 492 102 aftonen
1866 3353 358 102 kört
2044 3353 224 102 för

476 3481 501 96 Olsson,
841 3481 319 96 och
1023 3481 638 96 Andersson,
1524 3481 319 96 att
1706 3481 273 96 då
1843 3481 273 96 de
1934 3481 364 96 kommit

475 3585 285 96 på
617 3585 807 96 Kapuniergatan
1282 3585 237 96 i
1377 3585 570 96 närheten
1804 3585 285 96 af
1899 3585 427 96 Anders¬-

468 3690 384 109 sons
708 3690 479 109 bostad
1043 3690 336 109 hon
1235 3690 432 109 under
1523 3690 527 109 uppgift
1906 3690 336 109 att
2050 3690 240 109 hon

2599 271 515 88 förlorat
2985 271 300 88 sin
3157 271 687 88 portmonnaie,
3715 271 429 88 stigit
4016 271 258 88 ur
4102 271 300 88 dros¬-

2600 378 354 102 kan,
2821 378 309 102 att
2998 378 265 102 då
3130 378 442 102 Olsson
3440 378 398 102 velat
3705 378 398 102 följa
3970 378 398 102 henne
4191 378 177 102 in

2575 480 247 112 i
2673 480 642 112 bostaden,
3167 480 346 112 hon
3365 480 445 112 stött
3661 480 445 112 honom
3908 480 494 112 tillbaka

2597 609 616 109 hvarefter
3071 609 474 109 Olsson
3403 609 474 109 saknat
3735 609 332 109 sin
3877 609 569 109 portmonaie

2604 733 384 113 samt
2844 733 336 113 att
3036 733 336 113 den
3229 733 481 113 person
3565 733 336 113 som
3757 733 432 113 jemte
3998 733 432 113 Hansson

2603 839 329 121 åkt
2791 839 282 121 på
2932 839 659 121 kuskbocken
3450 839 376 121 icke
3685 839 471 121 kunnat
3967 839 471 121 föröfvat

2596 965 694 115 tillgreppet
3151 965 370 115 enär
3382 965 509 115 Hansson
3752 965 416 115 varit
4030 965 370 115 den,
4215 965 231 115 som

2585 1093 245 103 i
2683 1093 539 103 droskan
3075 1093 392 103 sökt
3320 1093 441 103 efter
3613 1093 539 103 Olssons
3956 1093 490 103 portmon¬-

2518 1224 442 86 naie.

2675 1306 331 111 Det
2864 1306 473 111 skulle
3195 1306 331 111 här
3384 1306 615 111 antecknas
3858 1306 331 111 att
3999 1306 379 111 Polis¬-

2597 1402 562 121 kammaren
3019 1402 328 121 den
3206 1402 281 121 27
3347 1402 562 121 Februari
3769 1402 609 121 sistlidet
4191 1402 187 121 år

2594 1511 383 137 till
2834 1511 383 137 R.Rn
3073 1511 718 137 öfverlemnat
3648 1511 335 137 den
3839 1511 479 137 vidare
4127 1511 287 137 ran¬-

2589 1621 663 141 sakningen
3099 1621 612 141 angående
3557 1621 408 141 Mina
3761 1621 561 141 Andersson

2589 1736 327 140 för
2776 1736 420 140 annat
3056 1736 280 140 af
3196 1736 420 140 henne
3476 1736 560 140 föröfvat
3850 1736 560 140 tillgrepp.

2692 1837 299 146 På
2842 1837 448 146 grund
3141 1837 299 146 af
3290 1837 399 146 hvad
3539 1837 548 146 sålunda
3888 1837 498 146 förekom¬-

2593 1944 359 150 mit
2798 1944 513 150 kommer
3157 1944 410 150 Mina
3413 1944 666 150 Andersson
3925 1944 359 150 att
4079 1944 359 150 denna

2603 2050 343 158 dag
2799 2050 343 158 för
2995 2050 832 158 Poliskammaren
3631 2050 587 158 inställas.

3053 2153 585 139 Göteborg
3492 2153 341 139 den
3687 2153 292 139 19
3833 2153 439 139 April
4077 2153 341 139 1880.

4435 2221 245 86 No
4517 2221 163 86 91

4434 2357 223 69 Carl
4573 2357 279 69 Edvard
4741 2357 139 69 An¬-

4452 2441 183 67 dersson.

2739 2299 294 123 Efter
2936 2299 458 123 angifvelse
3296 2299 196 123 af
3394 2299 589 123 Mjölhandlanden
3884 2299 327 123 Alfred
4081 2299 327 123 Larsson,

2611 2399 326 157 boende
2840 2399 163 157 i
2905 2399 294 157 huset
3101 2399 196 157 No
3199 2399 196 157 15
3297 2399 228 157 vid
3427 2399 522 157 Köpmangatan,
3851 2399 228 157 har
3949 2399 457 157 Poliskonsta¬-

2611 2510 249 154 peln
2766 2510 187 154 No
2860 2510 187 154 44
2953 2510 404 154 Johansson
3264 2510 373 154 tisdagen
3544 2510 218 154 den
3668 2510 187 154 20
3762 2510 311 154 dennes
3979 2510 218 154 kl.
4104 2510 156 154 2
4166 2510 249 154 e.m.
4290 2510 156 154 an¬-

2608 2625 317 152 hållit
2830 2625 508 152 arbetskarlen
3243 2625 254 152 Carl
3401 2625 317 152 Edvard
3623 2625 444 152 Andersson,
3972 2625 317 152 boende
4194 2625 159 152 i
4226 2625 222 152 huset

2618 2741 181 138 No
2708 2741 181 138 13
2799 2741 241 138 Litt
2950 2741 241 138 F.F.
3101 2741 151 138 i
3161 2741 453 138 Redbergslid
3523 2741 211 138 för
3644 2741 211 138 det
3764 2741 211 138 han
3885 2741 241 138 kort
4036 2741 272 138 förut
4187 2741 241 138 skulle

2589 2849 283 157 hafva
2777 2849 251 157 från
2934 2849 346 157 Larsson
3185 2849 440 157 tillgripit
3531 2849 188 157 en
3625 2849 157 157 i
3688 2849 314 157 dennes
3908 2849 408 157 rockficka
4191 2849 251 157 förva¬-

2594 2963 236 155 rad
2729 2963 707 155 skinnportmonnaie,
3335 2963 539 155 innehållande
3772 2963 370 155 omkring
4042 2963 202 155 10
4109 2963 303 155 Kronor,

2581 3097 450 121 bestående
2928 3097 208 121 af
3031 3097 381 121 silfver
3308 3097 242 121 och
3412 3097 450 121 kopparmynt.

2721 3193 440 119 Andersson,
3066 3193 345 119 hvilken
3317 3193 220 119 vid
3443 3193 471 119 anhållandet
3820 3193 283 119 bland
4008 3193 283 119 annat
4165 3193 283 119 inneha¬-

2617 3303 183 145 de
2709 3303 366 145 Larssons
2984 3303 488 145 portmonnaie,
3380 3303 214 145 som
3502 3303 183 145 då
3594 3303 305 145 endast
3807 3303 366 145 innehöll
4082 3303 183 145 13
4173 3303 244 145 öre,
4295 3303 153 145 har

2605 3431 218 121 vid
2730 3431 218 121 det
2854 3431 218 121 med
2979 3431 281 121 honom
3166 3431 156 121 i
3229 3431 406 121 anledning
3541 3431 281 121 häraf
3728 3431 406 121 anställda
4040 3431 312 121 förhör
4227 3431 187 121 upp¬-

2610 3539 327 127 gifvit,
2848 3539 208 127 att
2967 3539 208 127 han
3086 3539 267 127 jemte
3264 3539 683 127 Brädgårdsarbetarene
3858 3539 267 127 Elias
4036 3539 356 127 Larsson,
4303 3539 208 127 bo¬

2600 3662 257 105 ende
2760 3662 160 105 i
2824 3662 289 105 huset
3017 3662 192 105 No
3113 3662 192 105 19
3209 3662 160 105 i
3273 3662 385 105 Majornas
3562 3662 225 105 6te
3690 3662 257 105 rote
3851 3662 225 105 och
3979 3662 257 105 Carl
4107 3662 321 105 Svensson
