5093 4046
503 93 597 217 Krogslätt
963 93 230 217 i
1054 93 551 217 Öregryte
1468 93 505 217 socken,
1836 93 322 217 har
1973 93 460 217 Söndagen

483 233 354 214 den
685 233 303 214 17
836 233 505 214 dennes
1190 233 505 214 anmält
1543 233 354 214 att
1695 233 758 214 derförutgång¬-

485 432 293 147 ne
632 432 342 147 dag
827 432 293 147 på
973 432 390 147 e.m.
1217 432 293 147 ur
1364 432 293 147 en
1510 432 439 147 olåst
1803 432 586 147 gaderob,
2194 432 146 147 i

489 521 406 132 hans
743 521 711 132 boningsrum
1302 521 610 132 hvartill
1759 521 508 132 dörren
2064 521 356 132 varit

497 633 414 192 låst,
773 633 691 192 tillgripits
1326 633 322 192 ett
1510 633 322 192 par
1694 633 414 192 byxor
1971 633 276 192 af
2063 633 322 192 grått

488 755 352 200 tyg
689 755 453 200 värde
991 755 352 200 fem
1193 755 554 200 kronor,
1595 755 352 200 och
1797 755 352 200 ett
1998 755 352 200 par
2149 755 252 200 dy¬-

484 871 402 212 like
735 871 301 212 af
885 871 703 212 grårandigt
1438 871 351 212 tyg
1639 871 351 212 med
1789 871 653 212 vidhängande

469 1000 780 188 byxhängslen
1093 1000 468 188 värde
1405 1000 260 188 8
1508 1000 572 188 kronor,
1924 1000 416 188 samt
2132 1000 260 188 att

466 1120 366 182 han
675 1120 366 182 för
884 1120 471 182 detta
1199 1120 681 182 tillgrepp
1670 1120 628 182 misstänkte

447 1249 338 144 en
616 1249 619 144 obekant
1066 1249 450 144 karl
1347 1249 394 144 som
1572 1249 338 144 på
1741 1249 281 144 f
1853 1249 281 144 m
1910 1249 506 144 inneva¬-

465 1369 369 152 rit
676 1369 264 152 i
782 1369 422 152 hans
993 1369 475 152 bostad.

629 1515 257 141 I
731 1515 668 141 anledning
1245 1515 463 141 häraf
1554 1515 463 141 hafva
1811 1515 565 141 Detektiv¬-

487 1588 963 192 poliskonstaplarne
1313 1588 275 192 V.
1450 1588 459 192 Bruun,
1771 1588 321 192 och
1954 1588 275 192 J.
2046 1588 367 192 Bohlin

478 1747 314 106 den
657 1747 269 106 19
792 1747 448 106 dennes
1106 1747 314 106 för
1285 1747 403 106 detta
1554 1747 583 106 tillgrepp
1957 1747 448 106 anhållit

479 1789 433 193 förre
768 1789 818 193 Artilleristen
1441 1789 385 193 Carl
1682 1789 481 193 Alfred
1971 1789 433 193 Anders¬-

474 1920 347 161 son
672 1920 693 161 Sjöstrand,
1216 1920 495 161 boende
1563 1920 248 161 i
1612 1920 792 161 Werkstadsarbe¬-

485 2033 386 201 tare
726 2033 579 201 Larssons
1160 2033 337 201 hus
1353 2033 241 201 å
1449 2033 434 201 Burås
1738 2033 241 201 i
1786 2033 579 201 Galgkrogs¬-

458 2173 606 157 bergen,
899 2173 606 157 hvilken
1339 2173 386 157 vid
1560 2173 386 157 det
1780 2173 386 157 med
1945 2173 386 157 honom

460 2256 619 199 anstälda
924 2256 516 199 förhör
1285 2256 722 199 uppgifvit,
1853 2256 361 199 att
2007 2256 258 199 han

473 2374 606 187 Lördagen
928 2374 354 187 den
1130 2374 303 187 16
1282 2374 505 187 dennes
1635 2374 505 187 ingått
1989 2374 253 187 i
2039 2374 354 187 måls¬-

462 2479 541 205 egarens
855 2479 738 205 boningsrum,
1446 2479 344 205 att
1642 2479 344 205 han
1839 2479 295 205 ej
1987 2479 344 205 kan
2134 2479 246 205 på¬-

439 2624 444 144 minna
735 2624 345 144 sig
932 2624 592 144 huruvida
1376 2624 493 144 dörren
1721 2624 395 144 till
1918 2624 444 144 detsam¬-

452 2734 307 179 ma
605 2734 460 179 varit
912 2734 460 179 låst,
1219 2734 460 179 eller
1525 2734 307 179 om
1679 2734 562 179 nyckeln
2036 2734 307 179 lem¬-

439 2831 364 209 nats
667 2831 364 209 qvar
895 2831 228 209 i
986 2831 638 209 dörrlåset,
1487 2831 319 209 att
1669 2831 273 209 då
1806 2831 410 209 ingen
2033 2831 319 209 inne¬-

453 2958 443 210 varit
748 2958 246 210 i
847 2958 493 210 rummet
1192 2958 345 210 han
1389 2958 296 210 ur
1537 2958 296 210 en
1684 2958 443 210 olåst
1931 2958 443 210 gaderob

460 3127 613 136 derstädes,
942 3127 613 136 tillgripit
1423 3127 306 136 två
1598 3127 306 136 par
1773 3127 438 136 byxor,
2036 3127 350 136 hvilka

443 3205 338 169 han
636 3205 483 169 genast
974 3205 579 169 försålt,
1409 3205 386 169 till
1650 3205 338 169 två
1843 3205 338 169 för
1988 3205 338 169 honom

447 3323 632 154 obekanta
921 3323 843 154 manspersoner
1606 3323 421 154 till
1870 3323 421 154 pris
2081 3323 263 154 som

442 3439 336 196 han
634 3439 384 196 enär
874 3439 336 196 han
1066 3439 336 196 vid
1258 3439 672 196 tillfället
1786 3439 432 196 varit
2026 3439 336 196 druc¬-

452 3581 392 171 ken,
697 3581 294 171 ej
844 3581 343 171 kan
1041 3581 540 171 påminna
1433 3581 392 171 sig,
1678 3581 392 171 samt
1924 3581 343 171 att
2071 3581 245 171 han

430 3687 574 193 användt
847 3687 313 193 de
1003 3687 365 193 vid
1212 3687 782 193 försälgning
1786 3687 521 193 erhållna

2553 164 517 215 penningarne
2966 164 276 215 till
3104 164 414 215 förtäring.

2661 255 208 249 På
2765 255 312 249 grund
2973 255 208 249 af
3077 255 277 249 hvad
3250 255 381 249 sålunda
3528 255 520 249 förekommit,
3944 255 347 249 kommer
4186 255 277 249 Carl
4325 255 173 249 Al¬-

2554 371 265 232 fred
2719 371 430 232 Andersson
3050 371 430 232 Sjöstrand
3381 371 232 232 att
3513 371 298 232 denna
3712 371 232 232 dag
3844 371 232 232 för
3977 371 232 232 PKn
4076 371 397 232 inställas.

2981 498 422 199 Göteborg
3297 498 246 199 den
3438 498 211 199 19
3544 498 387 199 Oktober
3790 498 246 199 1880.

4490 548 279 115 No
4584 548 279 115 224.

4478 681 213 85 Carl
4612 681 266 85 August
4771 681 187 85 Blan-

4455 748 285 161 kenfjell.

2648 604 184 169 På
2740 604 337 169 anmodan
2985 604 184 169 af
3077 604 306 169 ogifta
3292 604 245 169 Anna
3445 604 398 169 Charlotta
3751 604 460 169 Gustafsson,
4119 604 153 169 i
4180 604 306 169 tjenst
4364 604 153 169 hos

2567 714 536 181 Handelsagenten
3014 714 179 181 G.
3103 714 387 181 Rubenson,
3401 714 298 181 boende
3610 714 149 181 i
3670 714 268 181 huset
3848 714 179 181 No
3938 714 179 181 56
4027 714 209 181 vid
4116 714 358 181 Drottning¬-

2571 806 285 247 gatan,
2770 806 200 247 har
2884 806 428 247 Pkonstapeln
3226 806 171 247 No
3312 806 171 247 21
3397 806 342 247 Lundgren
3654 806 342 247 Onsdagen
3910 806 200 247 den
4024 806 171 247 20
4110 806 171 247 ds
4195 806 200 247 kl.
4281 806 200 247 10,30

2551 959 241 220 f.m.
2701 959 361 220 anhållit
2972 959 482 220 arbetskarlen
3364 959 241 220 Carl
3514 959 301 220 August
3725 959 512 220 Blankenfjell,
4147 959 301 220 boende
4357 959 151 220 i
4387 959 151 220 hu¬-

2545 1063 213 203 set
2666 1063 183 203 No
2758 1063 152 203 7
2819 1063 213 203 vid
2941 1063 457 203 Bergsgatan,
3307 1063 213 203 för
3429 1063 213 203 det
3551 1063 213 203 han
3673 1063 244 203 kort
3825 1063 274 203 förut
4008 1063 152 203 å
4069 1063 427 203 Fisktorget
4374 1063 122 203 ur

2576 1189 465 238 Gustafssons
2948 1189 403 238 kappficka
3259 1189 434 238 tillgripit
3600 1189 186 238 en
3693 1189 465 238 portmonnaie
4066 1189 186 238 af
4159 1189 279 238 brunt
4314 1189 217 238 skinn

2582 1357 478 151 innehållande
2970 1357 179 151 13
3060 1357 299 151 Kronor
3269 1357 179 151 69
3329 1357 179 151 öre.

2694 1411 563 238 Blankenfjell,
3158 1411 365 238 hvilken
3423 1411 232 238 vid
3556 1411 497 238 anhållandet
3953 1411 398 238 innehade
4252 1411 232 238 den
4351 1411 199 238 från

2585 1501 465 273 Gustafsson
2950 1501 465 273 tillgripne
3315 1501 565 273 portmonnaien,
3780 1501 232 273 har
3913 1501 232 273 vid
4046 1501 232 273 det
4179 1501 232 273 med
4279 1501 232 273 honom

2598 1681 147 195 i
2656 1681 382 195 anledning
2950 1681 264 195 häraf
3126 1681 382 195 anställda
3420 1681 294 195 förhör
3626 1681 323 195 erkänt,
3861 1681 206 195 att
3978 1681 235 195 han,
4125 1681 206 195 som
4242 1681 264 195 under
4389 1681 147 195 in¬-

2598 1805 396 187 nevarande
2902 1805 274 187 vecka
3085 1805 244 187 icke
3238 1805 244 187 haft
3390 1805 274 187 någon
3573 1805 579 187 sysselsättning,
4060 1805 366 187 onsdagen
4335 1805 213 187 den
4426 1805 122 187 20

2593 1908 310 210 dennes
2810 1908 186 210 på
2903 1908 248 210 f.m.
3058 1908 217 210 vid
3182 1908 217 210 det
3306 1908 217 210 han
3430 1908 155 210 å
3492 1908 434 210 Fisktorget
3834 1908 248 210 gått
3989 1908 279 210 förbi
4144 1908 403 210 målsegaren,

2606 2059 198 204 ur
2705 2059 331 204 dennas
2937 2059 430 204 kappficka
3267 2059 463 204 tillgripit
3631 2059 562 204 portmonnaien,
4094 2059 231 204 som
4226 2059 231 204 han
4326 2059 198 204 ned¬-

2594 2232 246 182 lagt
2748 2232 153 182 i
2809 2232 215 182 sin
2932 2232 399 182 byxficka,
3239 2232 215 182 men
3331 2232 184 182 att,

3566 2198 224 69 innan

3683 2172 251 178 han
3827 2172 359 178 hunnit
4078 2172 430 178 aflägsna
4365 2172 179 178 sig

2612 2310 270 242 från
2781 2310 304 242 sagde
2983 2310 304 242 torg,
3186 2310 236 242 han
3321 2310 371 242 blifvit
3590 2310 202 242 af
3692 2310 641 242 Poliskonstapeln
4198 2310 337 242 Lundgren

2578 2523 428 141 anhållen.

2779 2512 571 211 Portmonnaien
3244 2512 321 211 jemte
3458 2512 536 211 penningarne
3886 2512 321 211 hafva
4101 2512 393 211 lemnats
4351 2512 214 211 till

2579 2731 512 137 Målsegaren.

2832 2711 211 238 På
2937 2711 317 238 grund
3148 2711 211 238 af
3254 2711 281 238 hvad
3430 2711 387 238 sålunda
3711 2711 528 238 förekommit,
4133 2711 352 238 kommer
4344 2711 211 238 Carl

2626 2847 341 226 August
2864 2847 545 226 Blankenfjell
3307 2847 239 226 att
3444 2847 307 226 denna
3648 2847 239 226 dag
3785 2847 239 226 för
3921 2847 239 226 PKn
4023 2847 409 226 inställas.

2894 2986 463 189 Göteborg
3242 2986 270 189 den
3396 2986 232 189 21
3512 2986 424 189 Oktober
3782 2986 270 189 1880.

4514 3044 302 125 No
4614 3044 302 125 225.

4522 3151 299 140 Johan
4688 3151 266 140 Alfred

4523 3250 384 162 Johansson
4789 3250 207 162 Strid

2742 3093 442 210 Följande
3074 3093 442 210 personer
3406 3093 332 210 hafva
3590 3093 332 210 anmält:

2636 3206 210 164 1o
2741 3206 561 164 Månadskarlen
3197 3206 351 164 August
3442 3206 456 164 Svensson,
3793 3206 351 164 boende
4038 3206 175 164 i
4108 3206 316 164 huset
4319 3206 210 164 No
4389 3206 105 164 1

2643 3299 242 181 vid
2782 3299 484 181 Skolgatan:
3162 3299 242 181 att
3301 3299 173 181 i
3370 3299 346 181 början
3612 3299 208 181 af
3716 3299 519 181 innevarande
4131 3299 311 181 månad
4339 3299 173 181 å
4374 3299 138 181 en

2633 3432 265 180 låst
2799 3432 265 180 vind
2964 3432 166 180 i
3031 3432 497 180 ofvannämnde
3428 3432 232 180 hus
3561 3432 497 180 tillgripits
3958 3432 199 180 en
4058 3432 398 180 grårutig
4323 3432 232 180 regn¬-

2649 3539 308 174 kappa,
2865 3539 215 174 som
2988 3539 400 174 tillhörde
3295 3539 246 174 hans
3449 3539 339 174 12åriga
3696 3539 308 174 dotter
3911 3539 215 174 och
4034 3539 246 174 vore
4188 3539 246 174 värd
4342 3539 185 174 10
4403 3539 185 174 kro¬-

2602 3746 251 94 nor;
