4955 4051
500 163 340 167 att
695 163 291 167 då
840 163 389 167 Larm
1083 163 340 167 och
1277 163 437 167 Oscar
1569 163 680 167 Zackrisson
2054 163 389 167 kommit

499 316 389 161 till
742 316 583 161 Hultmans
1180 316 437 161 holme
1471 316 583 161 Bernhard
1860 316 583 161 Zachrisson

481 475 272 188 och
636 475 543 188 Pettersson
1063 475 388 188 suttit
1335 475 194 188 å
1413 475 233 188 en
1529 475 505 188 derstädes
1917 475 427 188 upplagd
2189 475 233 188 tim¬-

495 584 439 226 merhög
802 584 307 226 dit
978 584 395 226 Oscar
1241 584 614 226 Zackrisson
1724 584 351 226 gått
1943 584 351 226 fram
2119 584 307 226 hvar¬-

469 718 350 203 emot
688 718 350 203 Larm
907 718 482 203 stadnat
1258 718 263 203 på
1389 718 394 203 något
1652 718 482 203 afstånd
1958 718 482 203 derifrån,

474 875 320 178 att
657 875 412 178 Oscar
932 875 687 178 Zachrisson,
1481 875 275 178 då
1619 875 320 178 han
1802 875 412 178 efter
2031 875 320 178 någon

494 982 418 188 stund
772 982 464 188 kommit
1097 982 557 188 tillbaka
1515 982 371 188 till
1747 982 418 188 Larm,
1979 982 464 188 innehaft

481 1139 733 198 regnkappan,
1068 1139 342 198 som
1263 1139 342 198 han
1459 1139 635 198 uppgifvit
1947 1139 342 198 sig
2094 1139 342 198 skola

439 1261 678 194 pantsätta,
971 1261 339 194 att
1165 1261 436 194 ehuru
1455 1261 387 194 Larm
1697 1261 629 194 misstänkt
2133 1261 290 194 kap¬-

458 1430 359 106 pan
663 1430 410 106 vara
919 1430 308 106 på
1073 1430 564 106 oärligt
1483 1430 410 106 sätt
1739 1430 615 106 åtkommen
2150 1430 256 106 han

463 1499 353 207 det
664 1499 554 207 oaktadt
1067 1499 302 207 på
1219 1499 655 207 uppmaning
1722 1499 302 207 af
1823 1499 605 207 Zachrisson

483 1645 570 149 inknutit
910 1645 570 149 densamma
1337 1645 237 149 i
1432 1645 332 149 sin
1622 1645 475 149 näsduk
1907 1645 522 149 hvarefter

460 1751 443 201 Oscar
755 1751 689 201 Zachrisson
1297 1751 345 201 och
1494 1751 394 201 Larm
1740 1751 246 201 i
1789 1751 591 201 hvarandras

484 1870 491 239 sällskap
852 1870 327 239 gått
1057 1870 368 239 ofver
1302 1870 286 239 St.
1466 1870 368 239 Eriks
1711 1870 327 239 torg
1915 1870 409 239 dervid
2161 1870 245 239 Larm

479 2001 264 229 på
611 2001 661 229 tillsägelse
1140 2001 264 229 af
1272 2001 617 229 Zackrisson
1757 2001 397 229 burit
1977 2001 353 229 knytet

482 2147 332 134 men
671 2147 380 134 inom
909 2147 380 134 kort
1146 2147 522 134 blifvit
1478 2147 522 134 anhållen.

488 2263 257 197 fe
617 2263 899 197 Kronoarbetskarlen
1387 2263 385 197 Oscar
1644 2263 599 197 Zachrisson
2072 2263 342 197 boende

478 2411 227 149 å
568 2411 680 149 Johannebäck
1112 2411 227 149 i
1203 2411 453 149 Lundby
1521 2411 453 149 socken
1838 2411 272 149 på
1929 2411 453 149 Hisingen

465 2537 208 199 i
549 2537 541 199 anledning
965 2537 374 199 haraf
1214 2537 374 199 hörd,
1464 2537 291 199 har
1630 2537 541 199 berattät;
2046 2537 291 199 att
2171 2537 208 199 han

473 2666 678 207 oftaberorde
1015 2666 317 207 dag
1196 2666 271 207 på
1332 2666 226 207 f
1422 2666 226 207 m
1513 2666 226 207 å
1603 2666 588 207 Torggatan
2010 2666 407 207 samman¬-

460 2777 504 191 träffat
827 2777 321 191 med
1010 2777 321 191 sin
1193 2777 458 191 broder
1514 2777 550 191 Bernhard
1880 2777 550 191 Zachrisson

466 2913 282 216 och
627 2913 242 216 fe
748 2913 847 216 Kronoarbetskarlen
1474 2913 363 216 Frans
1716 2913 363 216 Edvad
1917 2913 484 216 Petterson,

452 3046 473 220 hvilka
783 3046 473 220 frågat
1113 3046 473 220 honom,
1444 3046 284 220 om
1586 3046 331 220 han
1775 3046 425 220 ville
2011 3046 331 220 sälja

457 3190 416 180 eller
734 3190 554 180 pansätta
1150 3190 277 180 en
1288 3190 647 180 regnkappa,
1796 3190 323 180 som
1981 3190 277 180 af
2073 3190 231 180 dem

466 3319 390 196 vore
710 3319 390 196 gömd
954 3319 244 196 i
1051 3319 292 196 en
1197 3319 585 196 plankhög
1636 3319 292 196 på
1733 3319 536 196 Hultmans¬-

478 3416 466 203 holme;
804 3416 326 203 att
991 3416 279 203 då
1130 3416 326 203 han
1316 3416 466 203 vägrat
1642 3416 419 203 detta
1922 3416 279 203 de
2015 3416 372 203 frågat

457 3557 450 196 honom
757 3557 300 196 om
907 3557 350 196 han
1108 3557 400 196 sett
1358 3557 501 196 Ludvig
1708 3557 400 196 Larm
1908 3557 501 196 hvartill

452 3673 359 179 han
657 3673 513 179 nekat;
1016 3673 359 179 att
1221 3673 411 179 Larm
1478 3673 359 179 som
1683 3673 462 179 under
1940 3673 359 179 deras

2539 145 491 197 samtal
2883 145 1032 197 tillstädeskommit,
3767 145 295 197 af
3865 145 590 197 Pettersson

2530 245 620 175 emottagit
3007 245 286 175 en
3150 245 811 175 sidensjalett,
3818 245 334 175 som
4008 245 429 175 denne
4247 245 286 175 haft

2530 393 533 232 forvarad
2929 393 222 232 i
3018 393 311 232 sin
3196 393 622 232 rockficka;
3684 393 311 232 att
3862 393 533 232 derefter
4217 393 311 232 samt¬-

2547 526 341 226 liga
2760 526 511 226 begifvit
3144 526 298 226 sig
3315 526 341 226 till
3528 526 384 226 Lilla
3783 526 426 226 Bommen
4082 526 298 226 der
4210 526 298 226 Oscar

2470 623 733 217 Zachrisson
3046 623 576 217 oaktadt
3465 623 419 217 Larm
3726 623 628 217 uppmanat
4145 623 367 217 honom

2524 761 414 241 följa
2800 761 322 241 med
2984 761 322 241 och
3169 761 414 241 hemta
3445 761 507 241 kappan,
3813 761 230 241 i
3905 761 553 241 närheten
4274 761 184 241 af

2514 871 543 242 Kurhuset
2921 871 453 242 skiljt
3238 871 317 242 sig
3419 871 408 242 ifrån
3691 871 317 242 dem
3872 871 317 242 och
4008 871 453 242 begifvit

2521 989 296 284 sig
2690 989 338 284 till
2901 989 549 284 detektiva
3324 989 676 284 afdelningens
3873 989 423 284 kontor
4169 989 296 284 der
4296 989 211 284 han

2529 1106 442 287 anmält
2838 1106 752 287 förhållandet;
3458 1106 310 287 att
3635 1106 354 287 han,
3856 1106 310 287 som
3988 1106 487 287 derstädes

2559 1257 474 240 varnats
2904 1257 302 240 att
3076 1257 388 240 sjelf
3335 1257 345 240 taga
3551 1257 388 240 någon
3809 1257 604 240 befattning
4240 1257 216 240 med

2548 1376 419 238 Kappan
2841 1376 335 238 samt
3051 1376 544 238 tillsagts
3470 1376 293 238 att
3637 1376 419 238 derest
3930 1376 335 238 Larm
4098 1376 293 238 eller

2546 1495 455 269 någon
2850 1495 303 269 af
3001 1495 303 269 de
3153 1495 303 269 af
3304 1495 455 269 andre
3607 1495 606 269 innehade
4011 1495 455 269 densam¬-

2528 1649 291 218 ma
2673 1649 388 218 låta
2915 1649 436 218 denne
3206 1649 436 218 sjelf
3497 1649 388 218 bära
3739 1649 485 218 henne,
4030 1649 485 218 derefter

2539 1777 455 227 ämnat
2843 1777 556 227 begifva
3248 1777 354 227 sig
3450 1777 405 227 till
3652 1777 759 227 Hultmansholme

2513 1908 319 235 för
2696 1908 319 235 att
2878 1908 501 235 iaktaga
3243 1908 547 235 förmälde
3653 1908 319 235 tre
3835 1908 592 235 personer,
4245 1908 228 235 men

2545 2041 696 227 dessförinnan
3110 2041 218 227 å
3197 2041 392 227 bron,
3458 2041 305 227 som
3632 2041 305 227 vid
3806 2041 566 227 Sillgatan
4198 2041 305 227 leder

2522 2174 473 235 öfver
2838 2174 473 235 Östra
3153 2174 788 235 Hamnkanalen
3731 2174 788 235 sammanträffat

2559 2276 340 223 med
2754 2276 389 223 dem,
2997 2276 632 223 hvarefter
3483 2276 292 223 de
3629 2276 583 223 samtlige
4018 2276 486 223 begifvit

2532 2397 348 233 sig
2731 2397 397 233 till
2979 2397 596 233 Hultmans
3426 2397 496 233 holme,
3774 2397 348 233 der
3923 2397 496 233 Bernhard

2527 2585 659 186 Zachrisson
3044 2585 282 186 ur
3186 2585 282 186 en
3327 2585 565 186 plankhög
3750 2585 612 186 framtagit
4174 2585 329 186 regn¬-

2556 2716 490 231 kappan,
2913 2716 490 231 hvilken
3269 2716 356 231 Larm
3491 2716 445 231 genast
3803 2716 401 231 tagit
4070 2716 356 231 till
4248 2716 223 231 sig

2538 2838 327 179 att
2725 2838 421 179 sedan
3006 2838 327 179 han
3193 2838 561 179 derefter
3614 2838 281 179 ur
3754 2838 327 179 ena
3895 2838 561 179 kappfickan

2530 2972 361 256 till
2756 2972 316 256 sig
2936 2972 406 256 tagit
3207 2972 271 256 en
3342 2972 361 256 hvit
3568 2972 451 256 näsduk
3884 2972 316 256 och
4020 2972 451 256 rengjort

2507 3101 518 227 kappan
2870 3101 362 227 han
3077 3101 621 227 inknutit
3543 3101 621 227 densamma
4009 3101 259 227 i
4113 3101 311 227 en
4216 3101 259 227 röd

2543 3275 543 149 näsduk;
2937 3275 395 149 samt
3184 3275 345 149 att
3381 3275 444 149 Oscar
3677 3275 691 149 Zachrisson
4170 3275 247 149 och

2547 3412 421 151 Larm,
2828 3412 514 151 hvilken
3202 3412 467 151 senare
3482 3412 327 151 buret

3760 3362 273 105 knytet
3924 3362 137 105 med

3779 3384 470 179 kappan,
4078 3384 427 179 derefter

2562 3482 262 246 på
2693 3482 393 246 något
2956 3482 481 246 afstånd
3306 3482 262 246 af
3437 3482 262 246 de
3568 3482 525 246 åtföljde
3961 3482 262 246 af
4049 3482 437 246 Bernhard

2544 3611 574 234 Zachrisson
2995 3611 287 234 och
3159 3611 574 234 Pettersson
3611 3611 328 234 gatt
3816 3611 328 234 före
4021 3611 246 234 de
4103 3611 328 234 öfrige
