5035 4075
520 195 475 154 arbetskarl
893 195 203 154 på
995 195 305 154 kajen
1198 195 305 154 invid
1402 195 373 154 Nordens
1673 195 712 154 förtöjningsplats,
2250 195 237 154 hvar¬-

515 325 274 202 dera
686 325 480 202 tillgripit
1064 325 240 202 ett
1201 325 240 202 par
1338 325 343 202 fiskar
1578 325 309 202 samt,
1784 325 480 202 medtagande
2127 325 343 202 desamme,

504 466 419 153 derefter
818 466 454 153 aflägsnat
1133 466 209 153 sig.

518 553 257 178 På
647 553 386 178 grund
904 553 257 178 af
1032 553 343 178 hvad
1246 553 471 178 sålunda
1589 553 643 178 förekommit,
2060 553 343 178 kommer

475 673 302 188 Carl
664 673 378 188 Ludvig
929 673 491 188 Carlström
1307 673 265 188 att
1458 673 340 188 denna
1685 673 265 188 dag
1836 673 265 188 för
1987 673 265 188 PKn
2101 673 340 188 instäl¬-

509 779 300 197 las.
697 779 451 197 Göteborg
1035 779 263 197 den
1186 779 225 197 (6
1298 779 526 197 September)
1711 779 225 197 13
1824 779 488 197 September
2162 779 263 197 1880.

120 915 271 140 No
210 915 271 140 192.

84 1010 288 209 Gustaf
257 1010 288 209 Månsson.

596 923 449 179 Sjömannen
941 923 345 179 August
1182 923 449 179 Johansson
1527 923 276 179 från
1700 923 345 179 gården
1941 923 311 179 Engås
2148 923 173 179 i
2183 923 242 179 Walda

533 1015 352 164 socken
779 1015 422 164 Hallands
1096 1015 246 164 län
1237 1015 246 164 har
1377 1015 422 164 Tisdagen
1694 1015 246 164 den
1835 1015 176 164 7
1905 1015 352 164 dennes
2116 1015 282 164 anmält

480 1155 228 143 att
611 1155 587 143 derförutgångne
1100 1155 326 143 afton,
1329 1155 294 143 under
1525 1155 228 143 det
1655 1155 228 143 han
1786 1155 163 143 i
1851 1155 326 143 rusigt
2047 1155 359 143 tillstånd

490 1253 350 182 besökt
735 1253 490 182 åtskilliga
1120 1253 245 182 vid
1260 1253 420 182 Allmänna
1575 1253 315 182 vägen
1785 1253 175 182 i
1855 1253 385 182 Majorna
2100 1253 315 182 belägna

492 1334 752 182 Nykterhetsvärdshus,
1146 1334 262 182 från
1310 1334 294 182 honom
1506 1334 491 182 tillgripits
1899 1334 262 182 dels
2062 1334 164 182 2
2128 1334 229 182 par
2226 1334 196 182 s.k.

480 1415 335 234 Franska
723 1415 365 234 träskor,
997 1415 274 234 värda
1180 1415 152 234 7
1241 1415 304 234 Kronor
1454 1415 183 234 50
1545 1415 244 234 öre,
1697 1415 183 234 en
1789 1415 274 234 mössa
1971 1415 244 234 värd
2124 1415 152 234 2
2154 1415 274 234 Kronor,

482 1569 250 157 och
625 1569 286 157 dels
804 1569 179 157 i
876 1569 250 157 ena
1019 1569 465 157 byxfickan
1376 1569 429 157 förvarad
1698 1569 536 157 portmonnaie
2127 1569 215 157 af
2198 1569 215 157 gult

479 1682 368 198 skinn,
737 1682 589 198 innehållande
1215 1682 405 198 omkring
1509 1682 221 198 50
1620 1682 405 198 Kronor,
1914 1682 257 198 som
2024 1682 368 198 utgjorts

472 1798 194 158 af
569 1798 161 158 2
633 1798 387 158 guldmynt
923 1798 161 158 å
988 1798 226 158 Tio
1117 1798 323 158 Kronor
1343 1798 419 158 hvardera,
1665 1798 194 158 en
1762 1798 290 158 sedel
1956 1798 161 158 å
2020 1798 194 158 10
2085 1798 290 158 Kronor,

472 1892 209 205 en
577 1892 313 205 dylik
785 1892 174 205 å
855 1892 174 205 5
924 1892 348 205 Kronor
1168 1892 243 205 och
1307 1892 243 205 det
1446 1892 348 205 öfriga
1689 1892 209 205 af
1793 1892 556 205 silfvermynt;
2210 1892 209 205 samt

485 2012 251 192 att
629 2012 251 192 han
772 2012 251 192 för
916 2012 323 192 detta
1131 2012 467 192 tillgrepp
1490 2012 502 192 misstänkte
1849 2012 538 192 Hamnarbetaren

495 2139 342 185 Gustaf
734 2139 410 185 Månsson,
1042 2139 342 185 boende
1281 2139 171 185 i
1350 2139 308 185 huset
1555 2139 205 185 No
1658 2139 205 185 68
1760 2139 171 185 i
1829 2139 274 185 Majs
2000 2139 274 185 1ste
2137 2139 239 185 rote,

482 2236 276 180 med
639 2236 434 180 hvilken
955 2236 276 180 han
1113 2236 592 180 ifrågakomne
1586 2236 355 180 afton
1783 2236 513 180 sällskapat.

639 2340 192 183 I
715 2340 498 183 anledning
1099 2340 345 183 häraf
1328 2340 268 183 har
1482 2340 728 183 Poliskonstapeln
2095 2340 230 183 No
2171 2340 192 183 109

501 2443 474 209 Andersson
865 2443 255 209 den
1011 2443 182 209 7
1084 2443 365 209 dennes
1339 2443 219 209 på
1449 2443 292 209 e.m.
1631 2443 438 209 anhållit
1923 2443 474 209 ofvannämnde

483 2534 442 226 Månsson,
814 2534 405 226 hvilken
1109 2534 258 226 vid
1256 2534 258 226 det
1403 2534 258 226 med
1551 2534 331 226 honom
1771 2534 478 226 anställda
2103 2534 294 226 förhör

477 2671 437 174 vidgått,
805 2671 255 174 att
950 2671 255 174 han
1096 2671 437 174 måndagen
1424 2671 255 174 den
1570 2671 182 174 6
1643 2671 365 174 dennes
1898 2671 219 174 på
2007 2671 401 174 aftonen
2263 2671 109 174 å

466 2774 455 192 Allmänna
807 2774 341 192 vägen
1035 2774 190 192 i
1110 2774 417 192 Majorna
1414 2774 644 192 sammanträffat
1944 2774 265 192 med
2058 2774 341 192 Johans¬-

481 2878 285 183 son,
659 2878 391 183 hvilken
944 2878 214 183 då
1051 2878 320 183 varit
1264 2878 391 183 berusad
1549 2878 249 183 och
1691 2878 285 183 icke
1869 2878 427 183 innehaft
2154 2878 249 183 hvar¬-

467 3005 259 206 ken
615 3005 333 206 några
837 3005 407 206 träskor
1133 3005 333 206 eller
1355 3005 333 206 någon
1578 3005 370 206 mössa;
1837 3005 259 206 att
1948 3005 407 206 Johansson

472 3111 236 165 och
607 3111 404 165 Månsson,
910 3111 303 165 efter
1112 3111 236 165 att
1246 3111 303 165 hafva
1448 3111 336 165 besökt
1684 3111 471 165 åtskilliga
2020 3111 370 165 värdshus,

458 3219 397 205 begifvit
756 3219 232 205 sig
888 3219 265 205 till
1054 3219 497 205 Kusttorget,
1452 3219 232 205 der
1584 3219 199 205 de
1683 3219 364 205 stannat
1948 3219 232 205 och
2048 3219 364 205 samtalat;

478 3341 243 171 att
617 3341 382 171 Månsson
895 3341 416 171 derunder
1207 3341 208 171 ur
1311 3341 486 171 Johanssons
1692 3341 416 171 byxficka
1970 3341 416 171 tillgripit

461 3444 383 159 dennes
729 3444 612 159 portmonnaie,
1226 3444 497 159 hvarefter
1609 3444 268 159 han
1762 3444 383 159 skiljt
2030 3444 268 159 sig
2144 3444 230 159 från

473 3566 532 176 Johansson,
891 3566 304 176 samt
1081 3566 266 176 att
1233 3566 418 176 Månsson
1536 3566 228 176 af
1650 3566 228 176 de
1764 3566 190 176 i
1802 3566 532 176 portmonnaien

465 3672 480 178 befintlige
842 3672 549 178 penningarne,
1288 3672 240 178 som
1426 3672 377 178 utgjort
1700 3672 377 178 omkring
1975 3672 206 178 35
2043 3672 309 178 Kronor,

2568 205 390 184 användt
2851 205 248 184 Sju
2993 205 354 184 Kronor
3241 205 283 184 till
3418 205 461 184 förtäring
3772 205 283 184 samt
3950 205 177 184 i
4020 205 213 184 en
4127 205 177 184 å
4162 205 390 184 egendomen

2579 306 345 243 Sågen
2808 306 421 243 upplagd
3115 306 459 243 plankhög
3459 306 306 243 gömt
3651 306 612 243 portmonnaien
4148 306 268 243 med
4263 306 268 243 inne¬-

2571 445 412 231 liggande
2879 445 206 231 27
2982 445 343 231 Kronor
3223 445 206 231 94
3291 445 206 231 öre.

2816 509 552 212 Portmonnaien
3264 509 242 212 med
3402 509 276 212 deri
3575 509 449 212 förvarade
3920 509 207 212 27
4023 509 345 212 Kronor
4265 509 207 212 94
4334 509 173 212 öre

2599 621 264 217 har
2750 621 567 217 återfunnits
3204 621 227 217 på
3317 621 264 217 det
3468 621 227 217 af
3582 621 416 217 Månsson
3884 621 453 217 anvisade
4186 621 340 217 stället

2585 775 254 181 och
2730 775 400 181 blifvit
3021 775 291 181 till
3202 775 509 181 Målsegaren
3565 775 509 181 öfverlemnad.

2659 785 154 276 På
2736 785 231 276 grund
2890 785 154 276 af
2967 785 205 276 hvad
3095 785 179 276 etc
3198 785 256 276 kommer
3377 785 256 276 Gustaf
3556 785 282 276 Månsson
3761 785 179 276 att
3864 785 231 276 denna
4018 785 179 276 dag
4120 785 179 276 för
4223 785 179 276 PKn
4299 785 308 276 inställas.

2998 893 482 196 Göteborg
3359 893 281 196 den
3520 893 201 196 8
3600 893 522 196 September
3962 893 281 196 1880.

4506 907 249 134 No
4590 907 249 134 193.

4487 1011 231 187 Nils
4603 1011 288 187 Paulsson

2728 981 493 223 Handlanden
3115 981 282 223 Otto
3291 981 458 223 Johansson
3644 981 282 223 från
3820 981 352 223 Borås,
4066 981 211 223 nu
4172 981 352 223 boende
4383 981 106 223 i

2590 1083 305 220 huset
2794 1083 204 220 No
2895 1083 204 220 96
2997 1083 271 220 Litt
3167 1083 204 220 Bc
3269 1083 170 220 i
3336 1083 373 220 stadens
3608 1083 271 220 12te
3778 1083 305 220 rote,
3981 1083 237 220 har
4083 1083 407 220 Thorsdagen

2590 1211 252 199 den
2734 1211 180 199 9
2806 1211 360 199 dennes
3058 1211 396 199 anmält,
3347 1211 252 199 att
3491 1211 649 199 derförutgångne
4031 1211 324 199 dagen
4248 1211 216 199 på
4320 1211 216 199 e.m.

2599 1315 182 209 i
2671 1315 693 209 Värdshusidkaren
3255 1315 365 209 Trapps
3510 1315 802 209 restaurationslokal
4203 1315 182 209 i
4240 1315 255 209 huset

2587 1447 207 187 No
2690 1447 172 187 1
2759 1447 241 187 vid
2896 1447 654 187 Drottningtorget
3447 1447 275 187 från
3620 1447 310 187 honom
3826 1447 517 187 tillgripits
4240 1447 207 187 en
4308 1447 207 187 som¬-

2596 1544 612 213 maröfverrock
3093 1544 229 213 af
3208 1544 535 213 smårandigt
3628 1544 421 213 ylletyg
3934 1544 268 213 med
4087 1544 344 213 svart
4278 1544 268 213 klot¬-

2593 1653 329 263 foder
2813 1653 256 263 och
2959 1653 329 263 krage
3179 1653 220 263 af
3289 1653 329 263 samma
3509 1653 329 263 slags
3728 1653 293 263 tyg,
3911 1653 293 263 värd
4094 1653 220 263 30
4168 1653 329 263 Kronor.

2703 1786 336 217 Sedan
2927 1786 561 217 ifrågakomne
3376 1786 299 217 rock
3562 1786 561 217 återfunnits
4011 1786 449 217 pantsatt
4310 1786 187 217 den

2591 1916 190 205 8
2667 1916 228 205 ds
2781 1916 266 205 för
2933 1916 228 205 10
3047 1916 380 205 Kronor
3313 1916 190 205 å
3389 1916 456 205 allmänna
3692 1916 836 205 Pantlåneinrättningen

2574 1996 183 251 i
2648 1996 329 251 huset
2867 1996 219 251 No
2976 1996 219 251 37
3086 1996 256 251 vid
3232 1996 511 251 Wallgatan,
3633 1996 219 251 så
3743 1996 256 251 har
3889 1996 548 251 Pkonstapeln
4327 1996 219 251 No
4400 1996 146 251 46

2571 2106 380 242 Larsson
2848 2106 242 242 den
2986 2106 173 242 9
3055 2106 345 242 dennes
3297 2106 242 242 för
3435 2106 311 242 detta
3642 2106 449 242 tillgrepp
3988 2106 415 242 anhållit
4264 2106 242 242 förre

2592 2224 537 265 Bokhållaren
3022 2224 287 265 Nils
3201 2224 466 265 Paulsson,
3560 2224 358 265 boende
3810 2224 179 265 i
3882 2224 322 265 huset
4097 2224 215 265 No
4205 2224 215 265 34
4312 2224 179 265 i
4348 2224 179 265 Ma¬-

2587 2345 344 270 jornas
2827 2345 241 270 5te
2965 2345 309 270 rote,
3171 2345 378 270 hvilken
3446 2345 241 270 vid
3584 2345 516 270 anhållandet
3996 2345 413 270 innehade
4271 2345 241 270 bland

2611 2429 318 283 annat
2823 2429 212 283 en
2929 2429 460 283 pantsedel
3283 2429 177 283 å
3353 2429 566 283 Målsegandens
3813 2429 318 283 rock;
4025 2429 248 283 och
4167 2429 248 283 har
4273 2429 283 283 Pauls¬-

2589 2576 249 251 son
2732 2576 249 251 vid
2874 2576 249 251 det
3016 2576 249 251 med
3158 2576 320 251 honom
3372 2576 178 251 i
3443 2576 462 251 anledning
3798 2576 320 251 härat
4012 2576 462 251 anställde
4332 2576 213 251 för¬-

2595 2682 235 266 hör
2730 2682 469 266 uppgifvit,
3098 2682 235 266 att
3232 2682 235 266 han
3366 2682 402 266 onsdagen
3668 2682 235 266 den
3802 2682 168 266 8
3869 2682 201 266 ds
3969 2682 201 266 på
4070 2682 268 266 e.m.
4237 2682 168 266 i
4271 2682 268 266 Trapps

2593 2860 738 176 restaurationslokal
3231 2860 470 176 tillgripit
3600 2860 503 176 ifrågakomne
4003 2860 302 176 rock,
4204 2860 235 176 som
4305 2860 168 176 han

2605 2933 289 266 kort
2786 2933 434 266 derefter
3111 2933 434 266 pantsatt
3436 2933 181 266 å
3508 2933 542 266 ofvannämnde
3906 2933 578 266 pantlånekontor

2593 3078 208 219 för
2712 3078 179 219 10
2802 3078 327 219 Kronor;
3040 3078 208 219 att
3159 3078 208 219 han
3278 3078 179 219 af
3367 3078 179 219 de
3456 3078 208 219 vid
3576 3078 536 219 pantsättningen
4022 3078 357 219 erhållne
4260 3078 268 219 pennin¬-

2600 3190 276 218 garne
2784 3190 214 218 med
2907 3190 153 218 6
2968 3190 306 218 Kronor
3182 3190 306 218 utlöst
3396 3190 184 218 en
3488 3190 214 218 sig
3611 3190 398 218 tillhörig
3917 3190 367 218 pantsatt
4192 3190 276 218 rock,
4345 3190 184 218 samt

2615 3299 205 207 att
2732 3299 205 207 han
2849 3299 234 207 till
2995 3299 381 207 förtäring
3288 3299 205 207 och
3405 3299 381 207 betalning
3698 3299 176 207 af
3786 3299 176 207 en
3873 3299 263 207 skuld
4049 3299 322 207 användt
4283 3299 176 207 de
4342 3299 146 207 öf¬-

2589 3394 236 219 rige
2736 3394 472 219 penningarne,
3119 3394 206 219 med
3237 3394 354 219 undantag
3503 3394 177 219 af
3591 3394 177 219 84
3680 3394 236 219 öre,
3827 3394 206 219 som
3945 3394 206 219 den
4063 3394 413 219 tilltalade
4358 3394 177 219 jem¬-

2601 3505 213 177 te
2708 3505 498 177 förenämnde
3099 3505 462 177 pantsedel
3455 3505 249 177 vid
3597 3505 533 177 anhållandet
3988 3505 391 177 innehade.

2683 3580 217 196 Den
2807 3580 527 196 ifrågavarande
3241 3580 310 196 rocken
3458 3580 217 196 har
3582 3580 341 196 blifvit
3829 3580 186 196 af
3922 3580 434 196 Målsegaren
4232 3580 279 196 utlöst.

2705 3711 426 161 Pantsedeln
3039 3711 213 161 och
3161 3711 213 161 det
3283 3711 183 161 af
3374 3711 335 161 Pålsson
3617 3711 396 161 innehafda
3922 3711 578 161 penningbeloppet
4378 3711 152 161 bi¬
