5080 4087
578 140 651 210 Lumphandlanden
1121 140 362 210 Samuel
1374 140 471 210 Andersson
1736 140 253 210 har
1881 140 434 210 upplyst,
2206 140 253 210 att
2315 140 181 210 han

518 305 195 150 en
615 305 227 150 dag
745 305 292 150 under
940 305 487 150 innevarande
1329 305 292 150 vecka
1524 305 195 150 af
1622 305 195 150 en
1719 305 227 150 för
1849 305 292 150 honom
2044 305 357 150 obekant
2271 305 195 150 karl

507 412 268 181 köpt
674 412 201 181 en
774 412 268 181 säck
941 412 234 181 med
1075 412 301 181 lump,
1276 412 301 181 såsom
1477 412 234 181 han
1611 412 268 181 vill
1778 412 335 181 erinra
2012 412 268 181 sig,
2179 412 234 181 för
2280 412 167 181 ett

521 526 275 149 pris
693 526 207 149 af
796 526 241 149 Fem
899 526 310 149 Kronor.

644 625 231 204 Den
776 625 395 204 obekante
1072 625 362 204 karlen,
1336 625 231 204 som
1468 625 395 204 Svensson
1764 625 231 204 och
1896 625 297 204 Nyman
2061 625 428 204 beskrifvit,

537 742 275 180 har,
709 742 310 180 ehuru
915 742 482 180 eftersökt,
1294 742 275 180 ännu
1466 742 275 180 icke
1604 742 447 180 anträffats.

678 862 215 118 På
786 862 323 118 grund
1001 862 215 118 af
1109 862 287 118 hvad
1288 862 395 118 sålunda
1576 862 538 118 förekommit,
2006 862 323 118 komma
2186 862 287 118 Petrus

521 933 411 200 Svensson
829 933 240 200 och
966 933 308 200 Nklas
1171 933 445 200 Johansson
1513 933 308 200 Nyman
1718 933 240 200 att
1855 933 308 200 denna
2060 933 240 200 dag
2197 933 240 200 för
2300 933 171 200 Pkn

518 1053 530 212 inställas.
935 1053 455 212 Göteborg
1276 1053 265 212 den
1428 1053 227 212 30
1541 1053 303 212 Juli
1693 1053 265 212 1880.

151 1188 255 151 No
237 1188 255 151 161.

93 1318 212 136 Carl
226 1318 265 136 Conrad
385 1318 186 136 Lind¬-

113 1428 218 114 ström
258 1428 169 114 och
355 1428 193 114 Carl
451 1428 121 114 Al¬-

109 1511 188 126 bin
190 1511 321 126 Bengtsson.

573 1246 780 232 Poliskonstaplarne
1242 1246 223 232 No
1353 1246 223 232 68
1465 1246 297 232 Sten
1650 1246 260 232 och
1799 1246 223 232 No
1911 1246 223 232 72
2022 1246 372 232 Möller
2245 1246 223 232 kof¬-

577 1359 240 193 va
697 1359 479 193 Lördagen
1057 1359 280 193 den
1216 1359 240 193 31
1336 1359 360 193 sist.
1576 1359 320 193 Juli
1776 1359 280 193 Kl.
1936 1359 280 193 1/4
2095 1359 200 193 5
2175 1359 240 193 em
2255 1359 200 193 an¬-

559 1493 381 181 hallit
826 1493 267 181 för
978 1493 381 181 första
1245 1493 343 181 resan
1474 1493 343 181 stöld
1703 1493 496 181 straffade
2046 1493 419 181 ynglingen

516 1580 383 171 Carl
755 1580 478 171 Conrad
1090 1580 622 171 Lindstrom
1568 1580 478 171 boende
1903 1580 239 171 i
1999 1580 430 171 huset
2238 1580 191 171 No

525 1703 315 198 101
705 1703 360 198 Lit.
930 1703 225 198 B
1020 1703 225 198 å
1109 1703 629 198 Hagaheden,
1604 1703 315 198 och
1784 1703 584 198 ynglingen
2188 1703 270 198 Carl

521 1786 366 232 Albin
765 1786 569 232 Bengtsson,
1212 1786 407 232 boende
1497 1786 203 232 i
1578 1786 366 232 huset
1822 1786 244 232 No
1944 1786 285 232 101
2107 1786 325 232 Lit.
2269 1786 163 232 C.

539 1938 201 212 å
619 1938 562 212 Hagaheden,
1061 1938 281 212 för
1221 1938 281 212 det
1382 1938 241 212 de
1502 1938 321 212 kort
1703 1938 361 212 förut
1944 1938 321 212 från
2105 1938 361 212 Faberi¬-

532 2018 698 216 ksarbetaren
1091 2018 465 216 Svante
1416 2018 419 216 Albin
1695 2018 605 216 Andersson
2114 2018 372 216 boende

562 2127 203 225 i
644 2127 365 225 huset
887 2127 243 225 No
1009 2127 243 225 13
1130 2127 324 225 Lit.
1333 2127 203 225 J
1414 2127 203 225 i
1455 2127 527 225 Redbergslid

522 2262 469 193 hvilken
864 2262 256 193 af
992 2262 427 193 starke
1290 2262 469 193 drycker
1632 2262 640 193 öfverlastad
2101 2262 299 193 legat

531 2413 264 163 och
682 2413 377 163 sofvit
946 2413 226 163 på
1059 2413 377 163 märken
1322 2413 264 163 vid
1473 2413 339 163 Stora
1699 2413 339 163 Hedås
1925 2413 226 163 No
2038 2413 264 163 87.
2188 2413 188 163 å
2226 2413 226 163 Sta¬-

517 2492 303 235 dens
706 2492 227 235 12
820 2492 341 235 rote,
1047 2492 492 235 olofligen
1426 2492 568 235 tillgrippit
1880 2492 303 235 hans
2069 2492 341 235 mössa
2259 2492 151 235 af

514 2594 317 224 blå
695 2594 452 224 doffel
1011 2594 362 224 vard
1238 2594 226 224 2
1328 2594 498 224 Kronor,
1690 2594 362 224 samt
1916 2594 317 224 att
2097 2594 271 224 då
2188 2594 271 224 kon¬-

516 2708 428 243 stapeln
827 2708 311 243 Sten
1022 2708 622 243 varseblifvit
1527 2708 505 243 Lindström
1916 2708 272 243 och
2032 2708 428 243 Bengtsson

524 2841 377 180 invid
775 2841 293 180 den
943 2841 377 180 plats
1194 2841 293 180 den
1361 2841 544 180 Andersson
1780 2841 377 180 legat
2031 2841 293 180 och
2157 2841 251 180 när¬-

506 2926 258 231 mat
654 2926 258 231 sig
801 2926 406 231 stället
1097 2926 332 231 desse
1318 2926 443 231 sprungit
1650 2926 443 231 derifrån
1982 2926 258 231 och
2093 2926 332 231 Bengts¬-

494 3100 285 172 son
657 3100 407 172 kastat
942 3100 407 172 mössan
1227 3100 366 172 ifrån
1472 3100 285 172 sig
1634 3100 326 172 hvar
1838 3100 366 172 efter
2082 3100 244 172 de
2164 3100 244 172 dock

507 3199 377 159 blifvit
781 3199 411 159 anhållen
1089 3199 240 159 och
1226 3199 343 159 mössan
1466 3199 514 159 återlemnats
1878 3199 274 159 till
2049 3199 240 159 sin
2152 3199 274 159 egare.

488 3286 256 210 Wid
635 3286 256 210 det
781 3286 256 210 med
927 3286 475 210 Lindström
1292 3286 256 210 och
1438 3286 475 210 Bengtsson
1804 3286 183 210 i
1877 3286 475 210 anledning
2206 3286 219 210 hör¬-

497 3398 261 176 af
627 3398 522 176 anstälda
1018 3398 435 176 förhör
1322 3398 391 176 hafva
1583 3398 261 176 de
1670 3398 739 176 sammanstämmande

524 3508 415 158 vidgått
826 3508 264 158 att
977 3508 227 158 då
1091 3508 227 158 de
1204 3508 264 158 vid
1355 3508 566 158 ifrågakomne
1808 3508 491 158 tillfälle
2148 3508 264 158 uppe¬-

504 3600 371 187 hållit
764 3600 260 187 sig
912 3600 260 187 vid
1061 3600 334 187 Hedås
1284 3600 260 187 och
1432 3600 631 187 varsebelifvit
1952 3600 223 187 en
2027 3600 371 187 mansper¬-

481 3754 329 159 son
669 3754 564 159 liggande
1092 3754 235 159 å
1186 3754 470 159 morken
1516 3754 282 159 de
1610 3754 752 159 ofverenskommit

2657 214 269 194 Att
2810 214 500 194 tillgript
3195 214 308 194 hans
3387 214 384 194 mössa,
3656 214 500 194 hvarefter
4041 214 231 194 de
4156 214 384 194 närmat
4387 214 192 194 sig

2664 386 495 161 Personen,
3045 386 267 161 der
3197 386 267 161 vid
3349 386 495 161 Bengtsson
3730 386 533 161 tillgripit
4149 386 305 161 hans
4301 386 267 161 mössa

2643 506 293 176 men
2811 506 251 176 då
2936 506 251 176 de
3062 506 335 176 sett
3271 506 251 176 en
3396 506 753 176 poliskonstapel
4024 506 377 176 närma
4275 506 293 176 sig
4401 506 167 176 de

2647 633 443 197 sprungit
2980 633 480 197 derifrån,
3349 633 480 197 hvarunder
3718 633 480 197 Bengtsson
4088 633 369 197 kastat
4309 633 222 197 från

2640 781 283 161 sig
2761 781 364 161 mössan.

2863 854 202 205 På
2964 854 303 205 grund
3166 854 202 205 af
3267 854 269 205 hvad
3435 854 370 205 sålunda
3704 854 504 205 förekommit,
4107 854 269 205 komm
4275 854 235 205 äro
4376 854 202 205 Carl

2668 988 317 199 Conrad
2890 988 412 199 Lindström
3207 988 222 199 och
3334 988 254 199 Carl
3493 988 285 199 Albin
3683 988 412 199 Bengtsson
4000 988 349 199 kallade
4254 988 254 199 till
4380 988 159 199 in¬-

2642 1092 435 190 ställelse
2976 1092 301 190 inför
3177 1092 234 190 PKn
3310 1092 301 190 denna
3511 1092 268 190 dag.
3678 1092 401 190 Göteborg
3979 1092 234 190 den
4113 1092 167 190 2
4180 1092 268 190 Aug.
4314 1092 234 190 1880.

4545 1196 249 122 No
4627 1196 249 122 162.

4507 1340 328 114 Johan
4689 1340 291 114 August

4503 1406 375 143 Ahlqvist.

2793 1196 289 201 Förre
2986 1196 353 201 drängen
3243 1196 257 201 Carl
3403 1196 321 201 Alfred
3628 1196 418 201 Carlsson,
3950 1196 321 201 boende
4175 1196 161 201 i
4239 1196 289 201 huset
4399 1196 129 201 No

2657 1343 157 188 2
2719 1343 220 188 vid
2845 1343 378 188 Pilgatan
3129 1343 220 188 har
3255 1343 441 188 Thorsdagen
3601 1343 220 188 den
3727 1343 189 188 22
3821 1343 409 188 sistlidne
4136 1343 252 188 Juli
4262 1343 283 188 anmält,

2655 1459 231 204 att
2787 1459 594 204 derförutgångne
3282 1459 231 204 dag
3414 1459 198 204 på
3513 1459 297 204 e.m.,
3711 1459 297 204 under
3909 1459 231 204 det
4041 1459 231 204 han
4173 1459 165 204 i
4206 1459 330 204 berusadt

2656 1583 418 190 tillstånd
2977 1583 289 190 legat
3170 1583 225 190 och
3298 1583 321 190 sofvit
3523 1583 161 190 i
3587 1583 225 190 ett
3716 1583 161 190 å
3780 1583 385 190 Hultmans
4069 1583 289 190 holme
4230 1583 289 190 beläget

2663 1712 344 179 schapp;
2913 1712 438 179 tillhörigt
3258 1712 344 179 hustrun
3508 1712 407 179 Albertina
3821 1712 438 179 Andersson,
4166 1712 313 179 boende
4385 1712 157 179 i
4416 1712 157 179 hu¬-

2644 1836 230 161 set
2775 1836 197 161 No
2874 1836 197 161 45
2972 1836 230 161 vid
3103 1836 459 161 Sillgatan,
3464 1836 262 161 från
3628 1836 295 161 honom
3825 1836 492 161 tillgripits
4218 1836 197 161 en
4316 1836 164 161 i
4349 1836 164 161 ena

2638 1938 467 197 byxfickan
2997 1938 431 197 förvarad
3320 1938 574 197 portmonnaie,
3787 1938 574 197 innehållande
4218 1938 323 197 omkring

2650 2073 196 179 17
2748 2073 358 179 Kronor,
3009 2073 228 179 som
3139 2073 391 179 utgjorts
3432 2073 196 179 af
3530 2073 228 179 tre
3661 2073 358 179 sedlar,
3921 2073 391 179 hvardera
4215 2073 163 179 å
4280 2073 163 179 5
4312 2073 261 179 Kronor

2652 2159 208 203 och
2771 2159 417 203 återstoden
3099 2159 149 203 i
3158 2159 357 203 silfver-
3426 2159 208 203 och
3545 2159 446 203 kopparmynt,
3902 2159 179 203 en
3992 2159 357 203 snusdosa
4260 2159 179 203 af
4319 2159 268 203 messing

2647 2328 224 161 och
2775 2328 192 161 en
2871 2328 255 161 hvit
3030 2328 351 161 näsduk;
3286 2328 255 161 samt
3445 2328 224 161 att
3573 2328 224 161 han
3701 2328 224 161 för
3829 2328 287 161 detta
4020 2328 415 161 tillgrepp
4307 2328 224 161 miss¬-

2651 2460 332 169 tänkte
2883 2460 299 169 förra
3083 2460 632 169 emigrantombudet
3615 2460 299 169 Johan
3814 2460 332 169 August
4047 2460 432 169 Ahlqvist,
4346 2460 233 169 hvil¬-

2658 2586 269 174 ken,
2827 2586 303 174 sedan
3029 2586 404 174 Carlsson
3332 2586 168 174 i
3399 2586 404 174 sällskap
3703 2586 236 174 med
3837 2586 303 174 honom
4039 2586 168 174 i
4107 2586 371 174 berörde
4343 2586 269 174 ochapp

2645 2702 358 173 intagit
2906 2702 456 173 förtäring,
3264 2702 260 173 kort
3427 2702 391 173 derefter
3719 2702 423 173 aflägsnat
4045 2702 260 173 sig,
4175 2702 358 173 hvarefter

2643 2813 423 193 Carlsson
2960 2813 352 193 saknat
3207 2813 599 193 portmonnaien,
3700 2813 458 193 snusdosan
4053 2813 247 193 och
4158 2813 388 193 näsduken.

2860 2924 179 217 I
2932 2924 466 217 anledning
3291 2924 323 217 häraf
3506 2924 251 217 har
3649 2924 682 217 Poliskonstapeln
4223 2924 215 217 No
4331 2924 215 217 27
4403 2924 179 217 Me¬-

2669 3049 390 188 lander
2942 3049 273 188 den
3098 3049 234 188 22
3214 3049 195 188 i
3292 3049 351 188 samma
3526 3049 351 188 månad
3760 3049 468 188 anhållit
4072 3049 506 188 ofvannämnde

2648 3181 413 179 Ahlqvist,
2966 3181 349 179 hvilken
3220 3181 191 179 är
3315 3181 318 179 boende
3537 3181 159 179 i
3601 3181 286 179 huset
3791 3181 191 179 No
3887 3181 191 179 45
3982 3181 222 179 vid
4109 3181 445 179 Sillgatan;
4426 3181 159 179 och

2642 3294 232 200 har
2774 3294 397 200 Ahlquist
3072 3294 232 200 vid
3205 3294 232 200 det
3337 3294 232 200 med
3470 3294 298 200 honom
3669 3294 431 200 anställde
4000 3294 331 200 förhör
4199 3294 364 200 uppgifvit

2642 3448 232 178 att
2775 3448 232 178 han
2907 3448 498 178 visserligen
3305 3448 232 178 den
3438 3448 199 178 21
3537 3448 332 178 dennes
3770 3448 464 178 sällskapat
4135 3448 232 178 med
4234 3448 365 178 Carlsson,

2648 3545 246 182 men
2789 3545 422 182 förnekat
3105 3545 246 182 all
3246 3545 422 182 kännedom
3563 3545 211 182 om
3668 3545 528 182 ifrågakomne
4056 3545 422 182 tillgrepp.

2710 3669 585 156 Ofvannämnde
3178 3669 429 156 hustrun
3490 3669 507 156 Albertina
3879 3669 507 156 Andersson
4269 3669 273 156 har
4386 3669 234 156 upp¬
