4989 4068
465 171 295 250 huset
662 171 197 250 No
760 171 230 250 114
892 171 262 250 Litt
1056 171 164 250 A
1121 171 164 250 å
1187 171 459 250 Hagaheden,
1548 171 230 250 att
1679 171 394 250 tisdagen
1974 171 230 250 den
2106 171 197 250 24
2171 171 230 250 sist.

466 312 379 200 Augusti
741 312 172 200 i
810 312 413 200 bostaden
1120 312 275 200 från
1292 312 310 200 henne
1498 312 516 200 tillgripits
1911 312 207 200 en
2015 312 310 200 svart
2187 312 172 200 si¬-

457 464 466 173 densjalett
823 464 233 173 med
956 464 300 173 tjock
1156 464 500 173 sidenfrans,
1556 464 266 173 värd
1722 464 233 173 Två
1856 464 366 173 Kronor,
2122 464 200 173 en
2189 464 233 173 svart

458 525 577 226 ylleparasoll,
934 525 272 226 värd
1103 525 204 226 En
1205 525 340 226 Krona,
1443 525 204 226 en
1545 525 272 226 hvit
1715 525 340 226 krage,
1952 525 272 226 värd
2122 525 204 226 25
2190 525 170 226 öre

422 680 288 196 samt
602 680 216 196 en
710 680 252 196 röd
854 680 684 196 bomullshalsduk,
1431 680 288 196 värd
1611 680 216 196 25
1719 680 288 196 öre;
1863 680 180 196 och

455 786 227 177 2o
569 786 416 177 Hustrun
871 786 454 177 Josefina
1211 786 340 177 Edman
1438 786 302 177 från
1627 786 378 177 torpet
1892 786 378 177 Blåsås
2118 786 265 177 under

475 923 353 205 gården
722 923 283 205 Utby
899 923 177 205 i
970 923 495 205 Partilleds
1358 923 389 205 socken,
1641 923 247 205 att
1782 923 424 205 Måndagen
2101 923 247 205 den
2207 923 141 205 22

473 1049 370 189 dennes
732 1049 185 189 å
806 1049 222 189 en
917 1049 333 189 olåst
1138 1049 296 189 vind
1323 1049 185 189 i
1397 1049 517 189 sistnämnde
1804 1049 259 189 hus
1951 1049 296 189 från
2099 1049 259 189 henne

480 1169 451 215 tillgripits
841 1169 180 215 en
931 1169 481 215 vinterpaletå
1321 1169 180 215 af
1411 1169 270 215 svart
1592 1169 240 215 slät
1742 1169 331 215 doffel,
1982 1169 240 215 värd
2133 1169 150 215 4
2163 1169 180 215 kro¬-

475 1276 275 201 nor;
646 1276 241 201 och
784 1276 309 201 hafva
990 1276 309 201 såväl
1196 1276 344 201 Olivia
1437 1276 447 201 Johansson
1781 1276 241 201 som
1918 1276 344 201 hustru
2124 1276 241 201 Edman

471 1395 474 251 uppgifvit,
844 1395 237 251 att
979 1395 203 251 de
1081 1395 237 251 för
1217 1395 305 251 dessa
1420 1395 441 251 tillgrepp
1759 1395 474 251 misstänkte
2098 1395 237 251 Kalk¬-

471 1544 560 194 arbeterskan
919 1544 336 194 Maria
1143 1544 448 194 Josefina
1441 1544 411 194 Sandberg.

606 1627 331 220 Sedan
827 1627 367 220 hustru
1084 1627 367 220 Edmans
1341 1627 367 220 paletå
1598 1627 551 220 återfunnits
2003 1627 367 220 pantsatt

495 1763 256 169 den
642 1763 220 169 22
752 1763 366 169 dennes
1008 1763 256 169 för
1154 1763 220 169 En
1264 1763 329 169 Krona
1483 1763 220 169 25
1593 1763 256 169 öre
1740 1763 256 169 hos
1849 1763 476 169 Pantlånaren

478 1875 210 215 J.
583 1875 210 215 P.
688 1875 350 215 Osberg
933 1875 175 215 i
1003 1875 315 215 huset
1213 1875 210 215 No
1318 1875 210 215 24
1422 1875 245 215 vid
1562 1875 525 215 Stampgatan;
1982 1875 210 215 så
2052 1875 245 215 hafva

489 1980 997 180 detektivpoliskonstaplarne
1382 1980 206 180 J.
1485 1980 344 180 Bohlin
1726 1980 241 180 och
1863 1980 206 180 C.
1932 1980 378 180 Hellström

479 2097 262 190 den
628 2097 224 190 28
740 2097 374 190 dennes
1002 2097 449 190 anhållit
1339 2097 561 190 ofvannämnde
1787 2097 336 190 Maria
1974 2097 374 190 Josefina

464 2198 467 221 Sandberg,
824 2198 288 221 utan
1003 2198 396 221 bestämd
1291 2198 396 221 bostad,
1579 2198 396 221 hvilken
1866 2198 252 221 vid
2010 2198 252 221 det
2118 2198 180 221 med

486 2340 335 200 henne
709 2340 186 200 i
783 2340 483 200 anledning
1155 2340 335 200 häraf
1378 2340 483 200 anställda
1749 2340 372 200 förhör
1973 2340 335 200 erkänt,

475 2477 267 169 att
628 2477 306 169 hon,
819 2477 267 169 som
971 2477 306 169 bott
1163 2477 573 169 tillsammans
1621 2477 267 169 med
1774 2477 382 169 Olivia
2003 2477 344 169 Johans¬-

484 2601 267 183 son,
651 2601 434 183 olofligen
984 2601 467 183 tillgripit
1352 2601 200 183 de
1452 2601 200 183 af
1552 2601 434 183 Johansson
1886 2601 367 183 anmälde
2120 2601 200 183 per¬-

468 2704 473 217 sedlarne,
831 2704 364 217 hvilka
1086 2704 254 217 han
1231 2704 364 217 iklädt
1486 2704 291 217 sig,
1667 2704 254 217 men
1813 2704 400 217 omkring
2104 2704 218 217 14
2176 2704 182 217 da¬-

471 2823 270 235 gar
626 2823 463 235 derefter
973 2823 579 235 återlemnat,
1436 2823 270 235 med
1591 2823 463 235 undantag
1938 2823 232 235 af
2016 2823 347 235 kragen,

486 2938 250 249 som
629 2938 250 249 han
772 2938 464 249 behållit;
1129 2938 250 249 att
1272 2938 428 249 Sandberg
1593 2938 357 249 jemväl
1843 2938 500 249 tillgripit
2200 2938 178 249 hu¬-

457 3071 288 195 stru
637 3071 360 195 Edmans
889 3071 396 195 paletå,
1177 3071 252 195 som
1321 3071 252 195 han
1464 3071 360 195 straxt
1716 3071 432 195 derefter
2004 3071 360 195 pantsatt

478 3182 247 205 hos
619 3182 529 205 Pantlånaren
1042 3182 212 205 J.
1148 3182 212 205 P.
1254 3182 353 205 Osberg
1501 3182 176 205 i
1571 3182 318 205 huset
1783 3182 212 205 No
1889 3182 212 205 24
1995 3182 247 205 vid
2101 3182 282 205 Stamp¬-

480 3299 273 233 gatan
662 3299 213 233 för
783 3299 182 233 En
875 3299 273 233 Krona
1057 3299 182 233 25
1148 3299 243 233 öre,
1300 3299 395 233 hvarjemte
1604 3299 365 233 Sandberg
1877 3299 365 233 tillagt,
2151 3299 213 233 att
2242 3299 152 233 hon

478 3413 267 177 sålt
645 3413 468 177 pantsedeln
1013 3413 267 177 till
1180 3413 234 177 ett
1313 3413 368 177 obekant
1581 3413 468 177 fruntimmer
1949 3413 234 177 för
2083 3413 201 177 50
2149 3413 201 177 öre.

565 3519 414 171 Paletån
866 3519 263 171 har
1017 3519 414 171 blifvit
1318 3519 226 171 af
1431 3519 527 171 Målsegaren
1807 3519 339 171 utlöst.

590 3644 216 181 På
698 3644 324 181 grund
914 3644 216 181 af
1022 3644 288 181 hvad
1203 3644 396 181 sålunda
1491 3644 541 181 förekommit,
1923 3644 360 181 kommer
2140 3644 252 181 Maria

471 3787 393 129 Josefina
766 3787 393 129 Sandberg
1061 3787 229 129 att
1192 3787 295 129 denna
1388 3787 229 129 dag
1519 3787 229 129 för
1650 3787 229 129 PKn
1748 3787 393 129 inställas.

841 3847 502 155 Göteborg
1217 3847 293 155 den
1385 3847 251 155 29
1510 3847 502 155 November
1844 3847 293 155 1880.

4472 240 256 130 No
4558 240 256 130 251.

4464 393 209 173 Olof
4568 393 313 173 Helgesson.

2673 205 442 173 Följande
3005 205 442 173 personer
3337 205 332 173 hafva
3521 205 332 173 anmält:

2609 316 224 183 1o
2721 316 449 183 Fiskaren
3057 316 374 183 Alfred
3319 316 374 183 Olsson
3581 316 299 183 från
3768 316 374 183 Malmön
4030 316 187 183 i
4068 316 411 183 Stångenäs

2611 434 338 183 härad
2837 434 338 183 Bohus
3062 434 300 183 län:
3249 434 263 183 att
3399 434 450 183 Lördagen
3737 434 263 183 den
3887 434 225 183 20
4000 434 188 183 i
4075 434 338 183 denna
4262 434 188 183 må¬-

2613 549 248 221 nad
2754 549 213 221 kl
2861 549 213 221 11
2967 549 319 221 f.m.,
3180 549 319 221 under
3393 549 248 221 det
3535 549 248 221 han
3677 549 248 221 för
3819 549 213 221 en
3926 549 284 221 kort
4103 549 319 221 stund
4281 549 177 221 af¬-

2605 670 372 223 lägsnat
2876 670 237 223 sig
3011 670 271 223 från
3181 670 237 223 vid
3316 670 609 223 Skeppsbrokajen
3824 670 406 223 förtöjda
4095 670 406 223 däcksbåten

2611 808 446 156 "Pröven",
2954 808 274 156 från
3125 808 309 156 honom
3331 808 515 156 tillgripits
3743 808 172 156 i
3811 808 309 156 båten
4017 808 446 156 förvarade
4326 808 137 156 en

2601 902 278 183 hvit
2775 902 243 183 och
2914 902 486 183 rödprickig
3296 902 486 183 ylletröja,
3678 902 278 183 värd
3851 902 174 183 4
3921 902 382 183 Kronor,
4198 902 243 183 ett
4302 902 174 183 par

2605 1021 515 224 sjöstöflar,
3017 1021 309 224 värda
3223 1021 172 224 8
3291 1021 343 224 Kronor
3532 1021 275 224 samt
3704 1021 206 224 en
3807 1021 275 224 väst
3978 1021 206 224 af
4081 1021 343 224 kvitt,
4287 1021 172 224 och

2607 1171 291 184 gult
2789 1171 437 184 fårskinn
3116 1171 291 184 värd
3298 1171 255 184 Tre
3444 1171 401 184 Kronor;
3699 1171 182 184 och

2620 1257 206 207 2o
2723 1257 377 207 Eldaren
2997 1257 274 207 Carl
3168 1257 411 207 Nilsson,
3477 1257 411 207 anställd
3785 1257 171 207 å
3854 1257 514 207 Ångfartyget
4231 1257 274 207 "Norra

2592 1399 361 194 Wiken":
2855 1399 230 194 att
2986 1399 230 194 den
3117 1399 197 194 24
3216 1399 197 194 ds
3314 1399 230 194 kl.
3445 1399 262 194 8,30
3609 1399 262 194 f.m.
3773 1399 197 194 ur
3872 1399 230 194 den
4003 1399 328 194 olåsta
4200 1399 295 194 skansen

2616 1495 177 231 å
2686 1495 354 231 nämnde
2934 1495 496 231 ångfartyg,
3324 1495 248 231 som
3465 1495 319 231 legat
3678 1495 425 231 förtöjdt
3996 1495 248 231 vid
4103 1495 389 231 Stenpiren

2623 1623 270 223 från
2792 1623 304 223 honom
2994 1623 506 223 tillgripits
3399 1623 202 223 en
3500 1623 438 223 stortröja
3837 1623 202 223 af
3939 1623 337 223 tjockt
4141 1623 371 223 mörkgrått

2626 1789 391 200 ylletyg,
2920 1789 261 200 värd
3083 1789 163 200 8
3116 1789 293 200 Kronor.

2833 1858 328 218 Efter
3051 1858 510 218 angifvelse
3452 1858 219 218 af
3562 1858 766 218 Besättningskarlen
4181 1858 292 218 Alfred

2658 1982 473 201 Johansson,
3030 1982 405 201 anställd
3334 1982 169 201 å
3401 1982 507 201 ångfartyget
3806 1982 439 201 "Inland",
4110 1982 338 201 förtöjdt

2639 2096 236 230 vid
2774 2096 640 230 Skeppsbrokajen,
3313 2096 236 230 har
3448 2096 505 230 Pkonstapeln
3852 2096 202 230 No
3953 2096 168 230 7
4020 2096 404 230 Eliasson
4290 2096 202 230 Lör¬-

2637 2224 299 236 dagen
2836 2224 233 236 den
2969 2224 199 236 27
3069 2224 332 236 dennes
3301 2224 199 236 kl
3401 2224 166 236 9
3467 2224 266 236 f.m.
3633 2224 399 236 anhållit
3932 2224 233 236 för
4065 2224 332 236 första
4264 2224 233 236 resan

2622 2372 306 227 stöld
2826 2372 442 227 straffade
3166 2372 544 227 arbetskarlen
3609 2372 272 227 Olof
3779 2372 442 227 Helgesson
4119 2372 272 227 från
4255 2372 238 227 Ange¬-

2616 2467 278 219 reds
2790 2467 348 219 socken
3033 2467 174 219 i
3103 2467 278 219 Ahle
3277 2467 313 219 härad
3485 2467 209 219 af
3590 2467 452 219 Elfsborgs
3937 2467 278 219 län,
4111 2467 243 219 för
4250 2467 243 219 det
4354 2467 174 219 han

2613 2587 284 207 kort
2790 2587 319 207 förut
3003 2587 177 207 i
3074 2587 390 207 skansen
3358 2587 284 207 till
3535 2587 497 207 sistnämnde
3925 2587 461 207 Ångfartyg
4245 2587 248 207 till¬-

2631 2729 339 248 gripit
2868 2729 237 248 och
3004 2729 339 248 iklädt
3241 2729 237 248 sig
3377 2729 203 248 en
3478 2729 441 248 Johansson
3817 2729 441 248 tillhörig
4156 2729 305 248 kavaj
4325 2729 136 248 af

2636 2839 230 254 blå
2767 2839 328 254 noppig
2997 2839 361 254 doffel,
3260 2839 263 254 värd
3424 2839 197 254 20
3522 2839 361 254 Kronor,
3785 2839 361 254 hvilken
4047 2839 295 254 kavaj
4212 2839 295 254 Helges¬-

2638 2992 286 210 son,
2817 2992 215 210 då
2924 2992 250 210 han
3068 2992 286 210 sett
3246 2992 250 210 sig
3390 2992 215 210 af
3497 2992 465 210 Johansson
3855 2992 465 210 upptäckt,
4177 2992 286 210 genast

2635 3152 418 183 afklädt
2901 3152 228 183 sig.

2782 3209 232 198 Vid
2914 3209 232 198 det
3047 3209 232 198 med
3179 3209 430 198 Helgesson
3510 3209 165 198 i
3576 3209 430 198 anledning
3907 3209 298 198 häraf
4072 3209 364 198 anställda

2622 3293 398 248 förhör,
2911 3293 253 248 har
3056 3293 253 248 han
3201 3293 434 248 förnekat
3527 3293 253 248 all
3672 3293 434 248 kännedom
3998 3293 217 248 om
4106 3293 253 248 det
4215 3293 217 248 från

2639 3442 405 212 Johansson
2950 3442 405 212 föröfvade
3262 3442 436 212 tillgrepp,
3605 3442 280 212 under
3792 3442 374 212 uppgift,
4072 3442 218 212 att
4197 3442 249 212 han,
4321 3442 156 212 som

2628 3556 230 188 den
2760 3556 197 188 27
2858 3556 197 188 ds
2957 3556 197 188 på
3056 3556 197 188 f.
3154 3556 296 188 midd.
3352 3556 296 188 varit
3549 3556 395 188 drucken,
3845 3556 362 188 nedgått
4108 3556 164 188 i
4141 3556 296 188 skansen

2627 3655 355 217 ombort
2876 3655 178 217 å
2947 3655 533 217 ångfartyget
3374 3655 391 217 Inland,
3658 3655 249 217 för
3800 3655 249 217 att
3942 3655 249 217 der
4085 3655 320 217 lägga
4262 3655 178 217 sig
