5067 4072
529 122 252 160 och
673 122 360 160 boende
925 122 180 160 i
997 122 324 160 huset
1213 122 216 160 No
1321 122 216 160 60
1429 122 216 160 af
1536 122 432 160 Majornas
1860 122 252 160 5te
2004 122 324 160 rote,
2184 122 180 160 hos

530 239 380 143 hvilkens
815 239 285 143 moder
1006 239 349 143 Jönsson
1259 239 190 143 är
1354 239 444 143 inneboende
1703 239 158 143 -
1766 239 222 143 att
1893 239 190 143 då
1956 239 412 143 Pettersson,

529 322 429 171 Lördagen
851 322 250 171 den
994 322 214 171 18
1101 322 357 171 dennes
1351 322 214 171 på
1458 322 607 171 eftermiddagen
1922 322 429 171 hemkommit,

526 407 342 158 dervid
765 407 376 158 Jönsson
1038 407 308 158 varit
1243 407 308 158 ensam
1448 407 171 158 i
1517 407 444 158 bostaden,
1858 407 444 158 Petersson
2166 407 205 158 sett

529 478 330 154 honom
749 478 294 154 fila
933 478 220 154 på
1043 478 257 154 ett
1190 478 367 154 blankt
1447 478 330 154 mynt,
1667 478 257 154 men
1814 478 257 154 att
1961 478 294 154 han,
2144 478 220 154 då
2218 478 184 154 han

545 594 554 166 warseblifwit
995 594 242 166 att
1134 594 277 166 hans
1307 594 554 166 förehafvande
1757 594 208 166 af
1860 594 450 166 Petersson
2172 594 173 166 be¬-

534 690 409 156 märktes,
841 690 375 156 hastigt
1114 690 375 156 stuckit
1386 690 341 156 myntet
1625 690 239 156 ned
1761 690 170 156 i
1829 690 205 156 en
1932 690 307 156 ficka
2136 690 170 156 å
2170 690 205 156 sina

541 786 388 158 kläder
813 786 310 158 samt
1006 786 271 158 att
1161 786 271 158 han
1316 786 349 158 någon
1549 786 310 158 kort
1743 786 349 158 stund
1936 786 388 158 derefter

516 863 253 193 kl.
660 863 397 193 omkring
949 863 180 193 4
1021 863 216 193 e.
1129 863 253 193 m.,
1274 863 180 193 i
1346 863 469 193 aflägsnat
1707 863 253 193 sig
1851 863 289 193 från
1995 863 397 193 bostaden.

515 958 242 217 2o
636 958 848 217 Besättningskarlen
1363 958 364 217 Johan
1605 958 364 217 Peter
1848 958 444 217 Larsson
2131 958 242 217 från

515 1064 421 221 gården
809 1064 547 221 Brandsbo,
1230 1064 210 221 i
1314 1064 421 221 Marups
1609 1064 421 221 socken
1903 1064 252 221 af
1987 1064 421 221 Hallands

513 1169 328 187 Län:
718 1169 205 187 -
800 1169 287 187 att
964 1169 491 187 Lördagen
1332 1169 287 187 den
1496 1169 246 187 18
1619 1169 410 187 dennes
1906 1169 287 187 kl.
2028 1169 369 187 emellan

538 1262 284 186 4-5
701 1262 244 186 e.
823 1262 284 186 m.,
985 1262 244 186 en
1107 1262 366 186 karl,
1351 1262 203 186 i
1432 1262 447 186 hvilken
1757 1262 447 186 Larsson
2042 1262 325 186 säkert

533 1339 206 192 ut
636 1339 447 192 igenkände
979 1339 275 192 Carl
1151 1339 344 192 August
1392 1339 412 192 Jönsson,
1701 1339 412 192 infunnit
2010 1339 241 192 sig
2113 1339 275 192 ombord

534 1438 187 200 å
608 1438 486 200 Skepparen
982 1438 337 200 Johan
1207 1438 299 200 Aron
1394 1438 524 200 Andressons
1805 1438 187 200 i
1843 1438 561 200 Rosenlundska¬-

537 1541 334 218 nalen
759 1541 445 218 förtöjde
1093 1541 445 218 däcksbåt
1426 1541 445 218 "Maria",
1760 1541 259 218 som
1908 1541 445 218 innehaft
2205 1541 148 218 en

546 1627 418 203 bemälde
850 1627 456 203 Skeppare
1192 1627 266 203 och
1344 1627 418 203 Larsson
1648 1627 494 203 gemensamt
1990 1627 418 203 tillhörig

557 1756 270 154 last
726 1756 202 154 af
827 1756 202 154 af
928 1756 371 154 potatis
1198 1756 236 154 och
1333 1756 371 154 begärdt
1603 1756 236 154 att
1738 1756 202 154 få
1839 1756 270 154 köpa
2007 1756 202 154 en
2109 1756 270 154 half
2243 1756 169 154 fot

553 1829 373 192 dylike;
824 1829 237 192 att
960 1829 305 192 sedan
1163 1829 441 192 potatisen
1503 1829 373 192 blifvit
1774 1829 271 192 tömd
1943 1829 170 192 i
2011 1829 203 192 en
2113 1829 203 192 af
2181 1829 237 192 Jöns¬-

538 1939 256 219 son
685 1939 403 219 medförd
978 1939 293 219 brun
1161 1939 439 219 torgkorg
1490 1939 256 219 med
1636 1939 439 219 söndrigt
1966 1939 329 219 lock,
2149 1939 256 219 Jöns¬-

535 2038 305 185 son,
725 2038 343 185 såsom
954 2038 495 185 betalning
1334 2038 266 185 för
1487 2038 495 185 Potatisen
1867 2038 305 185 till
2019 2038 343 185 Larsson

556 2146 396 167 lemnat
834 2146 277 167 ett
992 2146 317 167 mynt
1190 2146 198 167 à
1270 2146 238 167 En
1389 2146 396 167 krona,
1666 2146 436 167 hvilket
1943 2146 357 167 Larsson

556 2207 232 233 som
688 2207 364 233 twiflat
953 2207 199 233 på
1052 2207 364 233 myntets
1317 2207 364 233 äkthet,
1582 2207 496 233 öfverlemnat
1979 2207 265 233 till
2111 2207 298 233 Skeppa¬-

546 2339 265 196 ren
698 2339 568 196 Andreasson,
1152 2339 455 196 hvilken,
1493 2339 341 196 efter
1721 2339 265 196 att
1872 2339 341 196 hafva
2062 2339 303 196 påsett

552 2441 444 190 detsamma,
894 2441 444 190 tillsagdt
1235 2441 376 190 Jönsson
1509 2441 239 190 att
1645 2441 410 190 medfölja
1953 2441 308 190 tills
2124 2441 273 190 Polis¬-

568 2528 447 167 betjening
912 2528 551 167 anträffades,
1359 2528 447 167 hvarefter
1703 2528 482 167 Andreasson
2082 2528 241 167 och
2185 2528 241 167 Jöns¬-

551 2634 283 189 son,
728 2634 389 189 hvilken
1011 2634 496 189 qwarlemnat
1400 2634 389 189 korgen,
1684 2634 248 189 med
1825 2634 496 189 Potatisen,
2179 2634 248 189 "gått

561 2736 180 151 i
633 2736 361 151 land";
886 2736 253 151 att
1030 2736 505 151 Andreasson
1427 2736 253 151 ett
1571 2736 325 151 stund
1788 2736 433 151 derefter
2076 2736 361 151 återkom¬-

568 2825 242 161 mit
707 2825 276 161 till
879 2825 311 161 båten
1087 2825 242 161 och
1225 2825 345 161 derwid
1467 2825 380 161 omtalat
1743 2825 242 161 att
1881 2825 380 161 Jönsson
2123 2825 311 161 lyckats

541 2924 522 174 undkomma
932 2924 609 174 Andreasson
1410 2924 304 174 men
1584 2924 304 174 att
1758 2924 391 174 denne
1975 2924 435 174 behållit

566 3032 268 171 det
719 3032 383 171 falska
949 3032 345 171 myntet.

564 3088 231 187 3o
679 3088 499 187 Skepparen
1063 3088 346 187 Johan
1294 3088 307 187 Aron
1486 3088 576 187 Andreasson,
1908 3088 423 187 likaledes

570 3176 314 201 från
766 3176 470 201 Brandsbo
1119 3176 196 201 i
1197 3176 392 201 Morups
1471 3176 431 201 socken,
1785 3176 196 201 i
1824 3176 588 201 öfwerensstäm¬-

550 3276 341 195 melse
777 3276 265 195 med
929 3276 416 195 Larsson
1231 3276 265 195 med
1383 3276 416 195 tillägg
1686 3276 265 195 att
1837 3276 227 195 då
1951 3276 265 195 han
2102 3276 303 195 gått
2253 3276 114 195 i

567 3370 281 218 land
742 3370 246 218 med
883 3370 386 218 Jönsson
1163 3370 246 218 för
1304 3370 246 218 att
1444 3370 281 218 söka
1619 3370 631 218 Polisbetjening
2145 3370 246 218 och
2251 3370 140 218 de

574 3481 385 193 kommit
843 3481 192 193 i
920 3481 461 193 närheten
1266 3481 231 193 af
1381 3481 500 193 Gaswerket
1766 3481 269 193 der
1920 3481 346 193 stått
2112 3481 269 193 några

575 3579 383 186 karlar,
854 3579 209 186 på
958 3579 348 186 hvilka
1202 3579 418 186 Jönsson,
1515 3579 418 186 hvilket,
1828 3579 313 186 under
2002 3579 348 186 yttrande

634 3629 290 242 "der
815 3629 290 242 står
996 3629 254 242 min
1141 3629 399 242 förman,
1431 3629 218 242 af
1540 3629 326 242 honom
1758 3629 254 242 har
1903 3629 254 242 jag
2048 3629 290 242 fått
2193 3629 218 242 kro¬-

597 3742 300 217 nan",
797 3742 433 217 hvarefter
1130 3742 233 217 han
1263 3742 466 217 förswunnit
1630 3742 200 217 ur
1730 3742 500 217 Andreassons
2096 3742 300 217 synhåll

2702 100 277 153 samt
2876 100 243 153 att
3014 100 520 153 Andreasson,
3430 100 208 153 då
3534 100 451 153 återvändt
3881 100 277 153 till
4054 100 312 153 båten
4262 100 243 153 och
4366 100 173 153 af¬-

2697 217 365 143 lemnat
2952 217 255 143 det
3098 217 620 143 ifrågawarande
3608 217 365 143 myntet
3864 217 255 143 tll
3973 217 365 143 Larsson.

2851 290 520 187 Skepparen
3251 290 360 187 Bengt
3491 290 400 187 Edward
3771 290 520 187 Andersson
4131 290 240 187 från

2690 399 525 169 Skogstorp
3093 399 242 169 No
3215 399 202 169 4
3255 399 121 169 i

3611 412 395 134 Socken
3887 412 237 134 af
4006 412 474 134 Hallands
4322 412 198 134 Län

2684 473 393 180 förande
2970 473 357 180 Jakten
3220 473 393 180 "Hilda"
3506 473 179 180 -
3577 473 250 180 att
3720 473 286 180 han,
3899 473 321 180 hvars
4113 473 250 180 båt
4256 473 250 180 den
4363 473 143 180 18

2735 599 204 152 ds
2837 599 442 152 likaledes
3177 599 306 152 legat
3381 599 374 152 förtöjd
3653 599 170 152 i
3721 599 748 152 Rosenlundskanalen,
4333 599 204 152 sett

2701 702 233 136 att
2834 702 399 136 Jönsson,
3133 702 366 136 hvilken
3399 702 233 136 han
3499 702 266 136 säkert

3693 701 148 95 igen¬-

3767 688 398 153 kände,
4046 688 239 153 af
4125 688 358 153 Larsson

2693 786 259 154 och
2841 786 517 154 Andreasson
3247 786 296 154 köpt
3432 786 480 154 Potatisen
3802 786 259 154 och
3950 786 333 154 såsom
4134 786 407 154 betalning

2689 896 410 146 derför
2976 896 492 146 aflemnat
3345 896 287 146 det
3509 896 246 146 af
3632 896 287 146 dem
3796 896 574 146 omförmälda
4206 896 328 146 falska

2650 988 383 137 myntet.

2757 1052 399 213 Jönsson,
3056 1052 399 213 härefter
3355 1052 499 213 ytterligare
3755 1052 299 213 hörd,
3954 1052 233 213 har
4087 1052 432 213 uppgifwit
4387 1052 166 213 att

2690 1194 273 168 det
2846 1194 311 168 icke
3040 1194 350 168 warit
3274 1194 234 168 på
3391 1194 350 168 något
3625 1194 311 168 mynt
3819 1194 311 168 utan
4014 1194 234 168 på
4131 1194 273 168 ett
4286 1194 234 168 s.
4364 1194 156 168 k.

2703 1288 483 183 "lekande"
3075 1288 260 183 som
3223 1288 372 183 gossen
3483 1288 335 183 Johan
3706 1288 372 183 Albert
3967 1288 483 183 Petersson
4301 1288 223 183 sett

2703 1390 408 180 Jönsson
3000 1390 297 180 fila
3185 1390 260 180 och
3334 1390 260 180 har
3482 1390 408 180 Jönsson
3779 1390 445 180 förnekat
4113 1390 260 180 att
4261 1390 260 180 han
4372 1390 186 180 den

2691 1489 241 185 18
2811 1489 241 185 ds
2932 1489 241 185 på
3053 1489 483 185 aftonen,
3415 1489 241 185 på
3535 1489 322 185 sätt
3696 1489 764 185 Besättningskarlen

2691 1603 488 130 Larsson
3045 1603 355 130 samt
3267 1603 576 130 Skepparne
3711 1603 621 130 Andreasson
4198 1603 310 130 och
4331 1603 222 130 An¬-

2696 1706 441 98 dersson
3017 1706 521 98 berättat,
3418 1706 481 98 Lördagen
3778 1706 281 98 den
3939 1706 241 98 18
4059 1706 241 98 ds
4179 1706 241 98 p.
4299 1706 241 98 e.
4380 1706 160 98 m.

2701 1796 375 146 warit
2951 1796 417 146 ombord
3243 1796 208 146 å
3326 1796 625 146 Andreassons
3827 1796 292 146 båt
3993 1796 292 146 och
4160 1796 333 146 köpt
4327 1796 208 146 Po¬-

2698 1879 464 127 tatis,
3022 1879 556 127 äfvensom
3439 1879 325 127 att
3625 1879 325 127 han
3810 1879 371 127 till
4042 1879 325 127 dem
4181 1879 371 127 lemnat

2683 1954 415 191 något
2959 1954 415 191 mynt;
3236 1954 691 191 medgifwande
3789 1954 369 191 dock
4019 1954 507 191 Jönsson
4342 1954 230 191 att

2714 2062 292 131 den
2881 2062 250 131 af
3006 2062 292 131 dem
3173 2062 584 131 omförmälda
3633 2062 459 131 korgen,
3966 2062 334 131 wore
4175 2062 250 131 en
4259 2062 250 131 korg

2696 2151 302 175 som
2868 2151 474 175 Jönsson
3213 2151 388 175 samme
3471 2151 302 175 dag
3644 2151 388 175 lånat
3902 2151 258 175 af
4031 2151 388 175 Enkan
4247 2151 302 175 Laura

2696 2246 447 149 Cecilia
3022 2246 447 149 Bäcker,
3347 2246 447 149 hvilken
3672 2246 366 149 bodde
3916 2246 203 149 i
3998 2246 366 149 samma
4242 2246 285 149 hus
4364 2246 203 149 som

2718 2336 440 168 Jönsson
3038 2336 320 168 samt
3238 2336 280 168 att
3398 2336 280 168 han
3558 2336 440 168 medhaft
3878 2336 360 168 denna
4118 2336 320 168 korg
4278 2336 240 168 från

2721 2440 320 140 sitt
2921 2440 280 140 hem
3081 2440 200 140 -
3161 2440 521 140 hvarjemte
3562 2440 280 140 han
3722 2440 521 140 uppgifwit
4123 2440 280 140 att
4243 2440 280 140 sedan

2716 2529 295 157 han
2885 2529 380 157 fyllt
3138 2529 422 157 korgen
3433 2529 295 157 med
3602 2529 380 157 sand,
3855 2529 295 157 som
4024 2529 295 157 han
4150 2529 380 157 användt

2726 2619 290 179 wid
2891 2619 539 179 utöfwande
3306 2619 249 179 af
3430 2619 332 179 sitt
3638 2619 373 179 yrke,
3886 2619 332 179 han,
4093 2619 249 179 då
4218 2619 290 179 han
4342 2619 166 179 af

3006 2694 492 158 anmodats
3375 2694 451 158 biträda
3703 2694 410 158 denne,
3991 2694 410 158 ställt
4237 2694 328 158 korgen

2709 2802 321 182 från
2910 2802 281 182 sig
3070 2802 321 182 nära
3271 2802 603 182 Fiskhallen,
3754 2802 522 182 hvarefter
4155 2802 281 182 han
4276 2802 241 182 icke

2715 2894 424 128 kunnat
3011 2894 551 128 återfinna
3393 2894 466 128 densamma.

2808 2960 498 158 Måndagen
3182 2960 291 158 den
3348 2960 249 158 20
3473 2960 249 158 ds
3597 2960 374 158 hafva
3846 2960 623 158 ytterligare
4303 2960 249 158 min¬-

2724 3056 443 154 derårige
3056 3056 332 154 Jakob
3278 3056 332 154 Adolf
3499 3056 517 154 Andersson,
3905 3056 295 154 född
4089 3056 258 154 den
4237 3056 221 154 10
4311 3056 221 154 Juli

2714 3148 303 143 1868
2903 3148 265 143 och
3055 3148 378 143 boende
3319 3148 189 143 i
3395 3148 340 143 huset
3622 3148 227 143 No
3735 3148 227 143 10
3849 3148 265 143 vid
3962 3148 492 143 Mellangatan

2699 3225 303 191 samt
2889 3225 682 191 Mjölhandlanden
3457 3225 227 191 S.
3570 3225 227 191 A.
3684 3225 530 191 Johansson,
4101 3225 265 191 som
4252 3225 341 191 idkar
4441 3225 114 191 å

2724 3287 503 226 Kungstorget
3127 3287 235 226 och
3261 3287 235 226 bor
3396 3287 168 226 i
3463 3287 302 226 huset
3664 3287 201 226 No
3765 3287 201 226 17
3866 3287 269 226 Litt
4034 3287 201 226 B.
4134 3287 168 226 i
4168 3287 369 226 Redbergs¬-

2712 3426 352 154 liden
2907 3426 352 154 anmält:

2779 3481 459 215 Andersson:
3140 3481 230 215 att
3271 3481 230 215 han
3402 3481 230 215 som
3533 3481 262 215 wore
3697 3481 721 215 tidningskolportör,
4288 3481 262 215 Lörda¬-

2682 3594 229 190 gen
2813 3594 229 190 den
2944 3594 197 190 18
3043 3594 197 190 ds
3141 3594 229 190 kl.
3272 3594 360 190 omkring
3534 3594 164 190 8
3600 3594 197 190 på
3698 3594 360 190 aftonen
3960 3594 164 190 å
4026 3594 459 190 Husargatan
4353 3594 197 190 till

2702 3696 176 170 en
2790 3696 263 170 okänd
2965 3696 234 170 karl
3111 3696 205 170 för
3228 3696 176 170 10
3316 3696 205 170 öre
3433 3696 234 170 sålt
3579 3696 176 170 en
3667 3696 351 170 tidning,
3930 3696 205 170 för
4047 3696 293 170 liquid
4252 3696 176 170 af
4311 3696 263 170 hvilken
