5014 4054
477 159 586 190 tillhorige
937 159 418 190 byxor,
1230 159 293 190 och
1398 159 335 190 kort
1607 159 502 190 derefter
1942 159 418 190 derefter

452 318 448 159 ombord
766 318 224 159 å
855 318 672 159 ångfartyget
1393 318 448 159 "Hebe"
1706 318 314 159 som
1885 318 403 159 leget
2109 318 269 159 för¬-

456 411 383 193 töjdt
712 411 298 193 vid
882 411 425 193 straxt
1180 411 425 193 intill
1478 411 596 193 fönstnämde
1903 411 468 193 ångfartyg

443 531 659 182 ifrågakomne
970 531 351 182 korg
1190 531 307 182 med
1366 531 351 182 deri
1585 531 571 182 förvarade
1980 531 264 182 gods

486 631 500 176 Följande
862 631 500 176 personer
1237 631 375 176 hafva
1487 631 500 176 härefter
1821 631 375 176 anmält:

444 773 257 180 1o
573 773 472 180 Hustrun
916 773 386 180 Hedda
1174 773 429 180 Olsson
1474 773 343 180 från
1689 773 429 180 gården
1946 773 472 180 Skenning¬-

465 883 391 172 gared
725 883 217 172 i
812 883 608 172 Skepplanda
1290 883 434 172 socken
1594 883 261 172 af
1724 883 348 172 Ahle
1942 883 391 172 härad
2159 883 217 172 att

468 1007 324 184 hon
653 1007 370 184 vore
884 1007 416 184 egare
1161 1007 370 184 till
1392 1007 693 184 ifrågakomne
1947 1007 370 184 korg
2132 1007 231 184 med

452 1110 349 196 hvad
670 1110 349 196 deri
888 1110 566 196 förvarats
1324 1110 392 196 under
1585 1110 479 196 uppgift
1934 1110 305 196 att
2064 1110 349 196 godset

450 1256 272 159 som
606 1256 311 159 vore
800 1256 389 159 värdt,
1072 1256 389 159 Korgen
1345 1256 194 159 1
1423 1256 233 159 Kr
1539 1256 233 159 50
1656 1256 311 159 öre,
1850 1256 389 159 sjalen
2123 1256 194 159 2
2162 1256 194 159 Kr,

446 1371 277 154 det
605 1371 356 154 bruna
842 1371 198 154 1
921 1371 237 154 Kr
1039 1371 237 154 75
1158 1371 316 154 öre,
1355 1371 277 154 det
1514 1371 356 154 hvita
1751 1371 435 154 sockret
2067 1371 237 154 90
2146 1371 237 154 öre,

470 1474 553 187 krafttyget
904 1474 197 187 1
983 1474 237 187 Kr
1101 1474 237 187 30
1220 1474 316 187 öre,
1417 1474 355 187 duken
1654 1474 237 187 50
1772 1474 316 187 öre,
1930 1474 474 187 domestiken

473 1642 234 133 10
590 1642 312 133 öre,
785 1642 351 133 bleck
1018 1642 351 133 silen
1252 1642 234 133 50
1369 1642 312 133 öre,
1564 1642 506 133 småbrödet
1953 1642 234 133 50
2031 1642 234 133 öre,

471 1726 527 191 buteljen
866 1726 307 191 med
1042 1726 527 191 linoljan
1437 1726 264 191 30
1569 1726 351 191 öre;
1745 1726 571 191 tombuteljen

452 1903 218 143 8
540 1903 349 143 öre,
758 1903 655 143 spillkummen
1282 1903 262 143 25
1413 1903 306 143 öre
1587 1903 306 143 och
1718 1903 611 143 kryddpeppern

460 2019 208 173 9
544 2019 291 173 öre
710 2019 291 173 den
876 2019 249 173 28
1000 2019 415 173 dennes
1291 2019 249 173 på
1415 2019 457 173 aftonen
1748 2019 623 173 tillgripits
2204 2019 208 173 om¬-

470 2099 355 187 bord
692 2099 222 187 å
780 2099 666 187 ångfartyget
1313 2099 444 187 "Hebe"
1580 2099 222 187 och

433 2239 273 201 2o
570 2239 455 201 ogifta
889 2239 364 201 Inga
1116 2239 592 201 Olsdotter
1571 2239 364 201 från
1799 2239 455 201 gården
2072 2239 273 201 Såg¬-

436 2375 454 181 torpet
753 2375 227 181 i
844 2375 681 181 Westerlanda
1389 2375 454 181 socken
1707 2375 318 181 att
1889 2375 454 181 knytet
2161 2375 227 181 med

421 2490 646 200 bommullen
918 2490 348 200 och
1117 2490 646 200 småbrödet
1613 2490 646 200 tillhörde
2060 2490 348 200 henne

421 2639 310 172 med
598 2639 487 172 tillägg
952 2639 310 172 att
1129 2639 753 172 ifragavarande
1749 2639 354 172 gods
1970 2639 310 172 som
2103 2639 310 172 till¬-

431 2764 536 164 sammans
821 2764 390 164 vore
1065 2764 439 164 värdt
1357 2764 292 164 56
1504 2764 341 164 öre
1699 2764 634 164 förenämde
2137 2764 244 164 dag

434 2852 640 191 tillgripits
946 2852 427 191 ombord
1245 2852 213 191 å
1330 2852 640 191 Ångfartyget
1843 2852 384 191 Lilla
2056 2852 256 191 Edet

454 2986 280 155 På
594 2986 419 155 grund
874 2986 280 155 af
1014 2986 373 155 hvad
1247 2986 513 155 sålunda
1619 2986 652 155 förekommit
2085 2986 280 155 kom¬-

443 3128 365 176 mer
651 3128 521 176 August
1016 3128 730 176 Gustafsson
1590 3128 365 176 att
1799 3128 469 176 denna
2059 3128 261 176 dag

432 3245 337 152 för
624 3245 818 152 Poliskammaren
1250 3245 577 152 inställas.

1115 3339 459 191 Göteborg
1459 3339 268 191 den
1612 3339 229 191 30
1726 3339 497 191 September
2070 3339 268 191 1880.

60 3446 258 166 No
146 3446 258 166 213.

33 3553 268 151 Carl
168 3553 268 151 Gustaf

0 3662 425 130 Brattberg

470 3424 513 188 Kusken
829 3424 513 188 Anders
1188 3424 719 188 Stefansson
1753 3424 565 188 anstald
2112 3424 257 188 hos

416 3583 792 186 Droskegaren
1050 3583 317 186 J.
1209 3583 581 186 Jonsson
1631 3583 370 186 och
1843 3583 528 186 boende
2160 3583 158 186 i

439 3691 468 199 huset
751 3691 312 199 No
907 3691 260 199 8
1011 3691 312 199 af
1167 3691 624 199 Majornas
1635 3691 364 199 4de
1843 3691 416 199 rote
2051 3691 260 199 har

2638 148 337 185 den
2830 148 289 185 29
2975 148 482 185 sistl.
3312 148 626 185 September
3794 148 482 185 anmält
4131 148 337 185 att
4275 148 241 185 tre

2628 263 501 173 gånger
2978 263 250 173 i
3078 263 651 173 sistlidne
3579 263 400 173 Juli
3829 263 450 173 månad
4130 263 400 173 samt
4330 263 250 173 den

2624 395 269 203 20
2759 395 314 203 och
2938 395 269 203 27
3072 395 582 203 sistlidne
3520 395 582 203 September
3968 395 582 203 föröfvats
4371 395 224 203 in¬-

2606 530 446 179 brott
2904 530 248 179 i
3003 530 297 179 en
3151 530 446 179 honom
3448 530 644 179 tillhörig
3944 530 248 179 i
3993 530 545 179 drängkam¬-

2600 650 460 176 maren
2907 650 256 176 i
3009 650 716 176 ofvannämde
3572 650 358 176 hus
3777 650 665 176 befintlig
4237 650 307 176 låst

2614 775 394 149 kista;
2889 775 276 149 att
3047 775 394 149 tjuven
3322 775 394 149 beredt
3598 775 276 149 sig
3756 775 512 149 tillträde
4149 775 315 149 till
4307 775 236 149 den¬-

2617 888 432 180 samma
2905 888 528 180 medelst
3289 888 336 180 att
3481 888 336 180 med
3674 888 384 180 dyrk
3914 888 432 180 eller
4154 888 336 180 falsk

2616 1007 447 201 nyckel
2929 1007 402 201 öppna
3197 1007 492 201 kistans
3555 1007 358 201 lås;
3778 1007 358 201 samt
4002 1007 313 201 att
4180 1007 313 201 vid
4315 1007 223 201 in¬-

2609 1136 541 198 brottens
3015 1136 586 198 föröfvats
3466 1136 541 198 följande
3827 1136 541 198 tillgrepp,

2620 1237 546 249 nemligen,
3040 1237 294 249 vid
3208 1237 420 249 första
3502 1237 588 249 tillfället
3963 1237 210 249 i
4047 1237 336 249 Juli
4215 1237 294 249 månad

2623 1384 241 204 en
2743 1384 362 204 sedel
2985 1384 201 204 å
3065 1384 241 204 10
3186 1384 443 204 kronor,
3508 1384 282 204 vid
3669 1384 282 204 det
3830 1384 362 204 andra
4071 1384 282 204 två
4192 1384 322 204 sedlar

2608 1510 485 203 hvardera
2971 1510 202 203 å
3052 1510 202 203 5
3133 1510 404 203 kronor
3416 1510 283 203 och
3577 1510 283 203 vid
3739 1510 283 203 det
3901 1510 364 203 sista
4143 1510 283 203 två
4264 1510 283 203 fick¬-

2616 1692 272 146 ur,
2772 1692 272 146 det
2927 1692 272 146 ena
3083 1692 272 146 ett
3238 1692 545 146 cylinderur
3666 1692 233 146 af
3783 1692 661 146 "springspång"
4289 1692 272 146 värde

2604 1806 232 156 6
2696 1806 463 156 Kronor
3021 1806 324 156 och
3206 1806 324 156 det
3391 1806 417 156 andra
3669 1806 324 156 ett
3854 1806 510 156 gammalt
4179 1806 324 156 spin¬-

2617 1898 392 175 delur
2879 1898 392 175 värdt
3141 1898 218 175 2
3228 1898 480 175 Kronor,
3577 1898 349 175 samt
3795 1898 305 175 den
3969 1898 262 175 26
4056 1898 480 175 September

2605 2052 430 159 några
2892 2052 478 159 äpplen
3227 2052 335 159 och
3418 2052 717 159 nästpåfölde
3992 2052 335 159 dag
4183 2052 287 159 in
4279 2052 239 159 blå

2615 2145 678 145 kontorsrock
3157 2145 362 145 värd
3384 2145 271 145 15
3474 2145 407 145 kronor.

2625 2291 404 132 Sedan
2894 2291 673 132 Stefanssons
3433 2291 359 132 rock
3657 2291 493 132 blifvit
3971 2291 538 132 återfunnen

2602 2414 491 148 pantsatt
2970 2414 287 148 den
3134 2414 246 148 27
3257 2414 409 148 sistl.
3544 2414 532 148 September
3953 2414 287 148 hos
4076 2414 450 148 Pantlåna¬-

2592 2518 393 218 naren
2854 2518 262 218 P.
2985 2518 262 218 M.
3116 2518 568 218 Lindström
3553 2518 218 218 i
3640 2518 393 218 huset
3902 2518 262 218 No
4033 2518 262 218 43
4164 2518 306 218 vid
4295 2518 175 218 af

2600 2652 560 169 Majornas
3020 2652 327 169 2de
3207 2652 373 169 rote
3441 2652 327 169 för
3627 2652 233 169 4
3721 2652 467 169 kronor
4001 2652 233 169 har

2597 2763 923 188 Detektivkonstapeln
3394 2763 252 188 C.
3520 2763 252 188 G.
3645 2763 419 188 Andrén
3939 2763 294 188 den
4107 2763 252 188 30
4191 2763 335 188 sistl.

2584 2899 618 186 September
3060 2899 571 186 anhållit
3488 2899 618 186 ynglingen
3964 2899 381 186 Carl
4154 2899 381 186 Gustaf

2608 3012 565 199 Brattberg
3042 3012 435 199 boende
3347 3012 217 199 i
3434 3012 391 199 huset
3695 3012 261 199 No
3825 3012 304 199 156
3999 3012 261 199 af
4086 3012 435 199 Majornas

2612 3121 262 224 1e
2743 3121 392 224 rote,
3005 3121 480 224 hvilken
3354 3121 305 224 vid
3528 3121 305 224 det
3703 3121 305 224 med
3877 3121 392 224 honom
4139 3121 218 224 i
4182 3121 349 224 anled¬-

2590 3271 354 200 ning
2811 3271 398 200 häraf
3077 3271 575 200 anställde
3519 3271 443 200 förhör
3829 3271 487 200 vidgått
4183 3271 310 200 att
4316 3271 221 200 han

2591 3432 317 178 som
2772 3432 498 178 stundom
3134 3432 498 178 biträdt
3496 3432 226 178 i
3587 3432 679 178 droskegaren
4085 3432 453 178 Janssons

2591 3569 427 159 stall
2875 3569 332 159 med
3065 3569 712 159 hvarjehanda
3635 3569 570 159 göromål,
4063 3569 285 159 da
4158 3569 332 159 ingen

2599 3703 591 150 innevarit
3053 3703 318 150 uti
3235 3703 772 150 drängkammaren
3871 3703 318 150 der
4052 3703 454 150 ingått
4325 3703 227 150 och
