5118 4088
514 269 327 83 hylla
732 269 545 83 tillgripits
1167 269 291 83 från
1349 269 291 83 hans
1530 269 363 83 söner:
1785 269 291 83 Axel
1966 269 399 83 Ahlberg
2220 269 182 83 tre

524 384 222 87 par
651 384 413 87 snörskor,
969 384 476 87 tillsammans
1318 384 222 87 värda

2069 379 261 77 Kr.
2181 379 149 77 20

524 489 253 73 och
669 489 362 73 Anders
886 489 362 73 Ahlberg:

520 585 212 69 Ett
641 585 212 69 par
762 585 272 69 stora
913 585 363 69 sjöstöflar

1865 584 317 70 värda
2076 584 176 70 "
2111 584 211 70 12:-

515 679 229 83 ett
646 679 229 83 par
744 679 426 83 resårpjexor

1916 673 204 80 do
2018 673 238 80 -"-
2120 673 204 80 10:-

520 775 225 97 och
649 775 225 97 ett
777 775 225 97 par
874 775 386 97 snörkänger

1935 769 175 79 do
2052 769 205 79 -"-
2198 769 175 79 6.
2256 769 88 79 -

523 862 219 107 och
648 862 188 107 5o
742 862 438 107 Handlanden
1086 862 188 107 S.
1180 862 188 107 J.
1274 862 376 107 Jönsson,
1556 862 219 107 som
1681 862 219 107 har
1806 862 219 107 sin
1932 862 282 107 butik
2120 862 157 107 i
2151 862 219 107 huset

507 967 188 113 No
601 967 188 113 30
695 967 219 113 vid
820 967 470 113 Kyrkogatan,
1196 967 219 113 att
1322 967 219 113 vid
1447 967 282 113 något
1635 967 408 113 tillfälle
1949 967 345 113 emellan
2200 967 219 113 den
2294 967 94 113 5

518 1063 225 111 och
646 1063 193 111 10
743 1063 321 111 dennes
967 1063 161 111 i
1032 1063 353 111 berörde
1288 1063 289 111 butik
1481 1063 257 111 från
1642 1063 289 111 honom
1834 1063 482 111 tillgripits
2219 1063 161 111 5
2251 1063 161 111 st.

524 1171 379 111 gråbruna
808 1171 631 111 ylleundertröjor,
1345 1171 473 111 tillsammans
1723 1171 284 111 värda
1913 1171 189 111 12
2007 1171 221 111 Kr.
2134 1171 189 111 50
2197 1171 189 111 öre.

617 1285 415 99 Måndagen
929 1285 242 99 den
1067 1285 208 99 12
1171 1285 346 99 dennes
1413 1285 311 99 hafva
1621 1285 415 99 detektiv
1898 1285 484 99 Konstaplarne

528 1392 383 108 Rönnbäck
815 1392 224 108 och
943 1392 192 108 C.
1039 1392 415 108 Hällström
1358 1392 224 108 vid
1486 1392 287 108 besök
1678 1392 224 108 hos
1805 1392 479 108 Pantlånaren
2188 1392 192 108 C.
2252 1392 128 108 H.

523 1501 261 94 Berg
686 1501 163 94 i
752 1501 293 94 huset
947 1501 196 94 No
1045 1501 196 94 57
1143 1501 228 94 vid
1273 1501 424 94 Sillgatan
1599 1501 424 94 påträffat
1926 1501 228 94 ett
2056 1501 228 94 par
2186 1501 196 94 af
2252 1501 130 94 A¬-

513 1587 233 107 xel
646 1587 400 107 Ahlbergs
946 1587 433 107 snörskor,
1279 1587 433 107 pantsatte
1612 1587 300 107 under
1812 1587 200 107 No
1912 1587 266 107 7671
2078 1587 233 107 den
2211 1587 167 107 3
2245 1587 133 107 ds

509 1679 220 135 för
634 1679 189 135 En
729 1679 315 135 Krona,
949 1679 315 135 Anders
1169 1679 378 135 Ahlbergs
1453 1679 315 135 pjexor
1673 1679 220 135 den
1799 1679 189 135 10
1893 1679 189 135 ds
1987 1679 283 135 under
2176 1679 189 135 No
2239 1679 189 135 7937

507 1799 234 125 för
640 1799 201 125 En
741 1799 301 125 Krona
941 1799 234 125 och
1075 1799 535 125 snörkängerna
1509 1799 234 125 den
1643 1799 167 125 3
1710 1799 334 125 dennes
1944 1799 301 125 under
2145 1799 201 125 No
2211 1799 201 125 7693

501 1915 232 119 för
633 1915 232 119 Två
766 1915 364 119 Kronor,
1031 1915 232 119 vid
1163 1915 364 119 hvilket
1428 1915 431 119 tillfälle
1760 1915 464 119 Stadsbudet
2091 1915 265 119 Gustaf

495 2027 316 113 Adolf
705 2027 421 113 Sandberg
1021 2027 351 113 jemväl
1267 2027 351 113 infann
1513 2027 246 113 sig
1653 2027 175 113 i
1723 2027 316 113 Bergs
1899 2027 491 113 Pantlånekon¬-

514 2145 223 109 tor
641 2145 223 109 för
769 2145 223 109 att
896 2145 318 109 utlösa
1118 2145 318 109 Anders
1341 2145 381 109 Ahlbergs
1627 2145 350 109 pjexor,
1881 2145 286 109 under
2040 2145 318 109 uppgift,

516 2245 226 117 att
645 2245 226 117 han
774 2245 356 117 blifvit
1033 2245 356 117 dertill
1291 2245 259 117 sänd
1453 2245 194 117 af
1550 2245 226 117 två
1679 2245 453 117 ynglingar,
2035 2245 226 117 som
2132 2245 226 117 stode

515 2351 364 117 utanför
779 2351 198 117 på
879 2351 297 117 gatan
1077 2351 231 117 och
1209 2351 397 117 väntade;
1507 2351 231 117 och
1639 2351 297 117 hafva
1837 2351 397 117 derefter
2102 2351 264 117 bemäl¬-

509 2457 212 121 de
615 2457 495 121 konstaplar
1003 2457 424 121 anhållit
1321 2457 353 121 nämnde
1569 2457 495 121 ynglingar,
1957 2457 353 121 hvilka
2169 2457 177 121 be¬-

490 2571 375 119 funnits
763 2571 273 119 vara
933 2571 307 119 Johan
1137 2571 307 119 Adolf
1342 2571 375 119 Jonsson
1614 2571 273 119 från
1785 2571 443 119 Stenkyrke
2091 2571 273 119 socken

499 2681 163 125 å
565 2681 294 125 Tjörn
761 2681 229 125 och
891 2681 294 125 Josef
1087 2681 327 125 Victor
1316 2681 359 125 Emanuel
1577 2681 359 125 Majgren
1839 2681 392 125 härifrån
2100 2681 294 125 staden.

625 2785 246 117 Wid
765 2785 246 117 det
906 2785 246 117 med
1046 2785 386 117 Jonsson
1327 2785 246 117 och
1468 2785 386 117 Majgren
1749 2785 176 117 i
1819 2785 457 117 anledning
2135 2785 211 117 här¬-

491 2909 197 110 af
590 2909 427 110 anställda
918 2909 328 110 förhör
1148 2909 295 110 hafva
1345 2909 197 110 de
1410 2909 394 110 uppgifvit:

456 2991 215 124 1o
564 2991 431 124 Jonsson:
887 2991 251 124 att
1030 2991 251 124 han
1174 2991 215 124 är
1281 2991 287 124 född
1461 2991 251 124 den
1604 2991 215 124 24
1712 2991 395 124 Augusti
1999 2991 287 124 1862
2143 2991 179 124 och

497 3093 390 142 tillhör
780 3093 461 142 Stenkyrke
1135 3093 496 142 församling
1525 3093 177 142 å
1596 3093 355 142 Tjörn;
1844 3093 248 142 att
1986 3093 248 142 han
2092 3093 284 142 kommit

494 3205 241 126 hit
631 3205 276 126 till
804 3205 344 126 staden
1045 3205 207 126 år
1148 3205 276 126 1877
1320 3205 207 126 på
1424 3205 344 126 hösten
1665 3205 241 126 och
1802 3205 413 126 innehaft
2078 3205 310 126 åtskil¬-

495 3303 266 141 lige
661 3303 399 141 tjenster
960 3303 299 141 tills
1160 3303 299 141 siste
1360 3303 366 141 sommar,
1626 3303 432 141 hvarefter
1958 3303 233 141 han
2091 3303 266 141 icke
2224 3303 200 141 haft

491 3417 280 131 någon
678 3417 343 131 bestämd
927 3417 592 131 sysselsättning;
1425 3417 218 131 att
1550 3417 218 131 han
1674 3417 187 131 en
1768 3417 498 131 söndagsafton
2173 3417 156 131 i
2204 3417 218 131 sist.

492 3516 458 130 November
835 3516 344 130 månad
1064 3516 191 130 i
1141 3516 458 130 sällskap
1484 3516 267 130 med
1637 3516 229 130 en
1751 3516 573 130 mansperson,
2171 3516 191 130 som

500 3621 412 120 uppgifvit
817 3621 222 120 sig
944 3621 254 120 vara
1102 3621 285 120 förre
1293 3621 539 120 Artilleristen
1736 3621 349 120 Jonsson
1990 3621 317 120 Bajard
2180 3621 190 120 från

496 3737 355 106 Sköfde
745 3737 249 106 och
887 3737 391 106 hvilken
1172 3737 213 106 då
1278 3737 320 106 bodde
1491 3737 533 106 tillsammans
1918 3737 249 106 med
2024 3737 320 106 Jonsson

2722 266 170 121 i
2790 266 306 121 huset
2994 266 204 121 No
3096 266 204 121 19
3198 266 238 121 vid
3334 266 476 121 Torggatan,
3708 266 272 121 gått
3878 266 170 121 å
3946 266 476 121 Korsgatan,
4286 266 306 121 hwarvid

2713 382 211 129 de
2818 382 667 129 öfverenskommit,
3380 382 246 129 att
3520 382 386 129 Jonsson
3801 382 351 129 skulle
4046 382 351 129 stanna
4257 382 351 129 utanföre

2720 496 180 131 å
2792 496 324 131 gatan
3008 496 252 131 och
3152 496 324 131 hålla
3367 496 324 131 vakt,
3583 496 324 131 under
3799 496 252 131 det
3943 496 360 131 Bajard
4194 496 432 131 uppginge
4482 496 108 131 i

2699 604 598 129 Bokhandlanden
3191 604 422 129 Perssons
3508 604 246 129 hus
3648 604 246 129 för
3789 604 246 129 att
3930 604 246 129 der
4070 604 387 129 föröfva
4317 604 281 129 stöld;

2719 720 242 129 att
2858 720 208 129 då
2962 720 346 129 Bajard
3204 720 311 129 efter
3411 720 208 129 en
3515 720 311 129 stund
3723 720 415 129 derifrån
4034 720 519 129 återkommit,
4414 720 208 129 för¬-

2725 828 313 145 följd
2934 828 209 145 af
3038 828 209 145 en
3142 828 313 145 annan
3351 828 382 145 person,
3629 828 382 145 Jonsson
3907 828 278 145 gömt
4081 828 243 145 sig
4220 828 174 145 i
4289 828 209 145 en
4359 828 243 145 urin¬-

2723 940 258 143 kur
2870 940 184 143 å
2944 940 368 143 gården
3202 940 258 143 och
3349 940 331 143 sedan
3570 940 258 143 det
3717 940 405 143 blifvit
4012 940 331 143 tyst,
4233 940 295 143 gått
4380 940 184 143 upp

2734 1054 172 143 i
2802 1054 552 143 trappgången,
3251 1054 379 143 hvarest
3527 1054 241 143 han
3665 1054 448 143 påträffat
4010 1054 241 143 tre
4148 1054 379 143 stycken
4389 1054 207 143 böc¬-

2721 1166 280 153 ker,
2896 1166 349 153 hvilka
3140 1166 245 153 han
3280 1166 419 153 medtagit
3595 1166 280 153 till
3769 1166 454 153 bostaden,
4119 1166 245 153 der
4259 1166 245 153 han
4363 1166 245 153 träf¬-

2714 1270 266 177 fat
2866 1270 418 177 Bajard,
3170 1270 418 177 hvilken
3475 1270 380 177 lemnat
3741 1270 342 177 honom
3969 1270 571 177 ytterligare
4388 1270 190 177 tre

2741 1398 384 155 böcker;
3020 1398 244 155 att
3160 1398 349 155 Bajard
3404 1398 419 155 dessutom
3718 1398 244 155 vid
3857 1398 244 155 tre
3997 1398 314 155 andra
4171 1398 419 155 tillfällen

2726 1514 380 157 lemnat
2992 1514 342 157 honom
3220 1514 570 157 tillsammans
3676 1514 228 157 12
3790 1514 418 157 böcker;
4094 1514 266 157 att
4208 1514 342 157 Bajard,

2725 1630 243 157 som
2864 1630 382 157 yttrat,
3142 1630 243 157 att
3281 1630 243 157 han
3420 1630 348 157 skulle
3664 1630 278 157 fara
3837 1630 278 157 till
4011 1630 382 157 Sköfde,
4254 1630 348 157 derefter

2721 1758 425 143 återtagit
3048 1758 163 143 6
3113 1758 229 143 st.
3244 1758 196 143 af
3342 1758 294 143 dessa
3538 1758 327 143 böcker
3767 1758 229 143 och
3897 1758 229 143 den
4028 1758 163 143 4
4093 1758 327 143 dennes
4289 1758 327 143 begifvit

2729 1880 257 133 sig
2876 1880 478 133 härifrån;
3244 1880 257 133 att
3391 1880 404 133 Jonsson
3685 1880 294 133 sålt
3869 1880 221 133 de
3979 1880 404 133 sålunda
4236 1880 368 133 erhållne

2698 1988 429 135 böckerna
3020 1988 286 135 till
3199 1988 429 135 obekanta
3521 1988 429 135 personer
3843 1988 250 135 för
3986 1988 215 135 37
4093 1988 250 135 öre
4200 1988 358 135 stycket;

2704 2102 269 121 att
2857 2102 422 121 Jonsson
3164 2102 269 121 och
3318 2102 230 121 en
3433 2102 537 121 arbetskarl
3855 2102 269 121 vid
4009 2102 307 121 namn
4162 2102 384 121 Liljedal

2700 2220 226 123 en
2813 2220 264 123 dag
2964 2220 189 123 i
3040 2220 377 123 början
3304 2220 226 123 af
3417 2220 339 123 sist.
3643 2220 453 123 December
3983 2220 339 123 månad
4209 2220 339 123 efter
4435 2220 264 123 öf¬

2718 2342 719 123 verenskommelse
3317 2342 280 123 att
3477 2342 400 123 skaffa
3757 2342 280 123 sig
3917 2342 519 123 penningar
4276 2342 280 123 genom

2713 2452 483 123 tillgrepp,
3093 2452 242 123 vid
3231 2452 242 123 två
3370 2452 449 123 särskilde
3715 2452 483 123 tillfällen
4095 2452 276 123 gått
4267 2452 276 123 till
4405 2452 173 123 hu-

2717 2562 260 127 set
2865 2562 222 127 No
2976 2562 222 127 49
3088 2562 260 127 vid
3236 2562 705 127 Drottninggatan,
3829 2562 408 127 hvarest
4126 2562 408 127 Jonsson
4386 2562 222 127 gått

2714 2678 239 128 in
2834 2678 200 128 i
2914 2678 359 128 huset
3153 2678 279 128 och
3313 2678 319 128 från
3512 2678 239 128 en
3632 2678 359 128 matta
3872 2678 200 128 i
3911 2678 639 128 trappuppgången

2718 2797 337 112 lösryckt
2970 2797 196 112 och
3083 2797 393 112 tillgripit
3391 2797 140 112 8
3448 2797 196 112 st.
3560 2797 561 112 messingsstänger;
4037 2797 196 112 att
4149 2797 168 112 då
4233 2797 309 112 Jonsson
4430 2797 168 112 kom¬-

2712 2922 240 123 mit
2849 2922 206 123 ut
2952 2922 206 123 på
3054 2922 343 123 gatan,
3294 2922 240 123 der
3431 2922 411 123 Liljedal
3740 2922 377 123 väntat,
4014 2922 240 123 han
4151 2922 343 123 lemnat
4356 2922 206 123 mes¬-

2719 3032 598 127 singstängerna
3211 3032 281 127 till
3387 3032 352 127 denne,
3633 3032 246 127 som
3774 3032 281 127 böjt
3950 3032 246 127 dem
4056 3032 492 127 tillsammans,

2703 3134 408 131 hvarefter
3016 3134 188 131 de
3111 3134 251 131 sålt
3267 3134 220 131 dem
3393 3134 251 131 till
3550 3134 502 131 Gelbgjutaren
3958 3134 408 131 Carlsson,
4272 3134 314 131 boende
4460 3134 94 131 i

2717 3248 262 131 huset
2891 3248 174 131 No
2979 3248 145 131 1
3037 3248 203 131 vid
3153 3248 378 131 Torggatan
3444 3248 262 131 efter
3618 3248 174 131 25
3705 3248 203 131 öre
3821 3248 145 131 ℔
3879 3248 203 131 och
3996 3248 233 131 lika
4141 3248 349 131 fördelat
4403 3248 174 131 de
4461 3248 145 131 er¬-

2707 3367 291 133 hållne
2911 3367 466 133 penningarne;
3289 3367 204 133 att
3406 3367 320 133 Jonsson
3638 3367 262 133 ensam
3813 3367 204 133 vid
3930 3367 204 133 ett
4046 3367 320 133 sednare
4250 3367 320 133 tillfälle

2695 3478 184 143 på
2787 3478 276 143 samma
2971 3478 307 143 ställe
3186 3478 429 143 tillgripit
3523 3478 460 143 ytterligare
3891 3478 276 143 några
4045 3478 521 143 messingstänger,

2711 3588 217 129 som
2835 3588 217 129 han
2959 3588 279 129 äfven
3145 3588 248 129 sålt
3301 3588 248 129 till
3456 3588 497 129 Gelbgjutaren
3859 3588 403 129 Carlsson;
4170 3588 217 129 att
4263 3588 279 129 Jonsson

2704 3705 207 120 vid
2823 3705 266 120 olika
3000 3705 414 120 tillfällen
3325 3705 355 120 föröfvat
3591 3705 207 120 det
3709 3705 177 120 af
3798 3705 561 120 Grosshandlanden
4241 3705 325 120 Josefsson
