4978 4061
460 163 399 187 nat
688 163 683 187 densamme
1200 163 456 187 till
1428 163 968 187 Poliskonstapeln

441 256 714 247 Lundgren;
990 256 440 247 samt
1265 256 385 247 att
1485 256 824 247 målsegaren,
2089 256 275 247 som

458 412 300 203 ej
608 412 449 203 märkt
907 412 349 203 att
1107 412 649 203 Bengtsson
1606 412 499 203 tappat
1906 412 499 203 portmon¬-

477 582 473 162 naien
793 582 788 162 fortfarande
1423 582 683 162 eftersatt
1895 582 368 162 denne

790 716 804 181 Portmonnäen
1434 716 375 181 med
1648 716 322 181 10
1809 716 536 181 kronor
2131 716 268 181 har

470 834 324 192 till
672 834 405 192 egaren
915 834 566 192 återlemnats.

957 974 368 165 Det
1168 974 526 165 skulle
1536 974 368 165 här
1694 974 579 165 antecknas

477 1058 350 216 att
677 1058 850 216 Poliskammaren
1377 1058 350 216 den
1577 1058 300 216 11
1727 1058 500 216 dennes
2027 1058 300 216 till

448 1178 498 209 Rådhus
797 1178 498 209 Rätten
1146 1178 748 209 öfverlemnat
1744 1178 349 209 den
1893 1178 399 209 vidare

471 1325 816 260 ransakningen
1134 1325 612 260 angående
1592 1325 306 260 af
1694 1325 561 260 Bengtsson

491 1487 598 230 föröfvadt
951 1487 552 230 olofligt
1365 1487 598 230 tillgrepp
1824 1487 276 230 af
1962 1487 276 230 en
2054 1487 322 230 torg¬-

488 1637 454 215 korg
772 1637 907 215 innehållande
1509 1637 340 215 en
1679 1637 624 215 matsked
2076 1637 227 215 af

497 1712 698 274 nysilfver,
1046 1712 299 274 en
1195 1712 598 274 Spillkum
1644 1712 349 274 och
1843 1712 349 274 tre
1993 1712 349 274 pors¬-

481 1853 913 255 linstallrikar
1233 1853 429 255 från
1501 1853 483 255 Pigan
1823 1853 483 255 Sofia
2092 1853 268 255 An¬-

459 2020 591 254 dersson
889 2020 269 254 i
997 2020 538 254 tjenst
1373 2020 376 254 hos
1588 2020 753 254 Svarfvaren
2126 2020 215 254 A.

464 2152 733 256 Henriksson
1040 2152 262 256 i
1145 2152 471 256 huset
1459 2152 314 256 No
1616 2152 314 256 32
1773 2152 367 256 vid
1930 2152 367 256 Kron¬-

468 2293 626 245 husgatan
937 2293 417 245 samt
1198 2293 365 245 fem
1407 2293 365 245 st.
1615 2293 521 245 mindre
1928 2293 365 245 glas¬-

485 2431 510 259 burkar
842 2431 816 259 innehallande
1504 2431 510 259 lingon
1861 2431 408 259 sylt
2065 2431 306 259 från

455 2574 521 222 Mamsell
833 2574 521 222 Augusta
1212 2574 521 222 Larsson
1590 2574 237 222 i
1685 2574 426 222 huset
1969 2574 284 222 No
2064 2574 189 222 45

477 2687 371 242 vid
689 2687 476 242 Södra
1006 2687 741 242 Hamngatan.
1589 2687 635 242 Göteborg
2012 2687 265 242 den

476 2814 421 190 26
686 2814 843 190 Nowember
1248 2814 492 190 1880.

63 2880 324 142 No
171 2880 324 142 247.

91 2999 378 182 Svante
318 2999 265 182 Jons¬-

110 3108 308 180 son
242 3108 220 180 och

54 3210 294 181 Frans
218 3210 261 181 Ludvig

1 3309 441 125 Westman

518 2942 485 211 Herr
821 2942 364 211 f.
1003 2942 364 211 d.
1185 2942 848 211 Löjtnanten
1851 2942 364 211 K.
1973 2942 242 211 F.

541 3069 563 226 Bohle,
935 3069 563 226 boende
1328 3069 281 226 i
1441 3069 506 226 huset
1779 3069 338 226 No
1947 3069 281 226 7
2004 3069 281 226 vid

501 3233 770 203 Parkgatan,
1106 3233 385 203 har
1326 3233 385 203 den
1547 3233 330 203 26
1712 3233 550 203 dennes
2042 3233 275 203 an¬-

513 3392 509 185 mält;
853 3392 396 185 att
1079 3392 962 185 derförutgågne
1871 3392 396 185 dag
2041 3392 226 185 på

500 3516 478 165 afton
818 3516 265 165 i
924 3516 318 165 en
1084 3516 478 165 olåst
1402 3516 531 165 tambur
1773 3516 424 165 till
1986 3516 318 165 hans

505 3648 493 246 bostad
850 3648 394 246 från
1096 3648 444 246 honom
1392 3648 740 246 tillgripits
1984 3648 296 246 en
2082 3648 247 246 öf¬

2597 175 616 244 verrock
3045 175 336 244 af
3213 175 728 244 blånoppig
3773 175 560 244 doffel
4109 175 280 244 med

2618 353 680 207 grårandigt
3153 353 632 207 yllefoder
3639 353 389 207 värd
3882 353 292 207 70
3979 353 437 207 kronor.

2727 488 524 170 Sedan
3076 488 524 170 bland
3426 488 524 170 andre
3717 488 758 170 Pantlånaren

2639 673 289 184 J.
2783 673 530 184 Olsson,
3169 673 337 184 som
3361 673 337 184 har
3554 673 385 184 sitt
3747 673 674 184 Pantlånekon¬-

2656 805 345 225 tor
2853 805 246 225 i
2951 805 444 225 huset
3247 805 296 225 No
3395 805 246 225 4
3493 805 345 225 vid
3691 805 394 225 Öfra
3888 805 591 225 Husargatan

2628 933 615 221 blifvit
3075 933 839 221 underrättad
3746 933 335 221 om
3858 933 671 221 förenämnde

2620 1101 739 183 tillgrepp;
3201 1101 317 183 så
3360 1101 475 183 inkom
3677 1101 370 183 den
3888 1101 317 183 26
3993 1101 423 183 dennes

2636 1236 296 184 å
2754 1236 650 184 Olssons
3227 1236 591 184 kontor
3641 1236 355 184 en
3819 1236 532 184 okänd
4114 1236 355 184 karl

2639 1385 416 193 som
2876 1385 653 193 begärde
3351 1385 416 193 att
3589 1385 356 193 få
3767 1385 594 193 belåna
4123 1385 238 193 en

2659 1515 673 231 öfverrock
3177 1515 466 231 under
3487 1515 621 231 uppgift,
3953 1515 362 231 att
4108 1515 259 231 han

2623 1667 508 202 vore
2941 1667 508 202 sänd
3259 1667 381 202 af
3450 1667 381 202 en
3640 1667 572 202 annan
3958 1667 445 202 karl,

2638 1775 567 258 hwilken
3051 1775 567 258 väntade
3463 1775 309 258 på
3617 1775 464 258 gatan
3875 1775 515 258 utanföre

2627 1929 723 277 kontoret.
3184 1929 278 277 I
3295 1929 723 277 anledning
3851 1929 501 277 häraf
4129 1929 278 277 har

2643 2133 592 187 Olsson,
3074 2133 377 187 som
3289 2133 754 187 misstänkte
3827 2133 700 187 öfverrocken

2636 2240 478 218 vara
2935 2240 717 218 densamma
3473 2240 418 218 som
3711 2240 717 218 Löjtnant
4189 2240 299 218 Bo¬-

2632 2395 429 168 hle
2877 2395 613 168 mistat
3306 2395 674 168 afförde
3796 2395 490 168 båda
4041 2395 490 168 bemäl¬-

2617 2508 303 169 de
2769 2508 505 169 karlar
3123 2508 404 169 till
3376 2508 253 169 3
3477 2508 758 169 distriktets
4033 2508 404 169 Polis¬-

2620 2630 787 199 waktkontor
3238 2630 394 199 der
3463 2630 337 199 de
3632 2630 731 199 befunnits
4138 2630 337 199 vara

2623 2772 439 210 förre
2916 2772 927 210 Artilleristerna
3696 2772 488 210 Svante
3989 2772 439 210 Jonsson

2605 2905 456 193 från
2890 2905 513 193 Åsaka
3232 2905 570 193 Socken
3632 2905 285 193 i
3746 2905 513 193 Barne
4031 2905 399 193 härad

2618 3017 331 190 af
2783 3017 771 190 Skaraborgs
3389 3017 386 190 Län
3610 3017 386 190 och
3830 3017 496 190 Frans
4105 3017 441 190 Ludvig

2643 3146 578 162 Westman
3064 3146 421 162 utan
3327 3146 578 162 bestämd
3695 3146 473 162 bostad.

3007 3251 344 222 Wid
3204 3251 344 222 det
3400 3251 344 222 med
3597 3251 541 222 Jonsson
3990 3251 344 222 och
4138 3251 344 222 West¬-

2651 3398 384 184 man
2871 3398 658 184 anstälda
3364 3398 548 184 förhör
3748 3398 329 184 om
3858 3398 603 184 åtkomsten

2621 3547 371 187 till
2852 3547 695 187 öfverrocken
3408 3547 324 187 har
3594 3547 510 187 Jonsson
3918 3547 510 187 uppgifvit

2641 3658 345 220 och
2838 3658 690 220 förklarat,
3380 3658 345 220 att
3577 3658 345 220 han
3774 3658 345 220 den
3971 3658 296 220 25
4069 3658 394 220 dennes
