4955 4045
593 110 253 227 Den
737 110 217 227 af
846 110 434 227 Mattsson
1171 110 253 227 vid
1316 110 542 227 anhållandet
1749 110 470 227 innehafde
2075 110 325 227 pantse¬-

485 286 277 157 deln
659 286 173 157 å
728 286 485 157 målsegaren
1109 286 416 157 Hellmans
1421 286 416 157 bonjour,
1733 286 416 157 äfvensom
2010 286 381 157 Mattssons

491 386 453 182 prestbetyg
847 386 388 182 vidfogas
1138 386 291 182 denna
1299 386 324 182 rapport.

655 462 201 194 På
756 462 302 194 grund
958 462 201 194 af
1058 462 269 194 hvad
1226 462 369 194 sålunda
1495 462 504 194 förekommit,
1898 462 336 194 kommer
2099 462 269 194 Alfred

481 584 421 192 Mattsson
797 584 246 192 att
937 584 316 192 denna
1148 584 246 192 dag
1288 584 246 192 för
1429 584 246 192 PKn
1534 584 421 192 inställas.

806 694 457 173 Göteborg
1149 694 267 173 den
1301 694 191 173 7
1377 694 457 173 December
1682 694 267 173 1880.

108 781 270 195 No
198 781 270 195 259.

99 919 188 122 Carl
216 919 235 122 Julius
357 919 141 122 Cle¬-

44 999 263 150 mens.

563 769 456 215 Sjömannen
914 769 386 215 Theodor
1194 769 386 215 Herslow
1475 769 280 215 från
1650 769 491 215 Landskrona
2035 769 245 215 har
2141 769 210 215 Ons¬-

505 886 278 205 dagen
690 886 216 205 den
813 886 154 205 8
875 886 308 205 dennes
1091 886 339 205 anmält,
1338 886 216 205 att
1461 886 278 205 sagde
1646 886 216 205 dag
1769 886 216 205 kl.
1893 886 339 205 omkring
2139 886 154 205 8
2201 886 185 205 f.
2263 886 123 205 m.

492 1014 251 191 från
648 1014 282 191 honom
837 1014 471 191 tillgripits
1213 1014 188 191 en
1307 1014 157 191 å
1370 1014 282 191 kajen
1558 1014 220 191 vid
1684 1014 220 191 Nya
1809 1014 408 191 Packhuset
2092 1014 282 191 stående

475 1113 502 245 sjömanssäck,
883 1113 502 245 innehållande
1290 1113 220 245 ett
1416 1113 220 245 par
1542 1113 220 245 nya
1667 1113 471 245 sjöstöflar,
2044 1113 282 245 värda
2200 1113 126 245 12

501 1233 332 210 Kronor,
742 1233 181 210 en
833 1233 392 210 stortröja
1135 1233 181 210 af
1225 1233 272 210 svart
1406 1233 302 210 kläde,
1618 1233 241 210 värd
1769 1233 181 210 En
1859 1233 302 210 Krona,
2071 1233 211 210 ett
2161 1233 151 210 par

497 1361 516 184 yllekalsonger,
927 1361 258 184 värde
1099 1361 143 184 2
1156 1361 315 184 Kronor,
1386 1361 201 184 två
1500 1361 201 184 par
1615 1361 258 184 gamla
1787 1361 287 184 byxor,
1987 1361 258 184 värde
2159 1361 172 184 50
2217 1361 143 184 öre

477 1469 288 180 paret,
679 1469 173 180 en
766 1469 260 180 väst,
939 1469 231 180 värd
1083 1469 173 180 25
1169 1469 231 180 öre,
1314 1469 173 180 en
1400 1469 231 180 hvit
1544 1469 519 180 bomullskjorta,
1977 1469 231 180 värd
2121 1469 173 180 25
2179 1469 173 180 öre;

484 1579 177 188 en
573 1579 473 188 halmmadrass,
957 1579 236 188 värd
1105 1579 177 188 25
1194 1579 207 188 öre
1312 1579 207 188 och
1430 1579 177 188 en
1519 1579 266 188 säck,
1696 1579 236 188 värd
1844 1579 177 188 25
1932 1579 236 188 öre;
2080 1579 236 188 samt
2198 1579 148 188 att

487 1701 232 173 han
620 1701 232 173 för
752 1701 299 173 detta
952 1701 432 173 tillgrepp
1284 1701 465 173 misstänkte
1649 1701 432 173 Sjömannen
1981 1701 266 173 Carl
2113 1701 266 173 Julius

473 1820 369 173 Clemens
742 1820 268 173 från
910 1820 403 173 Varberg,
1211 1820 369 173 hvilken
1480 1820 503 173 ifrågakomne
1882 1820 235 173 dag
2017 1820 302 173 varit
2184 1820 168 173 ho¬-

471 1926 238 201 nom
607 1926 475 201 behjelplig
980 1926 306 201 öppna
1184 1926 204 201 en
1286 1926 577 201 sjömanskista,
1761 1926 238 201 men
1897 1926 339 201 afrådt
2100 1926 238 201 Hers¬-

471 2034 232 198 low
604 2034 265 198 från
769 2034 232 198 att
902 2034 199 198 på
1002 2034 265 198 sätt
1168 2034 299 198 förut
1367 2034 299 198 varit
1566 2034 564 198 förhållandet,
1997 2034 365 198 fastsurra

472 2148 381 156 säcken
739 2148 267 156 vid
853 2148 343 156 kistan.

623 2199 307 222 Sedan
828 2199 477 222 upplysning
1203 2199 375 222 vunnits
1475 2199 239 222 att
1612 2199 409 222 Herslows
1885 2199 443 222 sjömanssäck

490 2339 195 226 af
587 2339 357 226 Clemens
847 2339 162 226 i
911 2339 325 226 förvar
1139 2339 422 226 inlemnats
1463 2339 162 226 i
1496 2339 876 226 Nykterhetsvärdshusidkaren

482 2469 180 179 P.
572 2469 389 179 Lindgrens
871 2469 269 179 lokal
1051 2469 150 179 i
1110 2469 269 179 huset
1290 2469 180 179 No
1380 2469 180 179 25
1469 2469 209 179 vid
1589 2469 419 179 Sillgatan,
1918 2469 209 179 har
2008 2469 299 179 Clemens,

487 2603 265 178 härom
663 2603 265 178 hörd,
840 2603 354 178 vidgått,
1106 2603 206 178 att
1224 2603 236 178 han,
1371 2603 206 178 som
1489 2603 354 178 Onsdagen
1755 2603 206 178 den
1873 2603 147 178 8
1932 2603 177 178 ds
2020 2603 177 178 på
2079 2603 295 178 morgonen

475 2716 287 145 varit
667 2716 351 145 Herslow
922 2716 447 145 behjelplig
1273 2716 223 145 att
1401 2716 287 145 öppna
1592 2716 319 145 dennes
1815 2716 160 145 å
1879 2716 287 145 kajen
2071 2716 223 145 vid
2166 2716 160 145 Nya

462 2809 419 204 Packhuset
784 2809 355 204 stående
1042 2809 322 204 kista,
1267 2809 322 204 afrådt
1493 2809 290 204 denne
1686 2809 258 204 från
1848 2809 226 204 att
1976 2809 226 204 vid
2073 2809 258 204 kistan

456 2935 271 210 åter
626 2935 441 210 fastsurra
964 2935 373 210 säcken,
1236 2935 271 210 enär
1405 2935 203 210 de
1507 2935 305 210 snart
1710 2935 339 210 skulle
1947 2935 271 210 föra
2083 2935 271 210 kistan

452 3085 231 169 och
584 3085 329 169 säcken
814 3085 329 169 ombord
1045 3085 165 169 å
1111 3085 494 169 Ångfartyget
1506 3085 362 169 Falken,
1769 3085 231 169 med
1901 3085 362 169 hvilket
2131 3085 198 169 far¬-

446 3214 234 188 tyg
579 3214 367 188 Herslow
846 3214 300 188 ämnat
1046 3214 334 188 afresa
1280 3214 267 188 till
1447 3214 234 188 sin
1580 3214 367 188 hemort;
1847 3214 234 188 att
1980 3214 300 188 under
2147 3214 167 188 det

460 3318 348 199 Herslow
714 3318 222 199 för
840 3318 190 199 en
935 3318 285 199 stund
1126 3318 412 199 aflägsnat
1442 3318 222 199 sig
1569 3318 253 199 från
1727 3318 253 199 sitt
1886 3318 285 199 gods,
2044 3318 317 199 tillgri¬-

447 3412 242 199 pit
586 3412 380 199 säcken,
862 3412 242 199 som
1001 3412 277 199 han,
1173 3412 311 199 efter
1381 3412 242 199 att
1519 3412 311 199 hafva
1727 3412 207 199 ur
1830 3412 415 199 densamme
2107 3412 242 199 tagit

449 3508 466 177 stöflarne,
815 3508 333 177 lemnat
1048 3508 167 177 i
1115 3508 333 177 förwar
1348 3508 233 177 hos
1448 3508 899 177 Nykterhetsvärdshusidkaren

433 3662 449 162 Lindgren,
779 3662 277 162 samt
952 3662 242 162 att
1090 3662 242 162 han
1229 3662 415 162 derefter
1540 3662 242 162 för
1678 3662 242 162 Tre
1816 3662 346 162 Kronor
2024 3662 311 162 försålt

2616 171 440 206 stöflarne
2954 171 271 206 till
3123 171 541 206 Månadskarlen
3563 171 406 206 Johannes
3867 171 440 206 Andersson
4205 171 169 206 i
4239 171 237 206 huset

2625 289 189 230 No
2719 289 157 230 9
2782 289 220 230 vid
2908 289 409 230 Torggatan
3223 289 220 230 och
3348 289 346 230 användt
3600 289 189 230 de
3695 289 283 230 genom
3883 289 535 230 försäljningen
4293 289 157 230 er¬-

2620 398 294 240 hållne
2825 398 470 240 penningarne,
3207 398 206 240 med
3325 398 353 240 undantag
3589 398 176 240 af
3678 398 176 240 95
3766 398 235 240 öre,
3913 398 176 240 fr
4001 398 235 240 till
4118 398 353 240 förtäring.

2738 502 338 201 Säcken
2975 502 237 201 med
3110 502 440 201 innehåll,
3448 502 304 201 jemte
3651 502 203 201 95
3753 502 271 201 öre,
3922 502 237 201 som
4057 502 372 201 Clemens
4294 502 169 201 wid

2626 638 398 206 anhållit
2925 638 432 206 innehade,
3257 638 299 206 hafva
3456 638 531 206 öfverlemnats
3888 638 266 206 till
4054 638 365 206 egaren,
4286 638 166 206 som

2617 743 202 252 af
2718 743 539 252 månadskarlen
3157 743 404 252 Johannes
3460 743 438 252 Andersson
3797 743 404 252 återlöst
4067 743 404 252 stöflarne.

2707 882 220 201 På
2817 882 329 201 grund
3037 882 220 201 af
3146 882 293 201 hvad
3329 882 402 201 sålunda
3622 882 549 201 förekommit,
4061 882 366 201 kommer
4281 882 220 201 Carl

2582 977 361 244 Julius
2835 977 397 244 Clemens
3124 977 253 244 att
3268 977 325 244 denna
3485 977 253 244 dag
3630 977 253 244 för
3774 977 253 244 PKn
3882 977 434 244 inställas.

3046 1138 422 116 Göteborg
3362 1138 246 116 den
3503 1138 176 116 9
3573 1138 422 116 December
3854 1138 246 116 1880.

4469 1150 265 167 No
4557 1150 265 167 260.

4417 1304 325 141 Oscar
4597 1304 253 141 Albin

4460 1393 244 130 Olsson
4630 1393 146 130 m.
4679 1393 122 130 fl.

2664 1193 395 242 Hustrun
2952 1193 288 242 Inga
3131 1193 288 242 Lena
3311 1193 503 242 Börjesson,
3706 1193 359 242 boende
3958 1193 180 242 i
4030 1193 323 242 huset
4245 1193 216 242 No
4317 1193 144 242 24

2619 1335 218 226 vid
2743 1335 405 226 Skolgatan
3055 1335 218 226 och
3179 1335 436 226 Skoleleven
3521 1335 249 226 Anna
3677 1335 405 226 Ullander,
3988 1335 311 226 boende
4206 1335 156 226 i
4237 1335 218 226 huset

2611 1469 180 213 No
2701 1469 180 213 14
2791 1469 210 213 vid
2911 1469 539 213 Snickaregatan,
3360 1469 270 213 hafva
3540 1469 329 213 anmält,
3779 1469 210 213 att
3899 1469 210 213 den
4019 1469 150 213 6
4079 1469 270 213 sist.
4228 1469 210 213 Nowbr

2617 1568 164 240 å
2683 1568 491 240 Kungstorget
3075 1568 294 240 genom
3272 1568 425 240 fickstöld
3599 1568 262 240 från
3762 1568 229 240 dem
3893 1568 523 240 tillgripits,
4286 1568 196 240 från

2612 1699 412 193 hustrun
2911 1699 487 193 Börjeson,
3286 1699 412 193 klocken
3586 1699 187 193 9
3661 1699 225 193 f.
3774 1699 262 193 m.,
3924 1699 225 193 en
4036 1699 262 193 blå
4149 1699 262 193 perl¬-

2634 1804 495 186 broderad
3005 1804 907 186 sammetsportemonaie
3788 1804 659 186 innehållande
4282 1804 165 186 En

2616 1910 356 189 krona
2854 1910 237 189 50
2972 1910 277 189 öre
3131 1910 198 189 i
3210 1910 633 189 sillfvermynt
3724 1910 316 189 samt
3921 1910 316 189 från
4119 1910 316 189 Anna
4277 1910 198 189 Ul¬-

2612 2049 371 137 lander
2871 2049 408 137 klockan
3168 2049 260 137 1/2
3316 2049 297 137 till
3502 2049 185 137 3
3576 2049 222 137 e.
3687 2049 260 137 m.,
3836 2049 222 137 en
3947 2049 371 137 mindre
4169 2049 297 137 skinn¬-

2611 2162 348 141 wäska
2843 2162 271 141 med
2998 2162 618 141 messingslås,
3500 2162 618 141 innehållande
4003 2162 232 141 en
4119 2162 348 141 sedel
4312 2162 116 141 å

2602 2279 246 133 Fem
2707 2279 316 133 Kronor.

2664 2359 348 127 Sedan
2896 2359 657 127 Poliskammaren
3438 2359 271 127 den
3592 2359 309 127 3dje
3786 2359 387 127 dennes
4056 2359 309 127 till
4211 2359 232 127 Råd¬-

2631 2483 429 190 husrätten
2961 2483 495 190 öfverlemnat
3357 2483 231 190 den
3489 2483 330 190 vidare
3719 2483 528 190 ransakningen
4115 2483 330 190 angående

2601 2607 434 161 ynglingen
2934 2607 300 161 Oskar
3134 2607 300 161 Albin
3334 2607 367 161 Olsson,
3601 2607 400 161 angifwen
3901 2607 233 161 för
4001 2607 434 161 fickstölder

2595 2697 321 191 från
2796 2697 402 191 hustru
3077 2697 321 191 Lina
3278 2697 563 191 Zachrisson
3720 2697 321 191 samt
3921 2697 402 191 ogifta
4162 2697 241 191 Emma

2614 2808 467 183 Magnusson;
2981 2808 234 183 och
3114 2808 434 183 anledning
3448 2808 467 183 förekommit
3815 2808 467 183 misstänka,
4182 2808 234 183 det
4282 2808 167 183 be¬-

2604 2925 306 166 mälde
2808 2925 340 166 Olsson
3046 2925 408 166 föröfvat
3352 2925 306 166 flera
3557 2925 340 166 dylika
3795 2925 408 166 stölder,
4101 2925 238 166 har
4237 2925 238 166 han
4339 2925 102 166 å

2616 3029 520 191 cellfängelset,
3049 3029 202 191 dit
3165 3029 202 191 han
3281 3029 433 191 införpassat
3627 3029 318 191 blifwit
3858 3029 433 191 ytterligare
4176 3029 289 191 förhörd,

2604 3158 397 121 hvarwid
2893 3158 289 121 han,
3073 3158 253 121 med
3218 3158 541 121 vidhållande
3651 3158 217 121 af
3759 3158 253 121 vid
3903 3158 289 121 sine
4084 3158 325 121 förut
4264 3158 217 121 lem¬-

2625 3265 284 198 nade
2802 3265 461 198 uppgifter
3156 3265 213 198 om
3263 3265 532 198 tillgreppet
3688 3265 284 198 Emma
3865 3265 496 198 Magnussons
4219 3265 284 198 porte¬-

2624 3372 369 189 monaie,
2893 3372 403 189 angående
3195 3372 235 189 den
3329 3372 269 189 från
3497 3372 369 189 hustrun
3766 3372 436 189 Zachrison
4068 3372 403 189 tillgripna

2613 3473 645 151 portemonaien,
3144 3473 266 151 med
3296 3473 417 151 ändring
3599 3473 228 151 af
3713 3473 304 151 hvad
3903 3473 266 151 han
4055 3473 341 151 förut
4244 3473 266 151 derom

2646 3587 430 183 uppgifvit,
2984 3587 399 183 förklarat
3291 3587 215 183 att
3414 3587 277 183 sedan
3599 3587 215 183 han
3722 3587 215 183 den
3845 3587 184 183 17
3937 3587 277 183 sist.
4121 3587 369 183 November
4367 3587 92 183 å

2623 3689 445 219 Kungstorget
2979 3689 208 219 med
3098 3689 445 219 minderårige
3454 3689 267 219 Johan
3632 3689 326 219 Fredrik
3869 3689 326 219 Nilsson
4077 3689 475 219 öfverenskommit
