5115 4039
3000 297 902 96 Rapportbok
3708 297 387 96 år
3837 297 451 96 1880.

4613 490 266 53 No
4701 490 178 53 1.

4606 633 269 57 Bengt
4755 633 269 57 Persson

2736 485 844 80 Trädgårdsmästaren
3459 485 402 80 Alfred
3740 485 563 80 Andersson,
4182 485 402 80 boende
4423 485 121 80 i

2754 606 320 38 huset
2968 606 214 38 No
3075 606 249 38 120
3217 606 285 38 Litt
3395 606 214 38 H.
3502 606 249 38 vid
3644 606 463 38 Bangatan,
4000 606 249 38 har
4143 606 249 38 den
4285 606 178 38 9
4321 606 249 38 sist.

2755 695 546 52 December
3164 695 500 52 anmält,
3528 695 318 52 att
3710 695 318 52 den
3846 695 182 52 12

4019 642 427 37 derförutgågne

4186 697 384 42 November

2751 763 203 88 i
2833 763 324 88 hans
3035 763 405 88 bostad
3319 763 324 88 från
3522 763 365 88 honom
3724 763 568 88 tillgripits:

2760 877 214 55 en
2867 877 464 55 skörtrock
3225 877 214 55 af
3332 877 321 55 blått
3546 877 357 55 rutigt
3796 877 464 55 kostymtyg
4153 877 286 55 värd
4332 877 214 55 30
4403 877 179 55 Kr.

2769 967 215 71 ett
2892 967 215 71 par
3015 967 276 71 byxor
3199 967 215 71 och
3321 967 245 71 väst
3475 967 184 71 af
3567 967 276 71 blått
3750 967 337 71 randigt
3996 967 337 71 ylletyg
4210 967 215 71 värda

4335 913 203 45 tillsammans

4447 967 110 37 10
4502 967 110 37 Kr
4538 967 92 37 och

2764 1051 216 96 en
2872 1051 685 96 vinteröfverrock
3449 1051 216 96 af
3557 1051 252 96 blå
3701 1051 288 96 slät
3881 1051 396 96 doffel,
4170 1051 288 96 värd
4350 1051 216 96 20
4422 1051 180 96 Kr;

2745 1139 308 98 samt
2938 1139 270 98 att
3092 1139 424 98 stölden
3400 1139 501 98 föröfvats
3785 1139 231 98 af
3862 1139 732 98 Trädgårdsmästaren

2753 1220 388 111 Bengt
3011 1220 517 111 Persson,
3399 1220 474 111 hvilken
3744 1220 345 111 bott
3959 1220 302 111 hos
4088 1220 474 111 Andersson

2765 1323 374 116 åtta
2999 1323 468 116 dagar,
3326 1323 327 116 men
3513 1323 514 116 afvikit
3887 1323 374 116 från
4074 1323 468 116 bostaden

2769 1417 386 128 samma
3027 1417 300 128 dag
3198 1417 515 128 kläderna
3584 1417 644 128 tillgrepos,
4099 1417 472 128 hvarvid
4399 1417 215 128 han

2787 1537 602 104 qvarlemnat
3260 1537 344 104 sina
3475 1537 344 104 egna
3690 1537 387 104 gamla
3905 1537 387 104 kläder.

2782 1659 324 82 Sedan
2998 1659 504 82 upplysning
3394 1659 504 82 erhållits,
3790 1659 252 82 att
3934 1659 396 82 Persson
4186 1659 360 82 begifvit

2810 1753 252 90 sig
2954 1753 288 90 till
3134 1753 324 90 Lund,
3350 1753 360 90 afläts
3602 1753 252 90 den
3746 1753 216 90 12
3854 1753 432 90 December
4142 1753 432 90 skrifvelse

2784 1852 323 101 till
2985 1852 686 101 Stadsfiskalen
3550 1852 524 101 derstädes
3953 1852 282 101 med
4114 1852 444 101 begäran
4397 1852 161 101 om

2747 1944 489 99 Perssons
3114 1944 693 99 efterspanande
3685 1944 285 99 och
3848 1944 530 99 häktande;
4256 1944 285 99 och
4378 1944 204 99 har

2776 2030 294 105 Kgs
2944 2030 378 105 Bhfde
3196 2030 210 105 i
3281 2030 378 105 Malmö
3533 2030 294 105 med
3701 2030 715 105 fångtransport
4248 2030 294 105 låtit

2766 2123 572 114 hitsända
3195 2123 715 114 ofvannämnde
3768 2123 572 114 Persson,
4149 2123 429 114 hvilken

2771 2223 500 110 blifvit
3134 2223 227 110 i
3225 2223 364 110 Lund
3453 2223 546 110 anhållen
3862 2223 318 110 och
4044 2223 273 110 nu
4135 2223 455 110 förvaras

2765 2374 213 54 å
2851 2374 597 54 härvarande
3277 2374 639 54 Cellfängelse.

2768 2484 524 47 Persson,
3117 2484 393 47 hvilken

3409 2391 139 78 är
3478 2391 232 78 iklädd
3641 2391 278 78 samtlige
3849 2391 139 78 de
3919 2391 185 78 från
4035 2391 301 78 Andersson
4266 2391 324 78 tillgripne
4521 2391 324 78 persedlar,
4776 2391 162 78 har

3718 2445 296 63 för
3887 2445 635 63 undergående
4353 2445 169 63 af

2773 2537 387 102 förhör
3044 2537 348 102 varit
3277 2537 310 102 från
3470 2537 658 102 cellfängelset
4012 2537 619 102 utreqvirerad
4476 2537 194 102 och

2782 2653 402 82 dervid
3063 2653 563 82 uppgifvit,
3506 2653 282 82 att
3667 2653 322 82 han,
3868 2653 282 82 som
4029 2653 282 82 den
4190 2653 241 82 12
4270 2653 282 82 sist.

2760 2753 458 92 November
3103 2753 344 92 ämnat
3332 2753 458 92 företaga
3676 2753 229 92 en
3790 2753 305 92 resa
3981 2753 305 92 till
4134 2753 496 92 Wenersborg,

2778 2857 719 100 derförutgångne
3377 2857 360 100 afton
3617 2857 240 100 af
3737 2857 519 100 Andersson
4136 2857 320 100 fått
4296 2857 240 100 låna

2765 2951 582 128 skörtrocken
3231 2951 271 128 och
3386 2951 582 128 öfverrocken
3851 2951 349 128 jemte
4084 2951 194 128 3
4161 2951 233 128 Kr
4278 2951 233 128 12
4355 2951 233 128 öre,

2772 3067 305 102 att
2947 3067 305 102 han
3121 3067 305 102 den
3296 3067 305 102 12.
3470 3067 523 102 November
3863 3067 262 102 på
3993 3067 523 102 morgonen
4342 3067 262 102 utan

2756 3179 305 90 att
2931 3179 392 90 derom
3192 3179 566 90 tillfråga
3627 3179 566 90 Andersson
4062 3179 261 90 ur
4192 3179 261 90 en
4279 3179 305 90 olåst

2771 3279 545 104 garderob
3179 3279 227 104 i
3270 3279 409 104 deras
3542 3279 636 104 gemensamma
4042 3279 454 104 bostad
4314 3279 318 104 tagit

2776 3393 420 90 dennes
3070 3393 378 90 byxor
3322 3393 294 90 och
3490 3393 378 90 väst,
3742 3393 294 90 att
3910 3393 294 90 han
4078 3393 504 90 derefter
4414 3393 210 90 med

2749 3497 414 102 bantåg
3038 3497 414 102 afrest
3328 3497 331 102 till
3535 3497 580 102 Wenersborg
3990 3497 290 102 der
4156 3497 290 102 han
4280 3497 290 102 uppe¬-

2766 3609 461 120 hållit
3088 3609 322 120 sig
3273 3609 368 120 till
3503 3609 322 120 den
3687 3609 276 120 24
3825 3609 230 120 i
3917 3609 414 120 samma
4194 3609 414 120 månad
4424 3609 184 120 då
