5088 4068
379 159 274 178 efter
561 159 396 178 Petersson
866 159 426 178 påföljande
1201 159 213 178 dag
1323 159 183 178 på
1414 159 244 178 f.m.
1566 159 213 178 med
1688 159 305 178 ångbåt
1901 159 365 178 begifvit
2175 159 213 178 sig
2267 159 213 178 till¬-

362 266 348 195 Styrsö,
616 266 253 195 samt
774 266 222 195 att
901 266 222 195 han
1027 266 190 195 af
1122 266 190 195 de
1217 266 443 195 tillgripne
1566 266 475 195 penningarne
1946 266 348 195 uppköpt
2199 266 158 195 8
2231 266 253 195 Kronor

386 409 185 132 47
448 409 185 132 öre.

490 433 235 197 Det
625 433 201 197 af
725 433 436 197 Petersson
1061 433 235 197 vid
1195 433 503 197 anhållandet
1597 433 436 197 innehafda
1899 433 537 197 penningebelopp

378 573 225 177 301
506 573 322 177 Kronor
732 573 193 177 53
828 573 257 177 öre,
989 573 225 177 har
1117 573 257 177 till
1278 573 354 177 Persson
1535 573 225 177 mot
1664 573 322 177 qvitto
1857 573 450 177 återlemnats.

502 678 191 187 På
598 678 286 187 grund
788 678 191 187 af
884 678 254 187 hvad
1042 678 350 187 sålunda
1297 678 477 187 förekommit,
1678 678 318 187 kommer
1901 678 286 187 Elias
2059 678 350 187 Petersson

394 794 229 185 att
525 794 295 185 denna
722 794 229 185 dag
853 794 229 185 för
984 794 557 185 Poliskammaren
1443 794 459 185 inställas.
1804 794 393 185 Göteborg
2098 794 229 185 den
2230 794 164 185 9
2262 794 197 185 Juli

317 935 302 111 1880.

70 1010 227 127 No
146 1010 227 127 153.

62 1123 221 168 Anders
194 1123 221 168 Reinhold

70 1249 241 106 Bengtsson

465 981 614 188 Arbetskarlarne
977 981 273 188 Olof
1147 981 409 188 Carlsson
1454 981 239 188 och
1590 981 273 188 Aron
1761 981 443 188 Eriksson,
2102 981 273 188 båda
2238 981 171 188 an¬-

388 1132 357 187 ställde
647 1132 227 187 och
777 1132 325 187 boende
1004 1132 162 187 å
1069 1132 260 187 Utby
1231 1132 422 187 Tegelbruk
1556 1132 162 187 i
1621 1132 454 187 Partilleds
1978 1132 325 187 Socken
2173 1132 227 187 hafva

377 1257 366 201 Onsdagen
652 1257 214 201 den
774 1257 183 201 14
866 1257 305 201 dennes
1080 1257 336 201 anmält,
1324 1257 214 201 att
1446 1257 549 201 derförutgångne
1904 1257 214 201 dag
2026 1257 183 201 på
2117 1257 183 201 e.
2209 1257 183 201 m.
2270 1257 122 201 ur

375 1354 301 216 deras
575 1354 468 216 gemensamma
942 1354 501 216 boningsrum,
1343 1354 234 216 som
1477 1354 301 216 varit
1677 1354 301 216 låst,
1877 1354 501 216 tillgripits
2245 1354 200 216 från

377 1508 374 155 Carlsson
657 1508 187 155 en
750 1508 280 155 rock,
937 1508 218 155 ett
1062 1508 218 155 par
1186 1508 280 155 byxor
1373 1508 218 155 och
1497 1508 187 155 en
1591 1508 249 155 väst
1746 1508 187 155 af
1840 1508 311 155 hvitt,
2058 1508 280 155 grått
2213 1508 156 155 och

393 1592 498 165 svartrutigt
791 1592 465 165 bomullstyg
1156 1592 232 165 med
1289 1592 299 165 blått
1488 1592 564 165 bomullsfoder,
1953 1592 299 165 värdt
2119 1592 332 165 tillsam¬-

379 1690 257 194 mans
539 1690 192 194 18
636 1690 353 194 Kronor,
892 1690 225 194 ett
1020 1690 225 194 par
1149 1690 289 194 gamla
1341 1690 321 194 svarta
1566 1690 513 194 klädesbyxor,
1983 1690 289 194 värda
2175 1690 160 194 3
2207 1690 257 194 Kronor

378 1839 217 126 och
502 1839 186 126 en
595 1839 217 126 blå
719 1839 217 126 och
843 1839 248 126 hvit
999 1839 496 126 yllehalsduk,
1402 1839 248 126 värd
1557 1839 186 126 En
1650 1839 310 126 Krona,
1867 1839 248 126 samt
2023 1839 248 126 från
2147 1839 310 126 Eriksson

370 1950 213 194 ett
491 1950 213 194 par
613 1950 396 194 förskodda
918 1950 670 194 smorlädersstöflar,
1496 1950 274 194 värda
1679 1950 152 194 6
1739 1950 335 194 Kronor;
1983 1950 244 194 samt
2135 1950 213 194 att
2257 1950 183 194 de
2318 1950 152 194 för

383 2071 289 186 dessa
575 2071 417 186 tillgrepp
896 2071 449 186 misstänkte
1249 2071 513 186 Arbetskarlen
1666 2071 257 186 Axel
1826 2071 385 186 Reinhold
2083 2071 385 186 Bengtsson,

377 2183 229 183 som
508 2183 294 183 efter
704 2183 523 183 tillgreppets
1130 2183 458 183 föröfvande
1489 2183 425 183 aflägsnat
1816 2183 229 183 sig
1947 2183 262 183 från
2078 2183 229 183 Utby.

563 2270 172 173 I
631 2270 447 173 anledning
975 2270 310 173 häraf
1182 2270 241 173 har
1319 2270 826 173 Polisöfverkonstapeln
2042 2270 206 173 A.
2111 2270 378 173 Sundqvist

381 2382 227 199 den
510 2382 194 199 16
607 2382 194 199 ds
704 2382 389 199 anhållit
996 2382 227 199 för
1125 2382 389 199 snatteri
1417 2382 421 199 straffade
1741 2382 194 199 fe
1838 2382 291 199 Krono
2000 2382 453 199 arbetskarlen

382 2504 269 191 Axel
551 2504 404 191 Reinhöld
854 2504 471 191 Bengtsson,
1224 2504 269 191 utan
1392 2504 370 191 bestämd
1661 2504 370 191 bostad;
1931 2504 236 191 och
2065 2504 236 191 har
2166 2504 303 191 Bengts¬-

380 2610 213 169 son
501 2610 213 169 vid
623 2610 213 169 det
744 2610 213 169 med
866 2610 273 169 honom
1048 2610 395 169 anställde
1352 2610 304 169 förhör
1565 2610 365 169 vidgått,
1838 2610 213 169 att
1960 2610 243 169 han,
2111 2610 213 169 som
2203 2610 273 169 arbetat

384 2731 159 172 å
448 2731 254 172 Utby
607 2731 445 172 Tegelbruk,
956 2731 381 172 tisdagen
1242 2731 222 172 den
1369 2731 191 172 13
1464 2731 318 172 dennes
1686 2731 191 172 ur
1781 2731 413 172 Carlssons
2099 2731 222 172 och
2194 2731 254 172 Eriks¬-

379 2849 250 146 sons
535 2849 468 146 boningsrum,
910 2849 219 146 som
1035 2849 312 146 dervid
1253 2849 281 146 varit
1441 2849 312 146 olåst,
1659 2849 437 146 tillgripit
2003 2849 187 146 de
2096 2849 187 146 af
2190 2849 219 146 dem
2284 2849 156 146 om¬-

380 2918 370 189 förmälde
658 2918 401 189 persedlar
966 2918 216 189 och
1089 2918 370 189 derefter
1366 2918 370 189 begifvit
1644 2918 216 189 sig
1767 2918 216 189 hit
1890 2918 247 189 till
2045 2918 339 189 staden,
2260 2918 216 189 hvar¬-

381 3034 234 212 est
514 3034 234 212 han
648 3034 400 212 påföljde
948 3034 234 212 dag
1081 3034 400 212 pantsatt
1382 3034 434 212 Carlssons
1715 3034 300 212 rock,
1915 3034 300 212 byxor
2116 3034 234 212 och
2249 3034 267 212 väst
2383 3034 133 212 af

389 3152 488 170 bomullstyg
773 3152 244 170 för
912 3152 244 170 Två
1052 3152 349 170 Kronor
1296 3152 244 170 hos
1435 3152 523 170 Pantlånaren
1853 3152 209 170 N.
1958 3152 418 170 Landgren
2272 3152 174 170 i
2307 3152 174 170 hu¬-

376 3289 237 132 set
511 3289 203 132 No
613 3289 203 132 53
714 3289 237 132 vid
849 3289 304 132 Andra
1052 3289 439 132 Långgatan
1390 3289 270 132 samt
1559 3289 439 132 Carlssons
1897 3289 338 132 svarta
2133 3289 304 132 byxor
2302 3289 169 132 och

388 3369 447 172 Erikssons
731 3369 378 172 stöflar
1006 3369 240 172 för
1143 3369 240 172 Tre
1281 3369 344 172 Kronor
1521 3369 240 172 hos
1659 3369 515 172 Pantlånaren
2071 3369 206 172 G.
2140 3369 309 172 Bergman

384 3468 174 203 i
454 3468 313 203 huset
663 3468 209 203 No
767 3468 209 203 37
872 3468 244 203 vid
1011 3468 313 203 Breda
1220 3468 348 203 vägen;
1464 3468 244 203 att
1603 3468 244 203 han
1743 3468 383 203 försålt
2021 3468 488 203 pantsedeln
2370 3468 104 203 å

382 3589 817 159 bomullstygskläderna
1093 3589 284 159 till
1270 3589 213 159 en
1377 3589 462 159 droskkusk
1732 3589 249 159 för
1874 3589 213 159 En
1981 3589 320 159 Krona
2194 3589 249 159 och
2300 3589 178 159 den

395 3704 299 186 andra
594 3704 465 186 pantsedeln
959 3704 266 186 till
1125 3704 199 186 en
1225 3704 365 186 obekant
1491 3704 465 186 mansperson
1856 3704 232 186 för
1989 3704 199 186 En
2089 3704 232 186 Kr.
2222 3704 199 186 50
2288 3704 166 186 öre

2665 221 276 159 samt
2837 221 241 159 att
2975 221 241 159 han
3112 221 413 159 förstört
3422 221 207 159 de
3526 221 379 159 sålunda
3801 221 413 159 erhållne
4077 221 482 159 penningarne,

2820 330 426 198 Carlssons
3148 330 655 198 bomullstygsplagg
3705 330 295 198 hafva
3902 330 360 198 blifvit
4164 330 229 198 den
4295 330 197 198 15
4360 330 197 198 den¬-

2635 454 260 194 nes
2784 454 223 194 af
2895 454 223 194 en
3007 454 484 194 droskkusk
3379 454 260 194 hos
3527 454 446 194 Landgren
3825 454 372 194 utlösta.

2704 564 230 224 På
2819 564 345 224 grund
3049 564 230 224 af
3164 564 307 224 hvad
3356 564 422 224 sålunda
3663 564 576 224 förekommit,
4124 564 384 224 kommer
4354 564 230 224 Axel

2650 654 438 269 Reinhold
2979 654 475 269 Bengtsson
3344 654 256 269 att
3490 654 329 269 denna
3709 654 256 269 dag
3855 654 256 269 för
4001 654 256 269 PKn
4111 654 438 269 inställas.

3066 816 456 198 Göteborg
3408 816 266 198 den
3560 816 228 198 16
3673 816 304 198 Juli
3825 816 266 198 1880.

4544 859 255 133 No
4630 859 255 133 154.

4574 965 245 156 Axel
4697 965 275 156 Leonard

4515 1089 538 124 Eriksson
4874 1089 134 124 m

4497 1190 220 130 fl.

2769 989 593 153 Bokhållare
3235 989 212 153 C
3320 989 212 153 A
3404 989 509 153 Hallberg
3786 989 297 153 och
3955 989 339 153 Emil
4125 989 466 153 Bokström,

2678 1136 367 169 samt
2907 1136 916 169 tjensteflickorna
3686 1136 412 169 Hanna
3961 1136 504 169 Nilsson
4282 1136 229 169 och

2701 1222 564 167 Charlotta
3134 1222 607 167 Samuelsson
3611 1222 347 167 alla
3828 1222 434 167 boende
4132 1222 217 167 i
4219 1222 390 167 huset
4436 1222 173 167 No

2697 1384 219 183 6
2785 1384 307 183 vid
2960 1384 395 183 Norra
3224 1384 570 183 Allégatan
3663 1384 307 183 och
3838 1384 263 183 de
3970 1384 307 183 två
4101 1384 483 183 sistnämde

2709 1545 194 191 i
2787 1545 388 191 tjenst
3058 1545 272 191 hos
3214 1545 466 191 Kassören
3563 1545 233 191 P.
3679 1545 233 191 E.
3796 1545 388 191 Brink,
4067 1545 349 191 hafva
4262 1545 310 191 Freda¬-

2686 1638 288 223 gen
2850 1638 288 223 den
3015 1638 247 223 16
3138 1638 411 223 dennes
3426 1638 452 223 anmält;
3754 1638 288 223 att
3919 1638 370 223 sedan
4165 1638 411 223 slutet
4412 1638 164 223 af

2705 1750 420 211 sistl.
2999 1750 336 211 Juni
3209 1750 378 211 månad
3461 1750 210 211 å
3545 1750 252 211 en
3671 1750 336 211 låst
3880 1750 336 211 vind
4090 1750 210 211 i
4132 1750 462 211 ofvannäm¬-

2715 1939 248 184 de
2839 1939 289 184 hus
3004 1939 331 184 från
3211 1939 289 184 dem
3376 1939 620 184 tillgripits
3830 1939 455 184 nämligen.

2708 2026 329 252 från
2913 2026 493 252 Hallberg
3283 2026 246 252 en
3406 2026 780 252 vinteröfverrock
4063 2026 246 252 af
4145 2026 452 252 blånoppig

2705 2198 398 263 doffel
2984 2198 279 263 med
3143 2198 478 263 stickadt
3502 2198 518 263 klotfoder
3900 2198 279 263 och
4019 2198 558 263 sammetskrage

2700 2289 330 255 samt
2906 2289 454 255 försedd
3236 2289 289 255 med
3401 2289 825 255 Skrodderibolaget
4103 2289 495 255 Sandelin
4433 2289 124 255 &

2691 2430 578 244 Högselius
3135 2430 711 244 namnstämpel,
3712 2430 489 244 hvilken
4068 2430 355 244 rock
4245 2430 267 244 vore

2704 2557 315 226 värd
2901 2557 236 226 40
3019 2557 433 226 kronor;
3334 2557 236 226 en
3452 2557 433 226 lifrock
3767 2557 236 226 af
3886 2557 591 226 kamgarnstyg
4319 2557 197 226 med

2704 2689 321 224 svart
2918 2689 499 224 klotfoder,
3310 2689 356 224 kantad
3559 2689 249 224 med
3702 2689 356 224 svarta
3951 2689 285 224 band
4129 2689 285 224 värd
4308 2689 214 224 12
4379 2689 178 224 kr,

2706 2821 199 250 en
2805 2821 266 250 väst
2972 2821 199 250 af
3071 2821 299 250 samma
3270 2821 299 250 sorts
3470 2821 233 250 tyg
3603 2821 233 250 med
3736 2821 365 250 randigt
4001 2821 299 250 foder
4201 2821 266 250 värd
4367 2821 166 250 2
4400 2821 166 250 Kr.

2719 2921 220 227 en
2829 2921 293 227 vast
3012 2921 220 227 af
3122 2921 476 227 mörkgrått
3488 2921 513 227 spräckligt
3891 2921 256 227 tyg
4038 2921 293 227 värd
4221 2921 183 227 2
4257 2921 330 227 kronor,

2734 3028 214 284 en
2841 3028 285 284 väst
3019 3028 214 284 af
3126 3028 499 284 faconeradt
3518 3028 535 284 kamgarnstyg
3946 3028 356 284 kantad
4196 3028 249 284 med
4303 3028 249 284 breda

2742 3168 289 213 band
2923 3168 253 213 och
3067 3168 398 213 försedd
3357 3168 253 213 med
3501 3168 326 213 hvitt
3718 3168 326 213 foder
3935 3168 289 213 värd
4116 3168 181 213 3
4152 3168 326 213 kronor;

2707 3296 300 259 från
2895 3296 450 259 Bokström
3233 3296 300 259 rock
3420 3296 338 259 byxor
3645 3296 263 259 och
3796 3296 300 259 väst
3983 3296 225 259 af
4096 3296 338 259 svart
4283 3296 263 259 kläde

2713 3412 432 295 försedd
3027 3412 275 295 med
3184 3412 432 295 Ahlblad
3498 3412 196 295 &
3577 3412 471 295 Groegers
3930 3412 589 295 namnstämpel
4362 3412 118 295 i

2743 3548 531 265 rockkragen
3161 3548 304 265 värd
3350 3548 228 265 30
3464 3548 418 265 kronor,
3768 3548 304 265 samt
3958 3548 304 265 rock
4147 3548 342 265 byxor
4337 3548 190 265 och

2749 3664 272 214 väst
2919 3664 272 214 värd
3089 3664 204 214 25
3191 3664 374 214 kronor,
3464 3664 238 214 ett
3600 3664 238 214 par
3736 3664 306 214 byxor
3940 3664 204 214 af
4043 3664 306 214 blått
4213 3664 238 214 kläde
