5132 4079
575 195 283 236 i
689 195 510 236 huset
1029 195 340 236 No
1199 195 283 236 6
1312 195 397 236 vid
1539 195 454 236 Öfra
1766 195 680 236 Husargatan

572 375 739 203 Thorsdagen
1153 375 369 203 den
1364 375 317 203 28
1522 375 475 203 sist.
1839 375 580 203 Oktober
2208 375 264 203 af¬-

608 508 467 220 vikit
919 508 415 220 från
1179 508 363 220 den
1386 508 778 220 anställning
2009 508 363 220 hos
2165 508 363 220 Wess¬-

613 677 397 211 man
840 677 454 211 utan
1124 677 397 211 att
1351 677 510 211 hafva
1691 677 737 211 redowisat
2201 677 284 211 för

591 812 406 219 till
845 812 761 219 försäljning
1454 812 609 219 erhållne
1911 812 558 219 partier
2266 812 203 219 öl

593 924 375 240 och
808 924 590 240 Porter,
1237 924 697 240 uppgående
1773 924 429 240 till
2041 924 375 240 ett
2202 924 268 240 be¬-

595 1078 472 246 lopp
890 1078 354 246 af
1067 1078 649 246 omkring
1540 1078 413 246 300
1717 1078 531 246 kronor.

966 1269 320 176 I
1094 1269 832 176 anledning
1734 1269 576 176 häraf
2054 1269 320 176 har

658 1343 1094 233 Detektivkonstapeln
1603 1343 298 233 C.
1753 1343 647 233 Hellström
2200 1343 249 233 den

615 1473 311 248 8
739 1473 621 248 dennes
1174 1473 746 248 anhållit
1671 1473 808 248 ofvannämnde

602 1615 510 258 Johan
942 1615 624 258 Olsson,
1396 1615 624 258 hvilken
1850 1615 397 258 vid
2076 1615 397 258 det
2247 1615 283 258 med

601 1744 515 296 honom
944 1744 686 296 anstälde
1459 1744 572 296 förhör
1802 1744 686 296 uppgifvit,

584 1928 413 262 att
820 1928 413 262 han
1056 1928 531 262 sedan
1410 1928 590 262 början
1824 1928 354 262 af
1942 1928 472 262 sistl.

557 2075 570 263 April
937 2075 570 263 månad
1317 2075 570 263 varit
1697 2075 697 263 anstäld
2141 2075 317 263 så¬-

564 2211 461 210 som
827 2211 789 210 Ölkörare
1419 2211 461 210 hos
1683 2211 724 210 Wessman
2143 2211 329 210 och

552 2337 633 236 derunder
1027 2337 633 236 åtnjutit
1501 2337 896 236 veckoaflöning
2186 2337 264 236 med

539 2455 301 271 6
659 2455 602 271 kronor
1080 2455 541 271 jemte
1441 2455 301 271 2
1562 2455 301 271 %
1682 2455 361 271 af
1862 2455 361 271 de
1983 2455 481 271 belopp

545 2621 436 258 som
794 2621 561 258 genom
1168 2621 499 258 hans
1480 2621 935 258 försäljning
2166 2621 249 258 af

548 2759 826 225 förenämnde
1197 2759 649 225 drycker
1668 2759 708 225 inflöte,
2140 2759 295 225 att

557 2895 435 259 han
805 2895 435 259 som
1054 2895 621 259 hwarje
1488 2895 559 259 afton
1861 2895 373 259 af
1985 2895 435 259 Wess¬-

568 3021 368 278 man
778 3021 735 278 affordrats
1355 3021 788 278 redowisning
1985 3021 368 278 för
2143 3021 263 278 un¬-

549 3151 383 264 der
768 3151 492 264 dagen
1096 3151 657 264 försåldt
1589 3151 328 264 öl
1753 3151 383 264 och
1917 3151 438 264 porter

530 3296 572 284 derwid
930 3296 572 284 Olsson
1330 3296 514 284 äfven
1673 3296 572 284 lemnat
2016 3296 343 284 upp¬-

557 3477 413 261 gift
815 3477 258 261 å
919 3477 310 261 de
1073 3477 671 261 personer,
1589 3477 361 261 som
1796 3477 568 261 sålunda
2157 3477 258 261 de¬-

558 3601 644 279 biterats
1041 3601 322 279 af
1202 3601 483 279 honom
1524 3601 644 279 erhållit
1954 3601 429 279 sådana

578 3776 472 182 waror
892 3776 315 182 på
1050 3776 577 182 kredit,
1469 3776 524 182 hwarom
1836 3776 577 182 Wessman
2203 3776 210 182 då

2695 169 386 253 gjort
2953 169 644 253 antekningar
3467 169 215 253 i
3553 169 343 253 sina
3768 169 772 253 handelsböcker;
4368 169 215 253 att

2708 334 373 228 Olsson
2969 334 224 228 af
3081 334 224 228 de
3193 334 448 228 personer
3529 334 261 228 som
3678 334 411 228 salunda
3977 334 560 228 debiterats,
4387 334 187 228 ej,

2681 470 268 217 ej
2815 470 535 217 uppburit
3217 470 580 217 betalning
3663 470 268 217 af
3797 470 401 217 andra
4064 470 268 217 än
4198 470 357 217 dels
4377 470 178 217 27

2696 599 442 188 kronor
3005 599 265 188 af
3138 599 487 188 Mamsell
3492 599 398 188 Adela
3757 599 575 188 Andersson
4200 599 221 188 å
4244 599 398 188 Källarn

2681 724 411 194 Freden
2968 724 205 194 i
3051 724 370 194 huset
3297 724 246 194 No
3420 724 205 194 7
3502 724 287 194 vid
3667 724 370 194 Stora
3913 724 616 194 Badhusgatan
4365 724 205 194 och

2707 846 331 206 dels
2914 846 207 206 7
2996 846 414 206 kronor
3286 846 248 206 af
3410 846 745 206 Restauratrisen
4031 846 207 206 å
4072 846 538 206 Ångfartyget

2696 979 561 221 "Tessin",
3128 979 432 221 hvilka
3430 979 561 221 penningar
3862 979 302 221 han
4035 979 518 221 användt;
4380 979 216 221 att

2703 1118 352 183 han,
2923 1118 308 183 som
3099 1118 308 183 den
3275 1118 264 183 28
3407 1118 440 183 sistl.
3714 1118 484 183 Oktober
4066 1118 396 183 råkat
4330 1118 308 183 att
4462 1118 132 183 å

2679 1278 610 207 Sillgatan
3148 1278 657 207 omkullköra
3664 1278 328 207 den
3852 1278 516 207 ölvagn,
4227 1278 328 207 han
4368 1278 235 207 vid

2698 1421 580 185 tillfället
3153 1421 373 185 kört,
3402 1421 414 185 dervid
3692 1421 456 185 omkring
4023 1421 207 185 5
4106 1421 290 185 1/2
4231 1421 331 185 dussin

2701 1546 378 222 fylda
2953 1546 589 222 ölbuteljer
3416 1546 336 222 gått
3626 1546 463 222 sönder,
3962 1546 505 222 beslutat
4299 1546 294 222 lemna

2673 1680 316 237 sin
2853 1680 677 237 anställning
3395 1680 316 237 hos
3575 1680 496 237 Wessman
3936 1680 587 237 hvarefter
4342 1680 271 237 han,

2691 1820 316 170 utan
2889 1820 277 170 att
3047 1820 356 170 derom
3284 1820 553 170 underrätta
3719 1820 356 170 denne
3956 1820 553 170 underlåtit
4351 1820 198 170 att

2718 1938 473 226 följande
3072 1938 276 226 dag
3230 1938 473 226 inställa
3585 1938 276 226 sig
3743 1938 197 226 i
3822 1938 513 226 tjensten,
4216 1938 315 226 samt
4374 1938 197 226 att

2676 2108 308 217 han
2852 2108 308 217 som
3028 2108 264 217 af
3160 2108 484 217 Wessman
3512 2108 352 217 egde
3731 2108 308 217 att
3907 2108 440 217 fordra
4215 2108 264 217 en
4303 2108 352 217 vecko¬-

2710 2255 494 230 aflöning
3080 2255 288 230 med
3245 2255 206 230 6
3327 2255 412 230 Kronor
3616 2255 288 230 och
3780 2255 288 230 två
3945 2255 453 230 procent
4275 2255 247 230 af
4357 2255 247 230 för¬-

2711 2403 839 221 säljningssumman
3418 2403 309 221 för
3594 2403 486 221 Oktober
3948 2403 442 221 månad,
4213 2403 353 221 ansåge

2706 2545 306 212 sin
2881 2545 480 212 fordran
3230 2545 524 212 motsvara
3623 2545 262 212 de
3754 2545 567 212 penningar
4190 2545 306 212 han
4365 2545 262 212 af
4452 2545 262 212 Mam¬-

2724 2698 332 198 till
2931 2698 373 198 Adela
3180 2698 581 198 Andersson,
3636 2698 290 198 och
3802 2698 747 198 Restauratrisen
4383 2698 207 198 och

2721 2841 225 208 å
2811 2841 676 208 Ångfartyget
3352 2841 450 208 Tessin
3667 2841 586 208 uppburit,
4117 2841 450 208 hvadan
4388 2841 225 208 han

2711 2966 471 211 bestride
3064 2966 275 211 att
3221 2966 314 211 hans
3418 2966 668 211 ifrågavarande
3968 2966 550 211 förfarande
4360 2966 236 211 vore

2712 3117 291 205 att
2879 3117 332 205 anse
3086 3117 374 205 såsom
3336 3117 665 205 förskingring
3876 3117 374 205 eller
4083 3117 499 205 tillgrepp.

2790 3257 650 161 Handlanden
3300 3257 510 161 Wessman
3671 3257 325 161 har
3857 3257 650 161 förklarat,
4321 3257 232 161 att

2714 3403 416 210 Olsson
3005 3403 457 210 förutom
3338 3403 665 210 fordringarne
3878 3403 291 210 hos
4044 3403 457 210 Mamsell
4335 3403 291 210 Adela

2720 3508 501 224 Andersson
3106 3508 270 224 och
3260 3508 694 224 Restauratrisen
3838 3508 193 224 å
3915 3508 578 224 Ångfartyget
4339 3508 347 224 Tessin,

2712 3713 411 195 hvilka
3000 3713 575 195 fordringar
3451 3713 452 195 uppgått
3780 3713 288 195 hos
3944 3713 452 195 Mamsell
4232 3713 452 195 Andersson
