4986 4060
522 91 317 261 två
703 91 725 261 tillbringare
1292 91 272 261 af
1428 91 544 261 porslin,
1836 91 272 261 en
1972 91 363 261 smör
2153 91 272 261 kopp

497 281 324 186 ett
682 281 324 186 par
867 281 832 186 ljusmanchetter
1560 281 324 186 och
1745 281 277 186 en
1837 281 555 186 nysilfvers

442 403 476 155 thesked.

500 546 213 177 I
586 546 555 177 anledning
1013 546 384 177 häraf
1269 546 299 177 har
1439 546 427 177 förhör
1738 546 470 177 blifvit
2037 546 427 177 anstäldt

506 692 332 123 med
695 692 570 123 Josefina
1123 692 665 123 Bergstrand
1645 692 332 123 som
1835 692 475 123 dervid
2120 692 285 123 upp¬-

492 816 407 182 gifvit
777 816 285 182 och
940 816 570 182 förklarat;
1389 816 285 182 att
1552 816 285 182 hon
1715 816 407 182 sistl.
2000 816 285 182 vår
2122 816 326 182 ingått

482 951 270 183 i
590 951 702 183 äktenskap
1130 951 378 183 med
1346 951 540 183 smeden
1723 951 486 183 Johan
1993 951 378 183 Berg¬-

484 1036 494 198 strand
830 1036 643 198 härstädes
1324 1036 791 198 dessförinnan
1967 1036 396 198 bott
2165 1036 247 198 hos

490 1193 339 150 sin
683 1193 436 150 moder
974 1193 242 150 i
1071 1193 436 150 Borås
1362 1193 339 150 der
1556 1193 436 150 såväl
1846 1193 339 150 hon
2040 1193 339 150 som
2186 1193 242 150 mo¬-

506 1323 373 176 dern
739 1323 373 176 haft
972 1323 838 176 sysselsättning
1671 1323 326 176 hos
1810 1323 559 176 målsegaren

499 1422 342 172 att
695 1422 293 172 då
841 1422 489 172 hustru
1183 1422 684 172 Bergstrand
1721 1422 440 172 sist.
2014 1422 342 172 Maj
2161 1422 244 172 må¬-

501 1546 326 205 nad
688 1546 512 205 flyttat
1060 1546 326 205 hit
1246 1546 372 205 till
1479 1546 466 205 staden
1805 1546 466 205 hennes
2084 1546 326 205 moder

501 1659 496 217 gifvit
849 1659 447 217 henne
1147 1659 596 217 samtliga
1594 1659 397 217 gods
1842 1659 348 217 med
1991 1659 397 217 undan¬-

488 1820 330 189 tag
676 1820 283 189 af
818 1820 330 189 det
1007 1820 330 189 ena
1195 1820 802 189 drickesglaset
1855 1820 283 189 de
1997 1820 330 189 två
2138 1820 283 189 min¬-

503 1940 339 186 dre
696 1940 727 186 tallrikarne
1278 1940 339 186 och
1472 1940 339 186 två
1665 1940 291 186 af
1762 1940 630 186 handdukarne

489 2051 266 235 af
622 2051 488 235 hvilket
976 2051 355 235 gods
1198 2051 443 235 hustru
1508 2051 621 235 Bergstrand
1996 2051 310 235 vid
2129 2051 310 235 något

504 2253 525 156 tillfälle
907 2253 363 156 sjelf
1149 2253 565 156 tillgripit
1593 2253 726 156 drickesglaset,
2158 2253 242 156 samt

469 2360 350 222 fått
688 2360 306 222 sig
863 2360 350 222 från
1082 2360 306 222 sin
1257 2360 394 222 moder
1519 2360 569 222 tillsandt
1957 2360 306 222 det
2088 2360 350 222 öfrige

471 2491 271 202 att
626 2491 271 202 hon
781 2491 310 202 icke
975 2491 310 202 vare
1169 2491 271 202 sig
1324 2491 542 202 tillgripit
1750 2491 349 202 eller
1944 2491 387 202 mottagit

464 2660 412 148 något
739 2660 412 148 annat
1014 2660 275 148 af
1152 2660 687 148 målsegarens
1701 2660 550 148 egendom;
2068 2660 275 148 samt

478 2754 298 169 att
649 2754 426 169 hustru
947 2754 597 169 Bergstrand
1416 2754 256 169 ej
1544 2754 469 169 afvetat
1885 2754 298 169 det
2013 2754 341 169 hennes

459 2895 439 173 moder
752 2895 293 173 på
899 2895 537 173 oärligt
1289 2895 391 173 sätt
1533 2895 586 173 åtkommit
1973 2895 293 173 de
2070 2895 342 173 saker

455 2990 351 190 som
655 2990 351 190 hon
856 2990 502 190 skänkt
1207 2990 502 190 hustru
1508 2990 602 190 Bergstrand

452 3121 672 216 målsegaren
980 3121 336 216 har
1172 3121 576 216 igenkänt
1605 3121 576 216 samtlige
1989 3121 336 216 före¬-

482 3251 449 212 nämde
781 3251 299 212 af
931 3251 499 212 hustru
1280 3251 698 212 Bergstrand
1779 3251 548 212 innehafde

470 3427 363 139 gods
696 3427 408 139 såsom
968 3427 499 139 varande
1331 3427 363 139 från
1557 3427 635 139 målsegaren
2011 3427 317 139 till¬-

478 3506 523 214 gripits
859 3506 618 214 hvarjemte
1334 3506 666 214 målsegaren
1810 3506 523 214 uppgifvit

460 3635 325 155 att
645 3635 278 155 de
784 3635 371 155 vore
1016 3635 418 155 värdt
1295 3635 603 155 servetten
1759 3635 278 155 50
1898 3635 325 155 öre
2037 3635 371 155 handu¬-

454 3769 445 138 karne
750 3769 297 138 25
898 3769 346 138 öre
1096 3769 346 138 st.
1294 3769 791 138 tallreckarne
1936 3769 247 138 4
1986 3769 395 138 kronor

2560 168 289 154 de
2704 168 482 154 mindre
3041 168 770 154 tallrickarne
3667 168 578 154 tillhopa
4101 168 241 154 1
4149 168 337 154 krona

2561 323 419 203 fatet
2841 323 279 203 50
2980 323 326 203 öre
3167 323 792 203 drickesglasen
3819 323 279 203 25
3958 323 326 203 öre
4098 323 419 203 stycket

2591 488 722 175 tillbringarne
3185 488 212 175 1
3270 488 382 175 krona
3525 488 297 175 st.
3695 488 595 175 smorkoppen
4162 488 255 175 50
4247 488 255 175 öre,

2564 630 925 188 ljusmanchetterna
3350 630 277 188 50
3488 630 324 188 öre
3673 630 324 188 och
3858 630 601 188 theskeden
4274 630 185 188 50

2520 827 317 95 öre.

2552 887 334 210 Det
2743 887 810 210 ifrågavarande
3410 887 381 210 från
3649 887 477 210 hustru
3935 887 572 210 Bergstrand

2572 1026 533 209 anhållna
2971 1026 444 209 godset
3282 1026 311 209 har
3460 1026 489 209 blifvit
3815 1026 355 209 till
3993 1026 533 209 målsegaren

2548 1216 560 125 återstäldt.

2591 1323 325 206 På
2753 1323 488 206 grund
3078 1323 325 206 af
3241 1323 433 206 hvad
3512 1323 596 206 sålunda
3891 1323 650 206 förekommit

2610 1476 251 153 är
2736 1476 418 153 hustru
3029 1476 502 153 Josefina
3405 1476 502 153 Fredrika
3782 1476 586 153 Bergstrand
4200 1476 335 153 kallad

2586 1618 408 169 till
2841 1618 867 169 Poliskammaren
3555 1618 459 169 denna
3810 1618 306 169 dag.

3351 1724 472 215 Göteborg
3704 1724 275 215 den
3862 1724 236 215 13
3980 1724 432 215 Oktober
4255 1724 275 215 1880.

4490 1959 291 130 No
4587 1959 243 130 219

4451 2059 287 194 Axel
4594 2059 287 194 Ludvig

4402 2221 458 176 Svensson

2651 1861 640 206 Kolarbetaren
3171 1861 320 206 Lars
3371 1861 520 206 Svensson,
3772 1861 400 206 boende
4052 1861 200 206 i
4132 1861 360 206 huset
4332 1861 160 206 No

2603 2005 209 187 4
2687 2005 293 187 vid
2854 2005 711 187 Klockaregatan
3440 2005 293 187 har
3607 2005 502 187 Måndagen
3984 2005 293 187 den
4151 2005 251 187 11
4235 2005 251 187 den¬-

2594 2155 312 158 nes
2773 2155 490 158 anmält,
3129 2155 312 158 att
3308 2155 357 158 hans
3531 2155 669 158 minderarige
4066 2155 312 158 son
4199 2155 268 158 Axel

2580 2267 433 202 Ludvig
2883 2267 563 202 Svensson,
3316 2267 520 202 Lördagen
3706 2267 303 202 den
3880 2267 217 202 9
3966 2267 260 202 ds
4053 2267 390 202 aflägs¬-

2601 2407 294 214 nat
2769 2407 294 214 sig
2937 2407 335 214 från
3146 2407 419 214 hemmet
3440 2407 377 214 efter
3691 2407 294 214 att
3859 2407 377 214 hafva
4111 2407 335 214 från
4278 2407 210 214 hos

2603 2533 561 194 Svensson
3024 2533 655 194 inneboende
3538 2533 468 194 ogifta
3819 2533 561 194 Sömmerskan

2606 2651 651 223 Christina
3107 2651 601 223 Svensson
3558 2651 351 223 och
3758 2651 401 223 Emma
3958 2651 451 223 Beckman

2566 2833 542 189 tillgripit:

2618 2906 327 226 från
2822 2906 531 226 Christina
3230 2906 490 226 Svensson
3598 2906 245 226 en
3720 2906 204 226 i
3802 2906 245 226 en
3924 2906 367 226 olåst
4128 2906 286 226 kista

2605 3003 538 238 förvarad
3009 3003 359 238 brun
3233 3003 852 238 skinnportmonaie
3906 3003 628 238 innehållande

2550 3140 296 210 1
2668 3140 592 210 krona,
3083 3140 415 210 och
3320 3140 474 210 från
3616 3140 474 210 Emma
3853 3140 533 210 Beckman

2569 3262 348 183 två
2768 3262 497 183 sedlar
3116 3262 249 183 å
3215 3262 298 183 10
3365 3262 547 183 kronor,
3762 3262 497 183 hvilka
4060 3262 398 183 sedlar

2555 3422 527 172 legat,
2924 3422 263 172 i
3029 3422 316 172 en
3187 3422 579 172 Beckman
3608 3422 685 172 tillhörig
4082 3422 369 172 olåst

2498 3564 471 120 kista.

2734 3574 262 194 I
2838 3574 681 194 anledning
3363 3574 472 194 häraf
3677 3574 367 194 har
3834 3574 577 194 Poliskon¬-

2571 3699 535 186 stapeln
2961 3699 292 186 No
3107 3699 341 186 126
3301 3699 973 186 Engelbrecktsson,
4080 3699 389 186 Tisda¬
