<?xml version="1.0" encoding="UTF-8"?>
<alto xmlns:xsi="http://www.w3.org/2001/XMLSchema-instance"
      xmlns="http://www.loc.gov/standards/alto/ns-v4#"
      xmlns:page="http://schema.primaresearch.org/PAGE/gts/pagecontent/2013-07-15"
      xsi:schemaLocation="http://www.loc.gov/standards/alto/ns-v4# https://www.loc.gov/standards/alto/v4/alto.xsd">
   <Description>
      <MeasurementUnit>pixel</MeasurementUnit>
      <OCRProcessing ID="IdOcr">
         <ocrProcessingStep>
            <processingDateTime>2022-11-18T16:09:57.547+01:00</processingDateTime>
            <processingSoftware>
               <softwareCreator>READ COOP</softwareCreator>
               <softwareName>Transkribus</softwareName>
            </processingSoftware>
         </ocrProcessingStep>
      </OCRProcessing>
   </Description>
   <Tags/>
   <Layout>
      <Page ID="Page1" PHYSICAL_IMG_NR="1" HEIGHT="4030" WIDTH="4974">
         <TopMargin HEIGHT="0" WIDTH="4974" VPOS="0" HPOS="0"/>
         <LeftMargin HEIGHT="4030" WIDTH="0" VPOS="0" HPOS="0"/>
         <RightMargin HEIGHT="4030" WIDTH="0" VPOS="0" HPOS="4974"/>
         <BottomMargin HEIGHT="0" WIDTH="4974" VPOS="4030" HPOS="0"/>
         <PrintSpace HEIGHT="4030" WIDTH="4974" VPOS="0" HPOS="0">
            <TextBlock ID="r1" HEIGHT="3566" WIDTH="1946" VPOS="201" HPOS="478">
               <Shape>
                  <Polygon POINTS="478,201 478,3767 2424,3767 2424,201"/>
               </Shape>
               <TextLine ID="r1l1"
                         BASELINE="484,292 581,286 678,279 775,274 872,268 969,264 1066,260 1163,258 1260,254 1357,254 1454,252 1551,252 1648,252 1745,252 1842,254 1939,256 2036,258 2133,260 2230,264 2327,267 2424,272"
                         HEIGHT="186"
                         WIDTH="1967"
                         VPOS="166"
                         HPOS="470">
                  <String HEIGHT="186"
                          WIDTH="492"
                          VPOS="166"
                          HPOS="435"
                          CONTENT="Johansson,"/>
                  <SP HEIGHT="186" WIDTH="35" VPOS="166" HPOS="927"/>
                  <String HEIGHT="186"
                          WIDTH="281"
                          VPOS="166"
                          HPOS="821"
                          CONTENT="till"/>
                  <SP HEIGHT="186" WIDTH="35" VPOS="166" HPOS="1102"/>
                  <String HEIGHT="186"
                          WIDTH="316"
                          VPOS="166"
                          HPOS="997"
                          CONTENT="honom"/>
                  <SP HEIGHT="186" WIDTH="35" VPOS="166" HPOS="1313"/>
                  <String HEIGHT="186"
                          WIDTH="422"
                          VPOS="166"
                          HPOS="1208"
                          CONTENT="utbjudit"/>
                  <SP HEIGHT="186" WIDTH="35" VPOS="166" HPOS="1629"/>
                  <String HEIGHT="186"
                          WIDTH="211"
                          VPOS="166"
                          HPOS="1524"
                          CONTENT="en"/>
                  <SP HEIGHT="186" WIDTH="35" VPOS="166" HPOS="1735"/>
                  <String HEIGHT="186"
                          WIDTH="386"
                          VPOS="166"
                          HPOS="1629"
                          CONTENT="likadan"/>
                  <SP HEIGHT="186" WIDTH="35" VPOS="166" HPOS="2016"/>
                  <String HEIGHT="186"
                          WIDTH="492"
                          VPOS="166"
                          HPOS="1910"
                          CONTENT="chiffonier"/>
                  <SP HEIGHT="186" WIDTH="35" VPOS="166" HPOS="2402"/>
                  <String HEIGHT="186"
                          WIDTH="176"
                          VPOS="166"
                          HPOS="2261"
                          CONTENT="för"/>
               </TextLine>
               <TextLine ID="r1l2"
                         BASELINE="528,398 621,390 714,386 807,381 901,377 994,374 1087,372 1181,369 1274,366 1367,366 1461,364 1554,364 1647,364 1740,364 1834,364 1927,364 2020,366 2114,367 2207,368 2300,370 2394,372"
                         HEIGHT="147"
                         WIDTH="1891"
                         VPOS="278"
                         HPOS="516">
                  <String HEIGHT="147"
                          WIDTH="284"
                          VPOS="278"
                          HPOS="484"
                          CONTENT="samma"/>
                  <SP HEIGHT="147" WIDTH="32" VPOS="278" HPOS="768"/>
                  <String HEIGHT="147"
                          WIDTH="284"
                          VPOS="278"
                          HPOS="674"
                          CONTENT="pris,"/>
                  <SP HEIGHT="147" WIDTH="32" VPOS="278" HPOS="957"/>
                  <String HEIGHT="147"
                          WIDTH="410"
                          VPOS="278"
                          HPOS="863"
                          CONTENT="hvarefter"/>
                  <SP HEIGHT="147" WIDTH="32" VPOS="278" HPOS="1272"/>
                  <String HEIGHT="147"
                          WIDTH="410"
                          VPOS="278"
                          HPOS="1178"
                          CONTENT="Thorsson,"/>
                  <SP HEIGHT="147" WIDTH="32" VPOS="278" HPOS="1588"/>
                  <String HEIGHT="147"
                          WIDTH="441"
                          VPOS="278"
                          HPOS="1493"
                          CONTENT="Andersson,"/>
                  <SP HEIGHT="147" WIDTH="32" VPOS="278" HPOS="1934"/>
                  <String HEIGHT="147"
                          WIDTH="410"
                          VPOS="278"
                          HPOS="1840"
                          CONTENT="Johansson"/>
                  <SP HEIGHT="147" WIDTH="32" VPOS="278" HPOS="2249"/>
                  <String HEIGHT="147"
                          WIDTH="221"
                          VPOS="278"
                          HPOS="2155"
                          CONTENT="och"/>
                  <SP HEIGHT="147" WIDTH="32" VPOS="278" HPOS="2375"/>
                  <String HEIGHT="147"
                          WIDTH="158"
                          VPOS="278"
                          HPOS="2249"
                          CONTENT="Be¬"
                          SUBS_TYPE="HypPart1"
                          SUBS_CONTENT="Besättningskarlen"/>
                  <HYP CONTENT="-"/>
               </TextLine>
               <TextLine ID="r1l3"
                         BASELINE="500,512 595,508 690,502 785,499 880,495 975,492 1070,490 1165,488 1260,486 1355,486 1450,484 1545,484 1640,484 1735,484 1830,484 1925,484 2020,485 2115,486 2210,486 2305,488 2400,488"
                         HEIGHT="168"
                         WIDTH="1924"
                         VPOS="395"
                         HPOS="487">
                  <String HEIGHT="168"
                          WIDTH="620"
                          VPOS="395"
                          HPOS="454"
                          CONTENT="sättningskarlen"
                          SUBS_TYPE="HypPart2"
                          SUBS_CONTENT="Besättningskarlen"/>
                  <SP HEIGHT="168" WIDTH="33" VPOS="395" HPOS="1074"/>
                  <String HEIGHT="168"
                          WIDTH="326"
                          VPOS="395"
                          HPOS="976"
                          CONTENT="Anders"/>
                  <SP HEIGHT="168" WIDTH="33" VPOS="395" HPOS="1302"/>
                  <String HEIGHT="168"
                          WIDTH="293"
                          VPOS="395"
                          HPOS="1204"
                          CONTENT="Johan"/>
                  <SP HEIGHT="168" WIDTH="33" VPOS="395" HPOS="1498"/>
                  <String HEIGHT="168"
                          WIDTH="391"
                          VPOS="395"
                          HPOS="1400"
                          CONTENT="Jönsson,"/>
                  <SP HEIGHT="168" WIDTH="33" VPOS="395" HPOS="1791"/>
                  <String HEIGHT="168"
                          WIDTH="391"
                          VPOS="395"
                          HPOS="1694"
                          CONTENT="äfvensom"/>
                  <SP HEIGHT="168" WIDTH="33" VPOS="395" HPOS="2085"/>
                  <String HEIGHT="168"
                          WIDTH="457"
                          VPOS="395"
                          HPOS="1954"
                          CONTENT="Arbetskarlen"/>
               </TextLine>
               <TextLine ID="r1l4"
                         BASELINE="508,636 603,629 698,624 793,618 888,614 984,610 1079,608 1174,606 1269,604 1364,602 1460,600 1555,600 1650,598 1745,598 1840,598 1936,597 2031,596 2126,596 2221,594 2316,592 2412,590"
                         HEIGHT="168"
                         WIDTH="1930"
                         VPOS="529"
                         HPOS="493">
                  <String HEIGHT="168"
                          WIDTH="333"
                          VPOS="529"
                          HPOS="460"
                          CONTENT="Gustaf"/>
                  <SP HEIGHT="168" WIDTH="33" VPOS="529" HPOS="792"/>
                  <String HEIGHT="168"
                          WIDTH="366"
                          VPOS="529"
                          HPOS="693"
                          CONTENT="Fredrik"/>
                  <SP HEIGHT="168" WIDTH="33" VPOS="529" HPOS="1059"/>
                  <String HEIGHT="168"
                          WIDTH="433"
                          VPOS="529"
                          HPOS="959"
                          CONTENT="Öjersson,"/>
                  <SP HEIGHT="168" WIDTH="33" VPOS="529" HPOS="1391"/>
                  <String HEIGHT="168"
                          WIDTH="366"
                          VPOS="529"
                          HPOS="1292"
                          CONTENT="hvilken"/>
                  <SP HEIGHT="168" WIDTH="33" VPOS="529" HPOS="1658"/>
                  <String HEIGHT="168"
                          WIDTH="333"
                          VPOS="529"
                          HPOS="1558"
                          CONTENT="jemväl"/>
                  <SP HEIGHT="168" WIDTH="33" VPOS="529" HPOS="1891"/>
                  <String HEIGHT="168"
                          WIDTH="466"
                          VPOS="529"
                          HPOS="1791"
                          CONTENT="tillstädes"/>
                  <SP HEIGHT="168" WIDTH="33" VPOS="529" HPOS="2257"/>
                  <String HEIGHT="168"
                          WIDTH="299"
                          VPOS="529"
                          HPOS="2124"
                          CONTENT="kommit,"/>
               </TextLine>
               <TextLine ID="r1l5"
                         BASELINE="504,768 568,761 633,754 698,748 763,743 828,739 893,735 958,731 1023,728 1088,726 1153,724 1217,722 1282,720 1347,720 1412,718 1477,718 1542,718 1607,718 1672,718 1737,718 1802,718"
                         HEIGHT="203"
                         WIDTH="1325"
                         VPOS="610"
                         HPOS="490">
                  <String HEIGHT="203"
                          WIDTH="430"
                          VPOS="610"
                          HPOS="454"
                          CONTENT="samtlige"/>
                  <SP HEIGHT="203" WIDTH="36" VPOS="610" HPOS="884"/>
                  <String HEIGHT="203"
                          WIDTH="430"
                          VPOS="610"
                          HPOS="776"
                          CONTENT="begifvit"/>
                  <SP HEIGHT="203" WIDTH="36" VPOS="610" HPOS="1206"/>
                  <String HEIGHT="203"
                          WIDTH="251"
                          VPOS="610"
                          HPOS="1099"
                          CONTENT="sig"/>
                  <SP HEIGHT="203" WIDTH="36" VPOS="610" HPOS="1349"/>
                  <String HEIGHT="203"
                          WIDTH="286"
                          VPOS="610"
                          HPOS="1242"
                          CONTENT="till"/>
                  <SP HEIGHT="203" WIDTH="36" VPOS="610" HPOS="1529"/>
                  <String HEIGHT="203"
                          WIDTH="430"
                          VPOS="610"
                          HPOS="1385"
                          CONTENT="magasinet."/>
               </TextLine>
               <TextLine ID="r1l6"
                         BASELINE="660,856 748,849 836,845 924,839 1012,834 1100,830 1188,826 1276,822 1364,820 1452,818 1541,815 1629,814 1717,812 1805,810 1893,810 1981,810 2069,810 2157,810 2245,810 2333,811 2422,812"
                         HEIGHT="182"
                         WIDTH="1784"
                         VPOS="709"
                         HPOS="648">
                  <String HEIGHT="182"
                          WIDTH="245"
                          VPOS="709"
                          HPOS="613"
                          CONTENT="Häs"/>
                  <SP HEIGHT="182" WIDTH="35" VPOS="709" HPOS="858"/>
                  <String HEIGHT="182"
                          WIDTH="315"
                          VPOS="709"
                          HPOS="753"
                          CONTENT="ofvan"/>
                  <SP HEIGHT="182" WIDTH="35" VPOS="709" HPOS="1068"/>
                  <String HEIGHT="182"
                          WIDTH="490"
                          VPOS="709"
                          HPOS="963"
                          CONTENT="omförmälde"/>
                  <SP HEIGHT="182" WIDTH="35" VPOS="709" HPOS="1453"/>
                  <String HEIGHT="182"
                          WIDTH="735"
                          VPOS="709"
                          HPOS="1348"
                          CONTENT="Besättningskarlen"/>
                  <SP HEIGHT="182" WIDTH="35" VPOS="709" HPOS="2082"/>
                  <String HEIGHT="182"
                          WIDTH="350"
                          VPOS="709"
                          HPOS="1977"
                          CONTENT="Anders"/>
                  <SP HEIGHT="182" WIDTH="35" VPOS="709" HPOS="2327"/>
                  <String HEIGHT="182"
                          WIDTH="245"
                          VPOS="709"
                          HPOS="2187"
                          CONTENT="Johan"/>
               </TextLine>
               <TextLine ID="r1l7"
                         BASELINE="524,962 618,957 712,951 806,947 901,943 995,940 1089,936 1184,934 1278,931 1372,928 1467,926 1561,924 1655,924 1749,922 1844,922 1938,920 2032,920 2127,918 2221,918 2315,916 2410,916"
                         HEIGHT="188"
                         WIDTH="1913"
                         VPOS="822"
                         HPOS="511">
                  <String HEIGHT="188"
                          WIDTH="363"
                          VPOS="822"
                          HPOS="478"
                          CONTENT="Jonsson"/>
                  <SP HEIGHT="188" WIDTH="33" VPOS="822" HPOS="841"/>
                  <String HEIGHT="188"
                          WIDTH="264"
                          VPOS="822"
                          HPOS="742"
                          CONTENT="från"/>
                  <SP HEIGHT="188" WIDTH="33" VPOS="822" HPOS="1006"/>
                  <String HEIGHT="188"
                          WIDTH="462"
                          VPOS="822"
                          HPOS="907"
                          CONTENT="Skälbräcke"/>
                  <SP HEIGHT="188" WIDTH="33" VPOS="822" HPOS="1369"/>
                  <String HEIGHT="188" WIDTH="165" VPOS="822" HPOS="1270" CONTENT="i"/>
                  <SP HEIGHT="188" WIDTH="33" VPOS="822" HPOS="1435"/>
                  <String HEIGHT="188"
                          WIDTH="363"
                          VPOS="822"
                          HPOS="1336"
                          CONTENT="Ytterby"/>
                  <SP HEIGHT="188" WIDTH="33" VPOS="822" HPOS="1698"/>
                  <String HEIGHT="188"
                          WIDTH="363"
                          VPOS="822"
                          HPOS="1599"
                          CONTENT="socken,"/>
                  <SP HEIGHT="188" WIDTH="33" VPOS="822" HPOS="1962"/>
                  <String HEIGHT="188"
                          WIDTH="396"
                          VPOS="822"
                          HPOS="1863"
                          CONTENT="anställd"/>
                  <SP HEIGHT="188" WIDTH="33" VPOS="822" HPOS="2259"/>
                  <String HEIGHT="188" WIDTH="165" VPOS="822" HPOS="2160" CONTENT="å"/>
                  <SP HEIGHT="188" WIDTH="33" VPOS="822" HPOS="2325"/>
                  <String HEIGHT="188"
                          WIDTH="231"
                          VPOS="822"
                          HPOS="2193"
                          CONTENT="Hand¬"
                          SUBS_TYPE="HypPart1"
                          SUBS_CONTENT="Handlanden"/>
                  <HYP CONTENT="-"/>
               </TextLine>
               <TextLine ID="r1l8"
                         BASELINE="508,1084 603,1077 698,1071 793,1065 888,1061 983,1057 1078,1053 1173,1050 1268,1048 1363,1046 1459,1045 1554,1044 1649,1042 1744,1042 1839,1040 1934,1040 2029,1038 2124,1036 2219,1034 2314,1032 2410,1028"
                         HEIGHT="161"
                         WIDTH="1929"
                         VPOS="955"
                         HPOS="495">
                  <String HEIGHT="161"
                          WIDTH="333"
                          VPOS="955"
                          HPOS="462"
                          CONTENT="landen"
                          SUBS_TYPE="HypPart2"
                          SUBS_CONTENT="Handlanden"/>
                  <SP HEIGHT="161" WIDTH="33" VPOS="955" HPOS="794"/>
                  <String HEIGHT="161"
                          WIDTH="299"
                          VPOS="955"
                          HPOS="695"
                          CONTENT="Arvid"/>
                  <SP HEIGHT="161" WIDTH="33" VPOS="955" HPOS="994"/>
                  <String HEIGHT="161"
                          WIDTH="432"
                          VPOS="955"
                          HPOS="894"
                          CONTENT="Erikssons"/>
                  <SP HEIGHT="161" WIDTH="33" VPOS="955" HPOS="1326"/>
                  <String HEIGHT="161"
                          WIDTH="366"
                          VPOS="955"
                          HPOS="1227"
                          CONTENT="lastbåt"/>
                  <SP HEIGHT="161" WIDTH="33" VPOS="955" HPOS="1593"/>
                  <String HEIGHT="161"
                          WIDTH="432"
                          VPOS="955"
                          HPOS="1493"
                          CONTENT="&#34;Hoppet&#34;,"/>
                  <SP HEIGHT="161" WIDTH="33" VPOS="955" HPOS="1925"/>
                  <String HEIGHT="161"
                          WIDTH="366"
                          VPOS="955"
                          HPOS="1825"
                          CONTENT="hvilken"/>
                  <SP HEIGHT="161" WIDTH="33" VPOS="955" HPOS="2191"/>
                  <String HEIGHT="161"
                          WIDTH="299"
                          VPOS="955"
                          HPOS="2091"
                          CONTENT="samma"/>
                  <SP HEIGHT="161" WIDTH="33" VPOS="955" HPOS="2391"/>
                  <String HEIGHT="161"
                          WIDTH="166"
                          VPOS="955"
                          HPOS="2258"
                          CONTENT="dag"/>
               </TextLine>
               <TextLine ID="r1l9"
                         BASELINE="496,1190 590,1184 685,1178 780,1172 874,1168 969,1165 1064,1162 1158,1160 1253,1158 1348,1158 1443,1156 1537,1156 1632,1156 1727,1154 1821,1154 1916,1154 2011,1154 2105,1154 2200,1152 2295,1152 2390,1150"
                         HEIGHT="169"
                         WIDTH="1917"
                         VPOS="1075"
                         HPOS="484">
                  <String HEIGHT="169"
                          WIDTH="308"
                          VPOS="1075"
                          HPOS="450"
                          CONTENT="legat"/>
                  <SP HEIGHT="169" WIDTH="34" VPOS="1075" HPOS="758"/>
                  <String HEIGHT="169"
                          WIDTH="377"
                          VPOS="1075"
                          HPOS="655"
                          CONTENT="förtöjd"/>
                  <SP HEIGHT="169" WIDTH="34" VPOS="1075" HPOS="1032"/>
                  <String HEIGHT="169" WIDTH="171" VPOS="1075" HPOS="929" CONTENT="i"/>
                  <SP HEIGHT="169" WIDTH="34" VPOS="1075" HPOS="1100"/>
                  <String HEIGHT="169"
                          WIDTH="445"
                          VPOS="1075"
                          HPOS="997"
                          CONTENT="Erikssons"/>
                  <SP HEIGHT="169" WIDTH="34" VPOS="1075" HPOS="1443"/>
                  <String HEIGHT="169"
                          WIDTH="274"
                          VPOS="1075"
                          HPOS="1340"
                          CONTENT="hamn"/>
                  <SP HEIGHT="169" WIDTH="34" VPOS="1075" HPOS="1614"/>
                  <String HEIGHT="169"
                          WIDTH="171"
                          VPOS="1075"
                          HPOS="1511"
                          CONTENT="i"/>
                  <SP HEIGHT="169" WIDTH="34" VPOS="1075" HPOS="1682"/>
                  <String HEIGHT="169"
                          WIDTH="342"
                          VPOS="1075"
                          HPOS="1579"
                          CONTENT="elfven"/>
                  <SP HEIGHT="169" WIDTH="34" VPOS="1075" HPOS="1922"/>
                  <String HEIGHT="169"
                          WIDTH="240"
                          VPOS="1075"
                          HPOS="1819"
                          CONTENT="vid"/>
                  <SP HEIGHT="169" WIDTH="34" VPOS="1075" HPOS="2059"/>
                  <String HEIGHT="169"
                          WIDTH="308"
                          VPOS="1075"
                          HPOS="1956"
                          CONTENT="Smala"/>
                  <SP HEIGHT="169" WIDTH="34" VPOS="1075" HPOS="2264"/>
                  <String HEIGHT="169"
                          WIDTH="274"
                          VPOS="1075"
                          HPOS="2127"
                          CONTENT="vägen,"/>
               </TextLine>
               <TextLine ID="r1l10"
                         BASELINE="506,1290 601,1285 697,1280 793,1276 889,1272 985,1270 1080,1268 1176,1268 1272,1266 1368,1266 1464,1266 1559,1266 1655,1268 1751,1268 1847,1268 1943,1268 2038,1268 2134,1268 2230,1268 2326,1268 2422,1266"
                         HEIGHT="168"
                         WIDTH="1941"
                         VPOS="1180"
                         HPOS="494">
                  <String HEIGHT="168"
                          WIDTH="223"
                          VPOS="1180"
                          HPOS="462"
                          CONTENT="har"/>
                  <SP HEIGHT="168" WIDTH="32" VPOS="1180" HPOS="685"/>
                  <String HEIGHT="168"
                          WIDTH="382"
                          VPOS="1180"
                          HPOS="589"
                          CONTENT="derefter"/>
                  <SP HEIGHT="168" WIDTH="32" VPOS="1180" HPOS="971"/>
                  <String HEIGHT="168"
                          WIDTH="382"
                          VPOS="1180"
                          HPOS="876"
                          CONTENT="upplyst,"/>
                  <SP HEIGHT="168" WIDTH="32" VPOS="1180" HPOS="1258"/>
                  <String HEIGHT="168"
                          WIDTH="223"
                          VPOS="1180"
                          HPOS="1162"
                          CONTENT="att"/>
                  <SP HEIGHT="168" WIDTH="32" VPOS="1180" HPOS="1385"/>
                  <String HEIGHT="168"
                          WIDTH="223"
                          VPOS="1180"
                          HPOS="1289"
                          CONTENT="han"/>
                  <SP HEIGHT="168" WIDTH="32" VPOS="1180" HPOS="1512"/>
                  <String HEIGHT="168"
                          WIDTH="223"
                          VPOS="1180"
                          HPOS="1417"
                          CONTENT="kl."/>
                  <SP HEIGHT="168" WIDTH="32" VPOS="1180" HPOS="1640"/>
                  <String HEIGHT="168"
                          WIDTH="350"
                          VPOS="1180"
                          HPOS="1544"
                          CONTENT="emellan"/>
                  <SP HEIGHT="168" WIDTH="32" VPOS="1180" HPOS="1894"/>
                  <String HEIGHT="168"
                          WIDTH="159"
                          VPOS="1180"
                          HPOS="1799"
                          CONTENT="9"/>
                  <SP HEIGHT="168" WIDTH="32" VPOS="1180" HPOS="1958"/>
                  <String HEIGHT="168"
                          WIDTH="223"
                          VPOS="1180"
                          HPOS="1862"
                          CONTENT="och"/>
                  <SP HEIGHT="168" WIDTH="32" VPOS="1180" HPOS="2085"/>
                  <String HEIGHT="168"
                          WIDTH="191"
                          VPOS="1180"
                          HPOS="1990"
                          CONTENT="10"/>
                  <SP HEIGHT="168" WIDTH="32" VPOS="1180" HPOS="2180"/>
                  <String HEIGHT="168"
                          WIDTH="191"
                          VPOS="1180"
                          HPOS="2085"
                          CONTENT="på"/>
                  <SP HEIGHT="168" WIDTH="32" VPOS="1180" HPOS="2276"/>
                  <String HEIGHT="168"
                          WIDTH="286"
                          VPOS="1180"
                          HPOS="2149"
                          CONTENT="aftonen"/>
               </TextLine>
               <TextLine ID="line_1621847466223_188"
                         BASELINE="522,1398 616,1394 710,1390 804,1388 898,1386 992,1384"
                         HEIGHT="139"
                         WIDTH="496"
                         VPOS="1301"
                         HPOS="507">
                  <String HEIGHT="139"
                          WIDTH="496"
                          VPOS="1301"
                          HPOS="478"
                          CONTENT="varseblifvit,"/>
                  <SP HEIGHT="139" WIDTH="29" VPOS="1301" HPOS="974"/>
                  <String HEIGHT="139"
                          WIDTH="146"
                          VPOS="1301"
                          HPOS="857"
                          CONTENT="att"/>
               </TextLine>
               <TextLine ID="line_1621847464586_182"
                         BASELINE="1195,1382 1275,1382 1369,1384 1464,1384 1558,1384 1652,1384 1746,1386 1840,1386 1935,1386 2029,1386 2123,1386 2217,1384 2311,1384 2406,1382"
                         HEIGHT="160"
                         WIDTH="1235"
                         VPOS="1305"
                         HPOS="1182">
                  <String HEIGHT="160"
                          WIDTH="401"
                          VPOS="1305"
                          HPOS="1149"
                          CONTENT="Thorsson"/>
                  <SP HEIGHT="160" WIDTH="33" VPOS="1305" HPOS="1549"/>
                  <String HEIGHT="160"
                          WIDTH="234"
                          VPOS="1305"
                          HPOS="1449"
                          CONTENT="och"/>
                  <SP HEIGHT="160" WIDTH="33" VPOS="1305" HPOS="1683"/>
                  <String HEIGHT="160"
                          WIDTH="401"
                          VPOS="1305"
                          HPOS="1583"
                          CONTENT="Öjersson"/>
                  <SP HEIGHT="160" WIDTH="33" VPOS="1305" HPOS="1983"/>
                  <String HEIGHT="160"
                          WIDTH="300"
                          VPOS="1305"
                          HPOS="1883"
                          CONTENT="något"/>
                  <SP HEIGHT="160" WIDTH="33" VPOS="1305" HPOS="2183"/>
                  <String HEIGHT="160"
                          WIDTH="367"
                          VPOS="1305"
                          HPOS="2050"
                          CONTENT="berusade,"/>
               </TextLine>
               <TextLine ID="r1l12"
                         BASELINE="508,1520 602,1516 697,1511 791,1508 886,1504 980,1502 1075,1500 1169,1498 1264,1496 1358,1496 1453,1494 1547,1494 1642,1492 1736,1492 1831,1490 1925,1490 2020,1488 2114,1486 2209,1486 2303,1484 2398,1482"
                         HEIGHT="207"
                         WIDTH="1916"
                         VPOS="1387"
                         HPOS="495">
                  <String HEIGHT="207"
                          WIDTH="368"
                          VPOS="1387"
                          HPOS="458"
                          CONTENT="kommit"/>
                  <SP HEIGHT="207" WIDTH="37" VPOS="1387" HPOS="827"/>
                  <String HEIGHT="207"
                          WIDTH="368"
                          VPOS="1387"
                          HPOS="716"
                          CONTENT="gående"/>
                  <SP HEIGHT="207" WIDTH="37" VPOS="1387" HPOS="1085"/>
                  <String HEIGHT="207"
                          WIDTH="258"
                          VPOS="1387"
                          HPOS="974"
                          CONTENT="upp"/>
                  <SP HEIGHT="207" WIDTH="37" VPOS="1387" HPOS="1232"/>
                  <String HEIGHT="207"
                          WIDTH="258"
                          VPOS="1387"
                          HPOS="1121"
                          CONTENT="för"/>
                  <SP HEIGHT="207" WIDTH="37" VPOS="1387" HPOS="1379"/>
                  <String HEIGHT="207"
                          WIDTH="405"
                          VPOS="1387"
                          HPOS="1269"
                          CONTENT="trappan"/>
                  <SP HEIGHT="207" WIDTH="37" VPOS="1387" HPOS="1674"/>
                  <String HEIGHT="207"
                          WIDTH="295"
                          VPOS="1387"
                          HPOS="1564"
                          CONTENT="till"/>
                  <SP HEIGHT="207" WIDTH="37" VPOS="1387" HPOS="1858"/>
                  <String HEIGHT="207"
                          WIDTH="553"
                          VPOS="1387"
                          HPOS="1748"
                          CONTENT="Annerstedts"/>
                  <SP HEIGHT="207" WIDTH="37" VPOS="1387" HPOS="2300"/>
                  <String HEIGHT="207"
                          WIDTH="258"
                          VPOS="1387"
                          HPOS="2153"
                          CONTENT="maga¬"
                          SUBS_TYPE="HypPart1"
                          SUBS_CONTENT="magasin,"/>
                  <HYP CONTENT="-"/>
               </TextLine>
               <TextLine ID="r1l13"
                         BASELINE="492,1628 586,1625 681,1622 775,1620 870,1618 964,1616 1059,1614 1153,1611 1248,1608 1342,1606 1437,1604 1531,1602 1626,1600 1720,1600 1815,1598 1909,1596 2004,1596 2098,1595 2193,1594 2287,1594 2382,1596"
                         HEIGHT="150"
                         WIDTH="1916"
                         VPOS="1530"
                         HPOS="478">
                  <String HEIGHT="150"
                          WIDTH="274"
                          VPOS="1530"
                          HPOS="444"
                          CONTENT="sin,"
                          SUBS_TYPE="HypPart2"
                          SUBS_CONTENT="magasin,"/>
                  <SP HEIGHT="150" WIDTH="34" VPOS="1530" HPOS="718"/>
                  <String HEIGHT="150"
                          WIDTH="240"
                          VPOS="1530"
                          HPOS="615"
                          CONTENT="som"/>
                  <SP HEIGHT="150" WIDTH="34" VPOS="1530" HPOS="854"/>
                  <String HEIGHT="150"
                          WIDTH="205"
                          VPOS="1530"
                          HPOS="752"
                          CONTENT="är"/>
                  <SP HEIGHT="150" WIDTH="34" VPOS="1530" HPOS="957"/>
                  <String HEIGHT="150"
                          WIDTH="376"
                          VPOS="1530"
                          HPOS="854"
                          CONTENT="beläget"/>
                  <SP HEIGHT="150" WIDTH="34" VPOS="1530" HPOS="1231"/>
                  <String HEIGHT="150"
                          WIDTH="171"
                          VPOS="1530"
                          HPOS="1128"
                          CONTENT="i"/>
                  <SP HEIGHT="150" WIDTH="34" VPOS="1530" HPOS="1299"/>
                  <String HEIGHT="150"
                          WIDTH="308"
                          VPOS="1530"
                          HPOS="1197"
                          CONTENT="andra"/>
                  <SP HEIGHT="150" WIDTH="34" VPOS="1530" HPOS="1504"/>
                  <String HEIGHT="150"
                          WIDTH="411"
                          VPOS="1530"
                          HPOS="1402"
                          CONTENT="våningen"/>
                  <SP HEIGHT="150" WIDTH="34" VPOS="1530" HPOS="1812"/>
                  <String HEIGHT="150"
                          WIDTH="205"
                          VPOS="1530"
                          HPOS="1710"
                          CONTENT="af"/>
                  <SP HEIGHT="150" WIDTH="34" VPOS="1530" HPOS="1915"/>
                  <String HEIGHT="150"
                          WIDTH="205"
                          VPOS="1530"
                          HPOS="1812"
                          CONTENT="en"/>
                  <SP HEIGHT="150" WIDTH="34" VPOS="1530" HPOS="2018"/>
                  <String HEIGHT="150"
                          WIDTH="513"
                          VPOS="1530"
                          HPOS="1881"
                          CONTENT="gårdsbyggnad,"/>
               </TextLine>
               <TextLine ID="r1l14"
                         BASELINE="488,1748 583,1746 678,1744 774,1740 869,1737 965,1734 1060,1731 1155,1727 1251,1724 1346,1720 1442,1718 1537,1714 1632,1710 1728,1709 1823,1706 1919,1704 2014,1703 2109,1702 2205,1702 2300,1702 2396,1704"
                         HEIGHT="188"
                         WIDTH="1932"
                         VPOS="1612"
                         HPOS="474">
                  <String HEIGHT="188" WIDTH="167" VPOS="1612" HPOS="441" CONTENT="i"/>
                  <SP HEIGHT="188" WIDTH="33" VPOS="1612" HPOS="607"/>
                  <String HEIGHT="188"
                          WIDTH="433"
                          VPOS="1612"
                          HPOS="507"
                          CONTENT="anledning"/>
                  <SP HEIGHT="188" WIDTH="33" VPOS="1612" HPOS="940"/>
                  <String HEIGHT="188"
                          WIDTH="333"
                          VPOS="1612"
                          HPOS="840"
                          CONTENT="hvaraf"/>
                  <SP HEIGHT="188" WIDTH="33" VPOS="1612" HPOS="1174"/>
                  <String HEIGHT="188"
                          WIDTH="400"
                          VPOS="1612"
                          HPOS="1074"
                          CONTENT="Jonsson,"/>
                  <SP HEIGHT="188" WIDTH="33" VPOS="1612" HPOS="1473"/>
                  <String HEIGHT="188"
                          WIDTH="366"
                          VPOS="1612"
                          HPOS="1373"
                          CONTENT="åtföljd"/>
                  <SP HEIGHT="188" WIDTH="33" VPOS="1612" HPOS="1740"/>
                  <String HEIGHT="188"
                          WIDTH="200"
                          VPOS="1612"
                          HPOS="1640"
                          CONTENT="af"/>
                  <SP HEIGHT="188" WIDTH="33" VPOS="1612" HPOS="1840"/>
                  <String HEIGHT="188"
                          WIDTH="233"
                          VPOS="1612"
                          HPOS="1740"
                          CONTENT="sin"/>
                  <SP HEIGHT="188" WIDTH="33" VPOS="1612" HPOS="1973"/>
                  <String HEIGHT="188"
                          WIDTH="433"
                          VPOS="1612"
                          HPOS="1873"
                          CONTENT="husbondes"/>
                  <SP HEIGHT="188" WIDTH="33" VPOS="1612" HPOS="2306"/>
                  <String HEIGHT="188"
                          WIDTH="233"
                          VPOS="1612"
                          HPOS="2173"
                          CONTENT="dräng"/>
               </TextLine>
               <TextLine ID="r1l15"
                         BASELINE="480,1868 576,1861 672,1857 768,1852 864,1847 960,1844 1056,1842 1152,1840 1248,1838 1344,1838 1440,1836 1536,1836 1632,1836 1728,1836 1824,1836 1920,1834 2016,1834 2112,1834 2208,1832 2304,1831 2400,1828"
                         HEIGHT="206"
                         WIDTH="1947"
                         VPOS="1733"
                         HPOS="466">
                  <String HEIGHT="206"
                          WIDTH="376"
                          VPOS="1733"
                          HPOS="432"
                          CONTENT="Olsson,"/>
                  <SP HEIGHT="206" WIDTH="34" VPOS="1733" HPOS="808"/>
                  <String HEIGHT="206"
                          WIDTH="410"
                          VPOS="1733"
                          HPOS="705"
                          CONTENT="begifvit"/>
                  <SP HEIGHT="206" WIDTH="34" VPOS="1733" HPOS="1115"/>
                  <String HEIGHT="206"
                          WIDTH="239"
                          VPOS="1733"
                          HPOS="1013"
                          CONTENT="sig"/>
                  <SP HEIGHT="206" WIDTH="34" VPOS="1733" HPOS="1252"/>
                  <String HEIGHT="206"
                          WIDTH="273"
                          VPOS="1733"
                          HPOS="1149"
                          CONTENT="till"/>
                  <SP HEIGHT="206" WIDTH="34" VPOS="1733" HPOS="1422"/>
                  <String HEIGHT="206"
                          WIDTH="478"
                          VPOS="1733"
                          HPOS="1320"
                          CONTENT="Annerstedt"/>
                  <SP HEIGHT="206" WIDTH="34" VPOS="1733" HPOS="1798"/>
                  <String HEIGHT="206"
                          WIDTH="239"
                          VPOS="1733"
                          HPOS="1696"
                          CONTENT="och"/>
                  <SP HEIGHT="206" WIDTH="34" VPOS="1733" HPOS="1935"/>
                  <String HEIGHT="206"
                          WIDTH="239"
                          VPOS="1733"
                          HPOS="1832"
                          CONTENT="för"/>
                  <SP HEIGHT="206" WIDTH="34" VPOS="1733" HPOS="2071"/>
                  <String HEIGHT="206"
                          WIDTH="307"
                          VPOS="1733"
                          HPOS="1969"
                          CONTENT="honom"/>
                  <SP HEIGHT="206" WIDTH="34" VPOS="1733" HPOS="2276"/>
                  <String HEIGHT="206"
                          WIDTH="273"
                          VPOS="1733"
                          HPOS="2140"
                          CONTENT="anmält"/>
               </TextLine>
               <TextLine ID="r1l16"
                         BASELINE="498,1978 592,1974 686,1970 780,1968 874,1965 968,1962 1062,1961 1156,1960 1250,1958 1344,1958 1438,1956 1532,1956 1626,1956 1720,1955 1814,1954 1908,1954 2002,1952 2096,1950 2190,1948 2284,1945 2378,1942"
                         HEIGHT="206"
                         WIDTH="1905"
                         VPOS="1838"
                         HPOS="484">
                  <String HEIGHT="206"
                          WIDTH="578"
                          VPOS="1838"
                          HPOS="450"
                          CONTENT="förhållandet,"/>
                  <SP HEIGHT="206" WIDTH="34" VPOS="1838" HPOS="1028"/>
                  <String HEIGHT="206"
                          WIDTH="340"
                          VPOS="1838"
                          HPOS="926"
                          CONTENT="dervid"/>
                  <SP HEIGHT="206" WIDTH="34" VPOS="1838" HPOS="1266"/>
                  <String HEIGHT="206"
                          WIDTH="476"
                          VPOS="1838"
                          HPOS="1164"
                          CONTENT="Annerstedt"/>
                  <SP HEIGHT="206" WIDTH="34" VPOS="1838" HPOS="1641"/>
                  <String HEIGHT="206"
                          WIDTH="340"
                          VPOS="1838"
                          HPOS="1539"
                          CONTENT="genast"/>
                  <SP HEIGHT="206" WIDTH="34" VPOS="1838" HPOS="1879"/>
                  <String HEIGHT="206"
                          WIDTH="272"
                          VPOS="1838"
                          HPOS="1777"
                          CONTENT="gått"/>
                  <SP HEIGHT="206" WIDTH="34" VPOS="1838" HPOS="2049"/>
                  <String HEIGHT="206"
                          WIDTH="238"
                          VPOS="1838"
                          HPOS="1947"
                          CONTENT="med"/>
                  <SP HEIGHT="206" WIDTH="34" VPOS="1838" HPOS="2185"/>
                  <String HEIGHT="206"
                          WIDTH="272"
                          VPOS="1838"
                          HPOS="2083"
                          CONTENT="dem,"/>
                  <SP HEIGHT="206" WIDTH="34" VPOS="1838" HPOS="2355"/>
                  <String HEIGHT="206"
                          WIDTH="170"
                          VPOS="1838"
                          HPOS="2219"
                          CONTENT="som"/>
               </TextLine>
               <TextLine ID="r1l17"
                         BASELINE="498,2086 592,2084 686,2080 781,2078 875,2076 970,2074 1064,2073 1158,2072 1253,2070 1347,2070 1442,2070 1536,2070 1630,2070 1725,2070 1819,2070 1914,2070 2008,2070 2102,2070 2197,2072 2291,2072 2386,2074"
                         HEIGHT="196"
                         WIDTH="1915"
                         VPOS="1968"
                         HPOS="485">
                  <String HEIGHT="196"
                          WIDTH="302"
                          VPOS="1968"
                          HPOS="451"
                          CONTENT="efter"/>
                  <SP HEIGHT="196" WIDTH="34" VPOS="1968" HPOS="754"/>
                  <String HEIGHT="196"
                          WIDTH="235"
                          VPOS="1968"
                          HPOS="653"
                          CONTENT="det"/>
                  <SP HEIGHT="196" WIDTH="34" VPOS="1968" HPOS="888"/>
                  <String HEIGHT="196"
                          WIDTH="202"
                          VPOS="1968"
                          HPOS="787"
                          CONTENT="de"/>
                  <SP HEIGHT="196" WIDTH="34" VPOS="1968" HPOS="989"/>
                  <String HEIGHT="196"
                          WIDTH="504"
                          VPOS="1968"
                          HPOS="888"
                          CONTENT="underrättat"/>
                  <SP HEIGHT="196" WIDTH="34" VPOS="1968" HPOS="1392"/>
                  <String HEIGHT="196"
                          WIDTH="235"
                          VPOS="1968"
                          HPOS="1291"
                          CONTENT="der"/>
                  <SP HEIGHT="196" WIDTH="34" VPOS="1968" HPOS="1526"/>
                  <String HEIGHT="196"
                          WIDTH="168"
                          VPOS="1968"
                          HPOS="1426"
                          CONTENT="i"/>
                  <SP HEIGHT="196" WIDTH="34" VPOS="1968" HPOS="1594"/>
                  <String HEIGHT="196"
                          WIDTH="403"
                          VPOS="1968"
                          HPOS="1493"
                          CONTENT="närheten"/>
                  <SP HEIGHT="196" WIDTH="34" VPOS="1968" HPOS="1896"/>
                  <String HEIGHT="196"
                          WIDTH="470"
                          VPOS="1968"
                          HPOS="1795"
                          CONTENT="posterande"/>
                  <SP HEIGHT="196" WIDTH="34" VPOS="1968" HPOS="2266"/>
                  <String HEIGHT="196"
                          WIDTH="269"
                          VPOS="1968"
                          HPOS="2131"
                          CONTENT="polis¬"
                          SUBS_TYPE="HypPart1"
                          SUBS_CONTENT="poliskonstaplarne"/>
                  <HYP CONTENT="-"/>
               </TextLine>
               <TextLine ID="r1l18"
                         BASELINE="496,2196 589,2194 683,2192 776,2190 870,2188 963,2186 1057,2184 1150,2183 1244,2182 1337,2180 1431,2180 1524,2180 1618,2178 1711,2178 1805,2178 1898,2178 1992,2178 2085,2178 2179,2180 2272,2180 2366,2180"
                         HEIGHT="138"
                         WIDTH="1893"
                         VPOS="2077"
                         HPOS="484">
                  <String HEIGHT="138"
                          WIDTH="551"
                          VPOS="2077"
                          HPOS="450"
                          CONTENT="konstaplarne"
                          SUBS_TYPE="HypPart2"
                          SUBS_CONTENT="poliskonstaplarne"/>
                  <SP HEIGHT="138" WIDTH="34" VPOS="2077" HPOS="1000"/>
                  <String HEIGHT="138"
                          WIDTH="207"
                          VPOS="2077"
                          HPOS="897"
                          CONTENT="No"/>
                  <SP HEIGHT="138" WIDTH="34" VPOS="2077" HPOS="1104"/>
                  <String HEIGHT="138"
                          WIDTH="241"
                          VPOS="2077"
                          HPOS="1000"
                          CONTENT="116"/>
                  <SP HEIGHT="138" WIDTH="34" VPOS="2077" HPOS="1241"/>
                  <String HEIGHT="138"
                          WIDTH="447"
                          VPOS="2077"
                          HPOS="1138"
                          CONTENT="Törnqvist"/>
                  <SP HEIGHT="138" WIDTH="34" VPOS="2077" HPOS="1585"/>
                  <String HEIGHT="138"
                          WIDTH="241"
                          VPOS="2077"
                          HPOS="1482"
                          CONTENT="och"/>
                  <SP HEIGHT="138" WIDTH="34" VPOS="2077" HPOS="1723"/>
                  <String HEIGHT="138"
                          WIDTH="207"
                          VPOS="2077"
                          HPOS="1620"
                          CONTENT="No"/>
                  <SP HEIGHT="138" WIDTH="34" VPOS="2077" HPOS="1826"/>
                  <String HEIGHT="138"
                          WIDTH="241"
                          VPOS="2077"
                          HPOS="1723"
                          CONTENT="126"/>
                  <SP HEIGHT="138" WIDTH="34" VPOS="2077" HPOS="1964"/>
                  <String HEIGHT="138"
                          WIDTH="551"
                          VPOS="2077"
                          HPOS="1826"
                          CONTENT="Engelbrektsson"/>
               </TextLine>
               <TextLine ID="r1l19"
                         BASELINE="510,2314 604,2311 698,2308 792,2306 886,2304 980,2302 1074,2300 1168,2298 1262,2298 1356,2296 1450,2296 1544,2296 1638,2296 1732,2294 1826,2294 1920,2294 2014,2294 2108,2292 2202,2292 2296,2290 2390,2288"
                         HEIGHT="201"
                         WIDTH="1905"
                         VPOS="2191"
                         HPOS="498">
                  <String HEIGHT="201"
                          WIDTH="234"
                          VPOS="2191"
                          HPOS="465"
                          CONTENT="och"/>
                  <SP HEIGHT="201" WIDTH="33" VPOS="2191" HPOS="699"/>
                  <String HEIGHT="201"
                          WIDTH="301"
                          VPOS="2191"
                          HPOS="598"
                          CONTENT="dessa"/>
                  <SP HEIGHT="201" WIDTH="33" VPOS="2191" HPOS="899"/>
                  <String HEIGHT="201"
                          WIDTH="334"
                          VPOS="2191"
                          HPOS="799"
                          CONTENT="jemväl"/>
                  <SP HEIGHT="201" WIDTH="33" VPOS="2191" HPOS="1133"/>
                  <String HEIGHT="201"
                          WIDTH="434"
                          VPOS="2191"
                          HPOS="1033"
                          CONTENT="medföljt,"/>
                  <SP HEIGHT="201" WIDTH="33" VPOS="2191" HPOS="1467"/>
                  <String HEIGHT="201"
                          WIDTH="267"
                          VPOS="2191"
                          HPOS="1367"
                          CONTENT="gått"/>
                  <SP HEIGHT="201" WIDTH="33" VPOS="2191" HPOS="1634"/>
                  <String HEIGHT="201"
                          WIDTH="234"
                          VPOS="2191"
                          HPOS="1534"
                          CONTENT="upp"/>
                  <SP HEIGHT="201" WIDTH="33" VPOS="2191" HPOS="1768"/>
                  <String HEIGHT="201"
                          WIDTH="267"
                          VPOS="2191"
                          HPOS="1668"
                          CONTENT="till"/>
                  <SP HEIGHT="201" WIDTH="33" VPOS="2191" HPOS="1935"/>
                  <String HEIGHT="201"
                          WIDTH="468"
                          VPOS="2191"
                          HPOS="1835"
                          CONTENT="Magasinet,"/>
                  <SP HEIGHT="201" WIDTH="33" VPOS="2191" HPOS="2303"/>
                  <String HEIGHT="201"
                          WIDTH="234"
                          VPOS="2191"
                          HPOS="2169"
                          CONTENT="hvars"/>
               </TextLine>
               <TextLine ID="r1l20"
                         BASELINE="498,2438 591,2436 684,2433 777,2432 870,2430 963,2430 1056,2428 1149,2428 1242,2428 1335,2428 1428,2428 1521,2426 1614,2426 1707,2426 1800,2426 1893,2424 1986,2424 2079,2422 2172,2419 2265,2417 2358,2414"
                         HEIGHT="146"
                         WIDTH="1886"
                         VPOS="2312"
                         HPOS="485">
                  <String HEIGHT="146"
                          WIDTH="290"
                          VPOS="2312"
                          HPOS="449"
                          CONTENT="dörr"/>
                  <SP HEIGHT="146" WIDTH="36" VPOS="2312" HPOS="739"/>
                  <String HEIGHT="146"
                          WIDTH="218"
                          VPOS="2312"
                          HPOS="630"
                          CONTENT="de"/>
                  <SP HEIGHT="146" WIDTH="36" VPOS="2312" HPOS="848"/>
                  <String HEIGHT="146"
                          WIDTH="363"
                          VPOS="2312"
                          HPOS="739"
                          CONTENT="funnit"/>
                  <SP HEIGHT="146" WIDTH="36" VPOS="2312" HPOS="1102"/>
                  <String HEIGHT="146"
                          WIDTH="363"
                          VPOS="2312"
                          HPOS="993"
                          CONTENT="öppnad"/>
                  <SP HEIGHT="146" WIDTH="36" VPOS="2312" HPOS="1355"/>
                  <String HEIGHT="146"
                          WIDTH="218"
                          VPOS="2312"
                          HPOS="1247"
                          CONTENT="på"/>
                  <SP HEIGHT="146" WIDTH="36" VPOS="2312" HPOS="1464"/>
                  <String HEIGHT="146"
                          WIDTH="254"
                          VPOS="2312"
                          HPOS="1355"
                          CONTENT="det"/>
                  <SP HEIGHT="146" WIDTH="36" VPOS="2312" HPOS="1609"/>
                  <String HEIGHT="146"
                          WIDTH="326"
                          VPOS="2312"
                          HPOS="1501"
                          CONTENT="sätt,"/>
                  <SP HEIGHT="146" WIDTH="36" VPOS="2312" HPOS="1827"/>
                  <String HEIGHT="146"
                          WIDTH="254"
                          VPOS="2312"
                          HPOS="1718"
                          CONTENT="att"/>
                  <SP HEIGHT="146" WIDTH="36" VPOS="2312" HPOS="1972"/>
                  <String HEIGHT="146"
                          WIDTH="472"
                          VPOS="2312"
                          HPOS="1863"
                          CONTENT="hänglåset"/>
                  <SP HEIGHT="146" WIDTH="36" VPOS="2312" HPOS="2335"/>
                  <String HEIGHT="146"
                          WIDTH="181"
                          VPOS="2312"
                          HPOS="2190"
                          CONTENT="för"/>
               </TextLine>
               <TextLine ID="r1l21"
                         BASELINE="496,2560 589,2556 683,2552 776,2550 870,2548 963,2546 1057,2544 1150,2542 1244,2542 1337,2540 1431,2539 1524,2538 1618,2538 1711,2536 1805,2536 1898,2536 1992,2536 2085,2534 2179,2534 2272,2534 2366,2532"
                         HEIGHT="162"
                         WIDTH="1895"
                         VPOS="2440"
                         HPOS="483">
                  <String HEIGHT="162"
                          WIDTH="358"
                          VPOS="2440"
                          HPOS="447"
                          CONTENT="dörren"/>
                  <SP HEIGHT="162" WIDTH="36" VPOS="2440" HPOS="805"/>
                  <String HEIGHT="162"
                          WIDTH="572"
                          VPOS="2440"
                          HPOS="698"
                          CONTENT="frånbrutits;"/>
                  <SP HEIGHT="162" WIDTH="36" VPOS="2440" HPOS="1270"/>
                  <String HEIGHT="162"
                          WIDTH="250"
                          VPOS="2440"
                          HPOS="1162"
                          CONTENT="att"/>
                  <SP HEIGHT="162" WIDTH="36" VPOS="2440" HPOS="1413"/>
                  <String HEIGHT="162"
                          WIDTH="215"
                          VPOS="2440"
                          HPOS="1305"
                          CONTENT="de"/>
                  <SP HEIGHT="162" WIDTH="36" VPOS="2440" HPOS="1520"/>
                  <String HEIGHT="162"
                          WIDTH="286"
                          VPOS="2440"
                          HPOS="1413"
                          CONTENT="inne"/>
                  <SP HEIGHT="162" WIDTH="36" VPOS="2440" HPOS="1699"/>
                  <String HEIGHT="162"
                          WIDTH="179"
                          VPOS="2440"
                          HPOS="1591"
                          CONTENT="i"/>
                  <SP HEIGHT="162" WIDTH="36" VPOS="2440" HPOS="1770"/>
                  <String HEIGHT="162"
                          WIDTH="465"
                          VPOS="2440"
                          HPOS="1663"
                          CONTENT="Magasinet"/>
                  <SP HEIGHT="162" WIDTH="36" VPOS="2440" HPOS="2128"/>
                  <String HEIGHT="162"
                          WIDTH="393"
                          VPOS="2440"
                          HPOS="1985"
                          CONTENT="påträffat"/>
               </TextLine>
               <TextLine ID="r1l22"
                         BASELINE="492,2676 586,2675 680,2674 774,2672 868,2672 963,2670 1057,2669 1151,2668 1245,2666 1339,2666 1434,2664 1528,2662 1622,2662 1716,2660 1810,2658 1905,2656 1999,2655 2093,2654 2187,2652 2281,2650 2376,2648"
                         HEIGHT="187"
                         WIDTH="1908"
                         VPOS="2553"
                         HPOS="480">
                  <String HEIGHT="187"
                          WIDTH="375"
                          VPOS="2553"
                          HPOS="449"
                          CONTENT="Thorsson"/>
                  <SP HEIGHT="187" WIDTH="31" VPOS="2553" HPOS="824"/>
                  <String HEIGHT="187"
                          WIDTH="219"
                          VPOS="2553"
                          HPOS="730"
                          CONTENT="och"/>
                  <SP HEIGHT="187" WIDTH="31" VPOS="2553" HPOS="949"/>
                  <String HEIGHT="187"
                          WIDTH="407"
                          VPOS="2553"
                          HPOS="855"
                          CONTENT="Öjersson,"/>
                  <SP HEIGHT="187" WIDTH="31" VPOS="2553" HPOS="1262"/>
                  <String HEIGHT="187"
                          WIDTH="313"
                          VPOS="2553"
                          HPOS="1168"
                          CONTENT="hvilka"/>
                  <SP HEIGHT="187" WIDTH="31" VPOS="2553" HPOS="1481"/>
                  <String HEIGHT="187"
                          WIDTH="407"
                          VPOS="2553"
                          HPOS="1387"
                          CONTENT="derstädes"/>
                  <SP HEIGHT="187" WIDTH="31" VPOS="2553" HPOS="1794"/>
                  <String HEIGHT="187"
                          WIDTH="282"
                          VPOS="2553"
                          HPOS="1700"
                          CONTENT="legat"/>
                  <SP HEIGHT="187" WIDTH="31" VPOS="2553" HPOS="1981"/>
                  <String HEIGHT="187"
                          WIDTH="219"
                          VPOS="2553"
                          HPOS="1888"
                          CONTENT="och"/>
                  <SP HEIGHT="187" WIDTH="31" VPOS="2553" HPOS="2106"/>
                  <String HEIGHT="187"
                          WIDTH="344"
                          VPOS="2553"
                          HPOS="2013"
                          CONTENT="sofvit;"/>
                  <SP HEIGHT="187" WIDTH="31" VPOS="2553" HPOS="2357"/>
                  <String HEIGHT="187"
                          WIDTH="156"
                          VPOS="2553"
                          HPOS="2232"
                          CONTENT="att"/>
               </TextLine>
               <TextLine ID="r1l23"
                         BASELINE="484,2796 578,2791 673,2787 767,2783 862,2780 956,2778 1051,2777 1145,2776 1240,2776 1334,2774 1429,2774 1523,2774 1618,2774 1712,2774 1807,2772 1901,2771 1996,2770 2090,2767 2185,2764 2279,2759 2374,2754"
                         HEIGHT="165"
                         WIDTH="1916"
                         VPOS="2684"
                         HPOS="471">
                  <String HEIGHT="165"
                          WIDTH="319"
                          VPOS="2684"
                          HPOS="436"
                          CONTENT="sedan"/>
                  <SP HEIGHT="165" WIDTH="35" VPOS="2684" HPOS="755"/>
                  <String HEIGHT="165"
                          WIDTH="497"
                          VPOS="2684"
                          HPOS="648"
                          CONTENT="Konstapeln"/>
                  <SP HEIGHT="165" WIDTH="35" VPOS="2684" HPOS="1145"/>
                  <String HEIGHT="165"
                          WIDTH="319"
                          VPOS="2684"
                          HPOS="1039"
                          CONTENT="väckt"/>
                  <SP HEIGHT="165" WIDTH="35" VPOS="2684" HPOS="1358"/>
                  <String HEIGHT="165"
                          WIDTH="248"
                          VPOS="2684"
                          HPOS="1252"
                          CONTENT="upp"/>
                  <SP HEIGHT="165" WIDTH="35" VPOS="2684" HPOS="1500"/>
                  <String HEIGHT="165"
                          WIDTH="248"
                          VPOS="2684"
                          HPOS="1394"
                          CONTENT="och"/>
                  <SP HEIGHT="165" WIDTH="35" VPOS="2684" HPOS="1642"/>
                  <String HEIGHT="165"
                          WIDTH="426"
                          VPOS="2684"
                          HPOS="1535"
                          CONTENT="anhållit"/>
                  <SP HEIGHT="165" WIDTH="35" VPOS="2684" HPOS="1961"/>
                  <String HEIGHT="165"
                          WIDTH="284"
                          VPOS="2684"
                          HPOS="1855"
                          CONTENT="dem,"/>
                  <SP HEIGHT="165" WIDTH="35" VPOS="2684" HPOS="2139"/>
                  <String HEIGHT="165"
                          WIDTH="390"
                          VPOS="2684"
                          HPOS="1997"
                          CONTENT="Thorsson,"/>
               </TextLine>
               <TextLine ID="r1l24"
                         BASELINE="478,2916 571,2908 665,2902 759,2896 853,2892 947,2888 1040,2886 1134,2884 1228,2882 1322,2882 1416,2880 1509,2880 1603,2880 1697,2880 1791,2880 1885,2878 1978,2878 2072,2877 2166,2876 2260,2873 2354,2870"
                         HEIGHT="180"
                         WIDTH="1900"
                         VPOS="2792"
                         HPOS="466">
                  <String HEIGHT="180"
                          WIDTH="242"
                          VPOS="2792"
                          HPOS="431"
                          CONTENT="som"/>
                  <SP HEIGHT="180" WIDTH="35" VPOS="2792" HPOS="673"/>
                  <String HEIGHT="180"
                          WIDTH="276"
                          VPOS="2792"
                          HPOS="570"
                          CONTENT="icke"/>
                  <SP HEIGHT="180" WIDTH="35" VPOS="2792" HPOS="846"/>
                  <String HEIGHT="180"
                          WIDTH="311"
                          VPOS="2792"
                          HPOS="742"
                          CONTENT="varit"/>
                  <SP HEIGHT="180" WIDTH="35" VPOS="2792" HPOS="1053"/>
                  <String HEIGHT="180" WIDTH="173" VPOS="2792" HPOS="950" CONTENT="i"/>
                  <SP HEIGHT="180" WIDTH="35" VPOS="2792" HPOS="1122"/>
                  <String HEIGHT="180"
                          WIDTH="207"
                          VPOS="2792"
                          HPOS="1019"
                          CONTENT="så"/>
                  <SP HEIGHT="180" WIDTH="35" VPOS="2792" HPOS="1226"/>
                  <String HEIGHT="180"
                          WIDTH="242"
                          VPOS="2792"
                          HPOS="1122"
                          CONTENT="hög"/>
                  <SP HEIGHT="180" WIDTH="35" VPOS="2792" HPOS="1364"/>
                  <String HEIGHT="180"
                          WIDTH="276"
                          VPOS="2792"
                          HPOS="1261"
                          CONTENT="grad"/>
                  <SP HEIGHT="180" WIDTH="35" VPOS="2792" HPOS="1537"/>
                  <String HEIGHT="180"
                          WIDTH="415"
                          VPOS="2792"
                          HPOS="1433"
                          CONTENT="berusad,"/>
                  <SP HEIGHT="180" WIDTH="35" VPOS="2792" HPOS="1848"/>
                  <String HEIGHT="180"
                          WIDTH="242"
                          VPOS="2792"
                          HPOS="1744"
                          CONTENT="som"/>
                  <SP HEIGHT="180" WIDTH="35" VPOS="2792" HPOS="1986"/>
                  <String HEIGHT="180"
                          WIDTH="449"
                          VPOS="2792"
                          HPOS="1882"
                          CONTENT="Öjersson,"/>
                  <SP HEIGHT="180" WIDTH="35" VPOS="2792" HPOS="2331"/>
                  <String HEIGHT="180"
                          WIDTH="173"
                          VPOS="2792"
                          HPOS="2193"
                          CONTENT="un¬"
                          SUBS_TYPE="HypPart1"
                          SUBS_CONTENT="under"/>
                  <HYP CONTENT="-"/>
               </TextLine>
               <TextLine ID="r1l25"
                         BASELINE="488,3022 581,3015 675,3009 769,3005 863,3001 957,2997 1051,2994 1145,2992 1239,2990 1333,2988 1427,2988 1520,2986 1614,2986 1708,2984 1802,2984 1896,2982 1990,2981 2084,2980 2178,2978 2272,2976 2366,2974"
                         HEIGHT="203"
                         WIDTH="1902"
                         VPOS="2895"
                         HPOS="476">
                  <String HEIGHT="203"
                          WIDTH="247"
                          VPOS="2895"
                          HPOS="441"
                          CONTENT="der"
                          SUBS_TYPE="HypPart2"
                          SUBS_CONTENT="under"/>
                  <SP HEIGHT="203" WIDTH="35" VPOS="2895" HPOS="687"/>
                  <String HEIGHT="203"
                          WIDTH="317"
                          VPOS="2895"
                          HPOS="582"
                          CONTENT="vägen"/>
                  <SP HEIGHT="203" WIDTH="35" VPOS="2895" HPOS="899"/>
                  <String HEIGHT="203"
                          WIDTH="282"
                          VPOS="2895"
                          HPOS="793"
                          CONTENT="till"/>
                  <SP HEIGHT="203" WIDTH="35" VPOS="2895" HPOS="1075"/>
                  <String HEIGHT="203"
                          WIDTH="740"
                          VPOS="2895"
                          HPOS="969"
                          CONTENT="Polisvaktkontoret"/>
                  <SP HEIGHT="203" WIDTH="35" VPOS="2895" HPOS="1709"/>
                  <String HEIGHT="203"
                          WIDTH="176"
                          VPOS="2895"
                          HPOS="1603"
                          CONTENT="i"/>
                  <SP HEIGHT="203" WIDTH="35" VPOS="2895" HPOS="1779"/>
                  <String HEIGHT="203"
                          WIDTH="387"
                          VPOS="2895"
                          HPOS="1674"
                          CONTENT="Majorna"/>
                  <SP HEIGHT="203" WIDTH="35" VPOS="2895" HPOS="2061"/>
                  <String HEIGHT="203"
                          WIDTH="387"
                          VPOS="2895"
                          HPOS="1955"
                          CONTENT="försökt"/>
                  <SP HEIGHT="203" WIDTH="35" VPOS="2895" HPOS="2343"/>
                  <String HEIGHT="203"
                          WIDTH="176"
                          VPOS="2895"
                          HPOS="2202"
                          CONTENT="att"/>
               </TextLine>
               <TextLine ID="r1l26"
                         BASELINE="502,3126 598,3121 694,3116 790,3112 886,3109 982,3104 1078,3100 1174,3096 1270,3093 1366,3089 1462,3086 1558,3082 1654,3080 1750,3078 1846,3076 1942,3074 2038,3072 2134,3072 2230,3072 2326,3072 2422,3072"
                         HEIGHT="169"
                         WIDTH="1945"
                         VPOS="3001"
                         HPOS="489">
                  <String HEIGHT="169"
                          WIDTH="411"
                          VPOS="3001"
                          HPOS="452"
                          CONTENT="springa"/>
                  <SP HEIGHT="169" WIDTH="37" VPOS="3001" HPOS="863"/>
                  <String HEIGHT="169"
                          WIDTH="337"
                          VPOS="3001"
                          HPOS="751"
                          CONTENT="ifrån"/>
                  <SP HEIGHT="169" WIDTH="37" VPOS="3001" HPOS="1087"/>
                  <String HEIGHT="169"
                          WIDTH="636"
                          VPOS="3001"
                          HPOS="975"
                          CONTENT="konstaplarne,"/>
                  <SP HEIGHT="169" WIDTH="37" VPOS="3001" HPOS="1611"/>
                  <String HEIGHT="169"
                          WIDTH="262"
                          VPOS="3001"
                          HPOS="1499"
                          CONTENT="men"/>
                  <SP HEIGHT="169" WIDTH="37" VPOS="3001" HPOS="1761"/>
                  <String HEIGHT="169"
                          WIDTH="374"
                          VPOS="3001"
                          HPOS="1649"
                          CONTENT="straxt"/>
                  <SP HEIGHT="169" WIDTH="37" VPOS="3001" HPOS="2023"/>
                  <String HEIGHT="169"
                          WIDTH="411"
                          VPOS="3001"
                          HPOS="1910"
                          CONTENT="blifvit"/>
                  <SP HEIGHT="169" WIDTH="37" VPOS="3001" HPOS="2322"/>
                  <String HEIGHT="169"
                          WIDTH="262"
                          VPOS="3001"
                          HPOS="2172"
                          CONTENT="fast¬"
                          SUBS_TYPE="HypPart1"
                          SUBS_CONTENT="fasttagen."/>
                  <HYP CONTENT="-"/>
               </TextLine>
               <TextLine ID="line_1621847480743_220"
                         BASELINE="508,3232 533,3229 558,3226 584,3225 609,3223 635,3220 660,3220 686,3220 693,3220"
                         HEIGHT="167"
                         WIDTH="215"
                         VPOS="3141"
                         HPOS="492">
                  <String HEIGHT="167"
                          WIDTH="287"
                          VPOS="3141"
                          HPOS="420"
                          CONTENT="tagen."
                          SUBS_TYPE="HypPart2"
                          SUBS_CONTENT="fasttagen."/>
               </TextLine>
               <TextLine ID="r1l28"
                         BASELINE="644,3312 729,3306 815,3302 901,3298 986,3294 1072,3292 1158,3289 1243,3287 1329,3286 1415,3284 1501,3284 1586,3282 1672,3282 1758,3282 1843,3282 1929,3282 2015,3280 2100,3280 2186,3280 2272,3280 2358,3278"
                         HEIGHT="217"
                         WIDTH="1742"
                         VPOS="3164"
                         HPOS="630">
                  <String HEIGHT="217"
                          WIDTH="239"
                          VPOS="3164"
                          HPOS="596"
                          CONTENT="Wid"/>
                  <SP HEIGHT="217" WIDTH="34" VPOS="3164" HPOS="835"/>
                  <String HEIGHT="217"
                          WIDTH="239"
                          VPOS="3164"
                          HPOS="732"
                          CONTENT="det"/>
                  <SP HEIGHT="217" WIDTH="34" VPOS="3164" HPOS="972"/>
                  <String HEIGHT="217"
                          WIDTH="239"
                          VPOS="3164"
                          HPOS="869"
                          CONTENT="med"/>
                  <SP HEIGHT="217" WIDTH="34" VPOS="3164" HPOS="1108"/>
                  <String HEIGHT="217"
                          WIDTH="410"
                          VPOS="3164"
                          HPOS="1006"
                          CONTENT="Thorsson"/>
                  <SP HEIGHT="217" WIDTH="34" VPOS="3164" HPOS="1416"/>
                  <String HEIGHT="217"
                          WIDTH="239"
                          VPOS="3164"
                          HPOS="1313"
                          CONTENT="och"/>
                  <SP HEIGHT="217" WIDTH="34" VPOS="3164" HPOS="1552"/>
                  <String HEIGHT="217"
                          WIDTH="410"
                          VPOS="3164"
                          HPOS="1450"
                          CONTENT="Öjersson"/>
                  <SP HEIGHT="217" WIDTH="34" VPOS="3164" HPOS="1860"/>
                  <String HEIGHT="217"
                          WIDTH="171"
                          VPOS="3164"
                          HPOS="1757"
                          CONTENT="i"/>
                  <SP HEIGHT="217" WIDTH="34" VPOS="3164" HPOS="1928"/>
                  <String HEIGHT="217"
                          WIDTH="444"
                          VPOS="3164"
                          HPOS="1825"
                          CONTENT="anledning"/>
                  <SP HEIGHT="217" WIDTH="34" VPOS="3164" HPOS="2270"/>
                  <String HEIGHT="217"
                          WIDTH="239"
                          VPOS="3164"
                          HPOS="2133"
                          CONTENT="häraf"/>
               </TextLine>
               <TextLine ID="r1l29"
                         BASELINE="506,3438 564,3434 622,3430 680,3427 739,3423 797,3421 855,3418 914,3416 972,3414 1030,3414 1089,3412 1147,3412 1205,3412 1263,3412 1322,3412 1380,3412 1438,3412 1497,3412 1555,3412 1613,3412 1672,3412"
                         HEIGHT="183"
                         WIDTH="1193"
                         VPOS="3323"
                         HPOS="493">
                  <String HEIGHT="183"
                          WIDTH="431"
                          VPOS="3323"
                          HPOS="460"
                          CONTENT="anställda"/>
                  <SP HEIGHT="183" WIDTH="33" VPOS="3323" HPOS="891"/>
                  <String HEIGHT="183"
                          WIDTH="331"
                          VPOS="3323"
                          HPOS="791"
                          CONTENT="förhör"/>
                  <SP HEIGHT="183" WIDTH="33" VPOS="3323" HPOS="1123"/>
                  <String HEIGHT="183"
                          WIDTH="298"
                          VPOS="3323"
                          HPOS="1023"
                          CONTENT="hafva"/>
                  <SP HEIGHT="183" WIDTH="33" VPOS="3323" HPOS="1321"/>
                  <String HEIGHT="183"
                          WIDTH="199"
                          VPOS="3323"
                          HPOS="1222"
                          CONTENT="de"/>
                  <SP HEIGHT="183" WIDTH="33" VPOS="3323" HPOS="1421"/>
                  <String HEIGHT="183"
                          WIDTH="398"
                          VPOS="3323"
                          HPOS="1288"
                          CONTENT="uppgifvit:"/>
               </TextLine>
               <TextLine ID="r1l30"
                         BASELINE="632,3528 719,3526 807,3526 895,3524 982,3522 1070,3522 1158,3520 1245,3520 1333,3518 1421,3518 1509,3517 1596,3516 1684,3516 1772,3515 1859,3514 1947,3514 2035,3514 2122,3514 2210,3514 2298,3514 2386,3514"
                         HEIGHT="148"
                         WIDTH="1779"
                         VPOS="3428"
                         HPOS="620">
                  <String HEIGHT="148"
                          WIDTH="482"
                          VPOS="3428"
                          HPOS="583"
                          CONTENT="Thorsson:"/>
                  <SP HEIGHT="148" WIDTH="37" VPOS="3428" HPOS="1065"/>
                  <String HEIGHT="148"
                          WIDTH="259"
                          VPOS="3428"
                          HPOS="954"
                          CONTENT="att"/>
                  <SP HEIGHT="148" WIDTH="37" VPOS="3428" HPOS="1213"/>
                  <String HEIGHT="148"
                          WIDTH="334"
                          VPOS="3428"
                          HPOS="1102"
                          CONTENT="sedan"/>
                  <SP HEIGHT="148" WIDTH="37" VPOS="3428" HPOS="1435"/>
                  <String HEIGHT="148"
                          WIDTH="259"
                          VPOS="3428"
                          HPOS="1324"
                          CONTENT="han"/>
                  <SP HEIGHT="148" WIDTH="37" VPOS="3428" HPOS="1584"/>
                  <String HEIGHT="148"
                          WIDTH="259"
                          VPOS="3428"
                          HPOS="1472"
                          CONTENT="som"/>
                  <SP HEIGHT="148" WIDTH="37" VPOS="3428" HPOS="1732"/>
                  <String HEIGHT="148"
                          WIDTH="408"
                          VPOS="3428"
                          HPOS="1621"
                          CONTENT="omkring"/>
                  <SP HEIGHT="148" WIDTH="37" VPOS="3428" HPOS="2028"/>
                  <String HEIGHT="148"
                          WIDTH="222"
                          VPOS="3428"
                          HPOS="1917"
                          CONTENT="en"/>
                  <SP HEIGHT="148" WIDTH="37" VPOS="3428" HPOS="2140"/>
                  <String HEIGHT="148"
                          WIDTH="334"
                          VPOS="3428"
                          HPOS="2028"
                          CONTENT="vecka"/>
                  <SP HEIGHT="148" WIDTH="37" VPOS="3428" HPOS="2362"/>
                  <String HEIGHT="148"
                          WIDTH="185"
                          VPOS="3428"
                          HPOS="2214"
                          CONTENT="bi¬"
                          SUBS_TYPE="HypPart1"
                          SUBS_CONTENT="biträdt"/>
                  <HYP CONTENT="-"/>
               </TextLine>
               <TextLine ID="r1l31"
                         BASELINE="514,3652 608,3648 702,3643 796,3638 890,3634 985,3630 1079,3627 1173,3625 1267,3622 1361,3620 1456,3618 1550,3616 1644,3616 1738,3614 1832,3614 1927,3612 2021,3612 2115,3612 2209,3612 2303,3612 2398,3610"
                         HEIGHT="183"
                         WIDTH="1910"
                         VPOS="3530"
                         HPOS="500">
                  <String HEIGHT="183"
                          WIDTH="344"
                          VPOS="3530"
                          HPOS="462"
                          CONTENT="trädt"
                          SUBS_TYPE="HypPart2"
                          SUBS_CONTENT="biträdt"/>
                  <SP HEIGHT="183" WIDTH="38" VPOS="3530" HPOS="806"/>
                  <String HEIGHT="183"
                          WIDTH="535"
                          VPOS="3530"
                          HPOS="691"
                          CONTENT="Målsegaren"/>
                  <SP HEIGHT="183" WIDTH="38" VPOS="3530" HPOS="1226"/>
                  <String HEIGHT="183"
                          WIDTH="267"
                          VPOS="3530"
                          HPOS="1111"
                          CONTENT="med"/>
                  <SP HEIGHT="183" WIDTH="38" VPOS="3530" HPOS="1379"/>
                  <String HEIGHT="183"
                          WIDTH="649"
                          VPOS="3530"
                          HPOS="1264"
                          CONTENT="möbelpolering"/>
                  <SP HEIGHT="183" WIDTH="38" VPOS="3530" HPOS="1913"/>
                  <String HEIGHT="183"
                          WIDTH="191"
                          VPOS="3530"
                          HPOS="1799"
                          CONTENT="i"/>
                  <SP HEIGHT="183" WIDTH="38" VPOS="3530" HPOS="1990"/>
                  <String HEIGHT="183"
                          WIDTH="382"
                          VPOS="3530"
                          HPOS="1875"
                          CONTENT="dennes"/>
                  <SP HEIGHT="183" WIDTH="38" VPOS="3530" HPOS="2257"/>
                  <String HEIGHT="183"
                          WIDTH="306"
                          VPOS="3530"
                          HPOS="2104"
                          CONTENT="möbel¬"
                          SUBS_TYPE="HypPart1"
                          SUBS_CONTENT="möbelmagasin"/>
                  <HYP CONTENT="-"/>
               </TextLine>
               <TextLine ID="r1l32"
                         BASELINE="494,3742 590,3740 686,3737 782,3736 878,3734 974,3732 1070,3730 1166,3728 1262,3726 1358,3726 1454,3724 1550,3724 1646,3722 1742,3722 1838,3720 1934,3720 2030,3720 2126,3718 2222,3718 2318,3718 2414,3716"
                         HEIGHT="160"
                         WIDTH="1944"
                         VPOS="3636"
                         HPOS="481">
                  <String HEIGHT="160"
                          WIDTH="396"
                          VPOS="3636"
                          HPOS="445"
                          CONTENT="magasin"
                          SUBS_TYPE="HypPart2"
                          SUBS_CONTENT="möbelmagasin"/>
                  <SP HEIGHT="160" WIDTH="36" VPOS="3636" HPOS="841"/>
                  <String HEIGHT="160" WIDTH="180" VPOS="3636" HPOS="733" CONTENT="i"/>
                  <SP HEIGHT="160" WIDTH="36" VPOS="3636" HPOS="913"/>
                  <String HEIGHT="160"
                          WIDTH="324"
                          VPOS="3636"
                          HPOS="805"
                          CONTENT="huset"/>
                  <SP HEIGHT="160" WIDTH="36" VPOS="3636" HPOS="1129"/>
                  <String HEIGHT="160"
                          WIDTH="216"
                          VPOS="3636"
                          HPOS="1021"
                          CONTENT="No"/>
                  <SP HEIGHT="160" WIDTH="36" VPOS="3636" HPOS="1237"/>
                  <String HEIGHT="160"
                          WIDTH="216"
                          VPOS="3636"
                          HPOS="1129"
                          CONTENT="58"/>
                  <SP HEIGHT="160" WIDTH="36" VPOS="3636" HPOS="1345"/>
                  <String HEIGHT="160"
                          WIDTH="252"
                          VPOS="3636"
                          HPOS="1237"
                          CONTENT="vid"/>
                  <SP HEIGHT="160" WIDTH="36" VPOS="3636" HPOS="1489"/>
                  <String HEIGHT="160"
                          WIDTH="324"
                          VPOS="3636"
                          HPOS="1381"
                          CONTENT="Smala"/>
                  <SP HEIGHT="160" WIDTH="36" VPOS="3636" HPOS="1705"/>
                  <String HEIGHT="160"
                          WIDTH="360"
                          VPOS="3636"
                          HPOS="1597"
                          CONTENT="wägen;"/>
                  <SP HEIGHT="160" WIDTH="36" VPOS="3636" HPOS="1957"/>
                  <String HEIGHT="160"
                          WIDTH="432"
                          VPOS="3636"
                          HPOS="1849"
                          CONTENT="Tisdagen"/>
                  <SP HEIGHT="160" WIDTH="36" VPOS="3636" HPOS="2281"/>
                  <String HEIGHT="160"
                          WIDTH="252"
                          VPOS="3636"
                          HPOS="2173"
                          CONTENT="den"/>
                  <SP HEIGHT="160" WIDTH="36" VPOS="3636" HPOS="2425"/>
                  <String HEIGHT="160"
                          WIDTH="144"
                          VPOS="3636"
                          HPOS="2281"
                          CONTENT="10"/>
               </TextLine>
            </TextBlock>
            <TextBlock ID="TextRegion_1621847452355_163"
                       HEIGHT="3695"
                       WIDTH="1952"
                       VPOS="212"
                       HPOS="2582">
               <Shape>
                  <Polygon POINTS="2582,212 4534,212 4534,3831 3203,3907 2582,3907"/>
               </Shape>
               <TextLine ID="r2l1"
                         BASELINE="2600,322 2694,316 2788,308 2883,304 2977,298 3072,294 3166,290 3260,288 3355,285 3449,282 3544,280 3638,278 3732,278 3827,276 3921,274 4016,273 4110,272 4204,270 4299,268 4393,266 4488,264"
                         HEIGHT="211"
                         WIDTH="1912"
                         VPOS="152"
                         HPOS="2586">
                  <String HEIGHT="211"
                          WIDTH="361"
                          VPOS="152"
                          HPOS="2550"
                          CONTENT="dennes"/>
                  <SP HEIGHT="211" WIDTH="36" VPOS="152" HPOS="2911"/>
                  <String HEIGHT="211"
                          WIDTH="289"
                          VPOS="152"
                          HPOS="2802"
                          CONTENT="hört"/>
                  <SP HEIGHT="211" WIDTH="36" VPOS="152" HPOS="3091"/>
                  <String HEIGHT="211"
                          WIDTH="505"
                          VPOS="152"
                          HPOS="2983"
                          CONTENT="Annerstedt"/>
                  <SP HEIGHT="211" WIDTH="36" VPOS="152" HPOS="3488"/>
                  <String HEIGHT="211"
                          WIDTH="325"
                          VPOS="152"
                          HPOS="3380"
                          CONTENT="klaga"/>
                  <SP HEIGHT="211" WIDTH="36" VPOS="152" HPOS="3704"/>
                  <String HEIGHT="211"
                          WIDTH="361"
                          VPOS="152"
                          HPOS="3596"
                          CONTENT="öfver,"/>
                  <SP HEIGHT="211" WIDTH="36" VPOS="152" HPOS="3957"/>
                  <String HEIGHT="211"
                          WIDTH="253"
                          VPOS="152"
                          HPOS="3849"
                          CONTENT="att"/>
                  <SP HEIGHT="211" WIDTH="36" VPOS="152" HPOS="4101"/>
                  <String HEIGHT="211"
                          WIDTH="253"
                          VPOS="152"
                          HPOS="3993"
                          CONTENT="han"/>
                  <SP HEIGHT="211" WIDTH="36" VPOS="152" HPOS="4245"/>
                  <String HEIGHT="211"
                          WIDTH="289"
                          VPOS="152"
                          HPOS="4137"
                          CONTENT="icke"/>
                  <SP HEIGHT="211" WIDTH="36" VPOS="152" HPOS="4426"/>
                  <String HEIGHT="211"
                          WIDTH="216"
                          VPOS="152"
                          HPOS="4282"
                          CONTENT="hade"/>
               </TextLine>
               <TextLine ID="r2l2"
                         BASELINE="2582,448 2678,444 2774,438 2871,434 2967,429 3064,425 3160,420 3256,416 3353,413 3449,408 3546,406 3642,402 3738,400 3835,397 3931,394 4028,392 4124,390 4220,388 4317,386 4413,386 4510,384"
                         HEIGHT="227"
                         WIDTH="1954"
                         VPOS="285"
                         HPOS="2568">
                  <String HEIGHT="227"
                          WIDTH="303"
                          VPOS="285"
                          HPOS="2534"
                          CONTENT="någon"/>
                  <SP HEIGHT="227" WIDTH="34" VPOS="285" HPOS="2838"/>
                  <String HEIGHT="227"
                          WIDTH="472"
                          VPOS="285"
                          HPOS="2736"
                          CONTENT="afsättning"/>
                  <SP HEIGHT="227" WIDTH="34" VPOS="285" HPOS="3208"/>
                  <String HEIGHT="227"
                          WIDTH="236"
                          VPOS="285"
                          HPOS="3107"
                          CONTENT="med"/>
                  <SP HEIGHT="227" WIDTH="34" VPOS="285" HPOS="3343"/>
                  <String HEIGHT="227"
                          WIDTH="270"
                          VPOS="285"
                          HPOS="3242"
                          CONTENT="sina"/>
                  <SP HEIGHT="227" WIDTH="34" VPOS="285" HPOS="3511"/>
                  <String HEIGHT="227"
                          WIDTH="371"
                          VPOS="285"
                          HPOS="3410"
                          CONTENT="möbler,"/>
                  <SP HEIGHT="227" WIDTH="34" VPOS="285" HPOS="3781"/>
                  <String HEIGHT="227"
                          WIDTH="404"
                          VPOS="285"
                          HPOS="3680"
                          CONTENT="Thorsson"/>
                  <SP HEIGHT="227" WIDTH="34" VPOS="285" HPOS="4084"/>
                  <String HEIGHT="227"
                          WIDTH="371"
                          VPOS="285"
                          HPOS="3983"
                          CONTENT="yttrat;"/>
                  <SP HEIGHT="227" WIDTH="34" VPOS="285" HPOS="4354"/>
                  <String HEIGHT="227"
                          WIDTH="236"
                          VPOS="285"
                          HPOS="4252"
                          CONTENT="att"/>
                  <SP HEIGHT="227" WIDTH="34" VPOS="285" HPOS="4488"/>
                  <String HEIGHT="227"
                          WIDTH="168"
                          VPOS="285"
                          HPOS="4354"
                          CONTENT="han"/>
               </TextLine>
               <TextLine ID="r2l3"
                         BASELINE="2594,574 2688,567 2782,560 2876,553 2970,548 3065,542 3159,538 3253,534 3347,530 3441,528 3536,524 3630,522 3724,520 3818,517 3912,514 4007,512 4101,510 4195,506 4289,502 4383,498 4478,494"
                         HEIGHT="190"
                         WIDTH="1911"
                         VPOS="422"
                         HPOS="2581">
                  <String HEIGHT="190"
                          WIDTH="441"
                          VPOS="422"
                          HPOS="2544"
                          CONTENT="påföljde"/>
                  <SP HEIGHT="190" WIDTH="37" VPOS="422" HPOS="2985"/>
                  <String HEIGHT="190"
                          WIDTH="257"
                          VPOS="422"
                          HPOS="2875"
                          CONTENT="dag"/>
                  <SP HEIGHT="190" WIDTH="37" VPOS="422" HPOS="3132"/>
                  <String HEIGHT="190"
                          WIDTH="368"
                          VPOS="422"
                          HPOS="3022"
                          CONTENT="skulle"/>
                  <SP HEIGHT="190" WIDTH="37" VPOS="422" HPOS="3390"/>
                  <String HEIGHT="190"
                          WIDTH="404"
                          VPOS="422"
                          HPOS="3279"
                          CONTENT="försöka"/>
                  <SP HEIGHT="190" WIDTH="37" VPOS="422" HPOS="3684"/>
                  <String HEIGHT="190"
                          WIDTH="368"
                          VPOS="422"
                          HPOS="3573"
                          CONTENT="skaffa"/>
                  <SP HEIGHT="190" WIDTH="37" VPOS="422" HPOS="3941"/>
                  <String HEIGHT="190"
                          WIDTH="331"
                          VPOS="422"
                          HPOS="3831"
                          CONTENT="honom"/>
                  <SP HEIGHT="190" WIDTH="37" VPOS="422" HPOS="4161"/>
                  <String HEIGHT="190"
                          WIDTH="404"
                          VPOS="422"
                          HPOS="4051"
                          CONTENT="kunder;"/>
                  <SP HEIGHT="190" WIDTH="37" VPOS="422" HPOS="4455"/>
                  <String HEIGHT="190"
                          WIDTH="184"
                          VPOS="422"
                          HPOS="4308"
                          CONTENT="att"/>
               </TextLine>
               <TextLine ID="r2l4"
                         BASELINE="2596,688 2692,684 2788,678 2884,673 2981,668 3077,661 3173,657 3270,651 3366,647 3462,641 3559,636 3655,632 3751,628 3847,624 3944,621 4040,618 4136,616 4233,614 4329,614 4425,612 4522,614"
                         HEIGHT="180"
                         WIDTH="1951"
                         VPOS="529"
                         HPOS="2583">
                  <String HEIGHT="180"
                          WIDTH="248"
                          VPOS="529"
                          HPOS="2548"
                          CONTENT="han"/>
                  <SP HEIGHT="180" WIDTH="35" VPOS="529" HPOS="2796"/>
                  <String HEIGHT="180"
                          WIDTH="497"
                          VPOS="529"
                          HPOS="2689"
                          CONTENT="sistnämnde"/>
                  <SP HEIGHT="180" WIDTH="35" VPOS="529" HPOS="3186"/>
                  <String HEIGHT="180"
                          WIDTH="284"
                          VPOS="529"
                          HPOS="3080"
                          CONTENT="dag,"/>
                  <SP HEIGHT="180" WIDTH="35" VPOS="529" HPOS="3363"/>
                  <String HEIGHT="180"
                          WIDTH="319"
                          VPOS="529"
                          HPOS="3257"
                          CONTENT="sedan"/>
                  <SP HEIGHT="180" WIDTH="35" VPOS="529" HPOS="3576"/>
                  <String HEIGHT="180"
                          WIDTH="497"
                          VPOS="529"
                          HPOS="3470"
                          CONTENT="Annerstedt"/>
                  <SP HEIGHT="180" WIDTH="35" VPOS="529" HPOS="3966"/>
                  <String HEIGHT="180"
                          WIDTH="461"
                          VPOS="529"
                          HPOS="3860"
                          CONTENT="aflägsnat"/>
                  <SP HEIGHT="180" WIDTH="35" VPOS="529" HPOS="4321"/>
                  <String HEIGHT="180"
                          WIDTH="248"
                          VPOS="529"
                          HPOS="4215"
                          CONTENT="sig"/>
                  <SP HEIGHT="180" WIDTH="35" VPOS="529" HPOS="4463"/>
                  <String HEIGHT="180"
                          WIDTH="213"
                          VPOS="529"
                          HPOS="4321"
                          CONTENT="från"/>
               </TextLine>
               <TextLine ID="r2l5"
                         BASELINE="2616,810 2707,803 2799,795 2890,789 2982,785 3073,778 3165,773 3256,768 3348,764 3439,760 3531,755 3622,752 3714,748 3805,744 3897,740 3988,738 4080,734 4171,730 4263,726 4354,722 4446,718"
                         HEIGHT="259"
                         WIDTH="1859"
                         VPOS="618"
                         HPOS="2601">
                  <String HEIGHT="259"
                          WIDTH="457"
                          VPOS="618"
                          HPOS="2568"
                          CONTENT="magasinet,"/>
                  <SP HEIGHT="259" WIDTH="33" VPOS="618" HPOS="3025"/>
                  <String HEIGHT="259"
                          WIDTH="261"
                          VPOS="618"
                          HPOS="2927"
                          CONTENT="gått"/>
                  <SP HEIGHT="259" WIDTH="33" VPOS="618" HPOS="3188"/>
                  <String HEIGHT="259"
                          WIDTH="261"
                          VPOS="618"
                          HPOS="3090"
                          CONTENT="till"/>
                  <SP HEIGHT="259" WIDTH="33" VPOS="618" HPOS="3351"/>
                  <String HEIGHT="259"
                          WIDTH="489"
                          VPOS="618"
                          HPOS="3253"
                          CONTENT="jerntorget,"/>
                  <SP HEIGHT="259" WIDTH="33" VPOS="618" HPOS="3742"/>
                  <String HEIGHT="259"
                          WIDTH="228"
                          VPOS="618"
                          HPOS="3645"
                          CONTENT="der"/>
                  <SP HEIGHT="259" WIDTH="33" VPOS="618" HPOS="3873"/>
                  <String HEIGHT="259"
                          WIDTH="228"
                          VPOS="618"
                          HPOS="3775"
                          CONTENT="han"/>
                  <SP HEIGHT="259" WIDTH="33" VPOS="618" HPOS="4003"/>
                  <String HEIGHT="259"
                          WIDTH="359"
                          VPOS="618"
                          HPOS="3906"
                          CONTENT="träffat"/>
                  <SP HEIGHT="259" WIDTH="33" VPOS="618" HPOS="4264"/>
                  <String HEIGHT="259"
                          WIDTH="228"
                          VPOS="618"
                          HPOS="4166"
                          CONTENT="ett"/>
                  <SP HEIGHT="259" WIDTH="33" VPOS="618" HPOS="4395"/>
                  <String HEIGHT="259"
                          WIDTH="196"
                          VPOS="618"
                          HPOS="4264"
                          CONTENT="obe¬"
                          SUBS_TYPE="HypPart1"
                          SUBS_CONTENT="obekant"/>
                  <HYP CONTENT="-"/>
               </TextLine>
               <TextLine ID="r2l6"
                         BASELINE="2600,920 2694,914 2788,908 2882,902 2976,896 3070,890 3164,884 3258,879 3352,872 3446,866 3540,861 3634,856 3728,850 3822,845 3916,840 4010,836 4104,832 4198,828 4292,825 4386,822 4480,820"
                         HEIGHT="210"
                         WIDTH="1908"
                         VPOS="735"
                         HPOS="2583">
                  <String HEIGHT="210"
                          WIDTH="305"
                          VPOS="735"
                          HPOS="2545"
                          CONTENT="kant"
                          SUBS_TYPE="HypPart2"
                          SUBS_CONTENT="obekant"/>
                  <SP HEIGHT="210" WIDTH="38" VPOS="735" HPOS="2850"/>
                  <String HEIGHT="210"
                          WIDTH="572"
                          VPOS="735"
                          HPOS="2736"
                          CONTENT="fruntimmer,"/>
                  <SP HEIGHT="210" WIDTH="38" VPOS="735" HPOS="3308"/>
                  <String HEIGHT="210"
                          WIDTH="267"
                          VPOS="735"
                          HPOS="3194"
                          CONTENT="som"/>
                  <SP HEIGHT="210" WIDTH="38" VPOS="735" HPOS="3461"/>
                  <String HEIGHT="210"
                          WIDTH="382"
                          VPOS="735"
                          HPOS="3346"
                          CONTENT="skulle"/>
                  <SP HEIGHT="210" WIDTH="38" VPOS="735" HPOS="3728"/>
                  <String HEIGHT="210"
                          WIDTH="305"
                          VPOS="735"
                          HPOS="3613"
                          CONTENT="köpa"/>
                  <SP HEIGHT="210" WIDTH="38" VPOS="735" HPOS="3919"/>
                  <String HEIGHT="210"
                          WIDTH="382"
                          VPOS="735"
                          HPOS="3804"
                          CONTENT="möbler"/>
                  <SP HEIGHT="210" WIDTH="38" VPOS="735" HPOS="4186"/>
                  <String HEIGHT="210"
                          WIDTH="267"
                          VPOS="735"
                          HPOS="4071"
                          CONTENT="och"/>
                  <SP HEIGHT="210" WIDTH="38" VPOS="735" HPOS="4338"/>
                  <String HEIGHT="210"
                          WIDTH="267"
                          VPOS="735"
                          HPOS="4224"
                          CONTENT="som"/>
                  <SP HEIGHT="210" WIDTH="38" VPOS="735" HPOS="4491"/>
                  <String HEIGHT="210"
                          WIDTH="153"
                          VPOS="735"
                          HPOS="4338"
                          CONTENT="på"/>
               </TextLine>
               <TextLine ID="r2l7"
                         BASELINE="2602,1038 2696,1030 2791,1022 2885,1014 2980,1006 3075,1000 3169,994 3264,987 3358,980 3453,975 3548,970 3642,964 3737,960 3831,956 3926,952 4021,950 4115,946 4210,944 4304,942 4399,940 4494,938"
                         HEIGHT="217"
                         WIDTH="1922"
                         VPOS="864"
                         HPOS="2586">
                  <String HEIGHT="217"
                          WIDTH="392"
                          VPOS="864"
                          HPOS="2550"
                          CONTENT="anmodan"/>
                  <SP HEIGHT="217" WIDTH="36" VPOS="864" HPOS="2942"/>
                  <String HEIGHT="217"
                          WIDTH="214"
                          VPOS="864"
                          HPOS="2835"
                          CONTENT="af"/>
                  <SP HEIGHT="217" WIDTH="36" VPOS="864" HPOS="3049"/>
                  <String HEIGHT="217"
                          WIDTH="427"
                          VPOS="864"
                          HPOS="2942"
                          CONTENT="Thorsson"/>
                  <SP HEIGHT="217" WIDTH="36" VPOS="864" HPOS="3369"/>
                  <String HEIGHT="217"
                          WIDTH="427"
                          VPOS="864"
                          HPOS="3262"
                          CONTENT="medföljt"/>
                  <SP HEIGHT="217" WIDTH="36" VPOS="864" HPOS="3689"/>
                  <String HEIGHT="217"
                          WIDTH="320"
                          VPOS="864"
                          HPOS="3583"
                          CONTENT="honom"/>
                  <SP HEIGHT="217" WIDTH="36" VPOS="864" HPOS="3903"/>
                  <String HEIGHT="217"
                          WIDTH="285"
                          VPOS="864"
                          HPOS="3796"
                          CONTENT="till"/>
                  <SP HEIGHT="217" WIDTH="36" VPOS="864" HPOS="4081"/>
                  <String HEIGHT="217"
                          WIDTH="498"
                          VPOS="864"
                          HPOS="3974"
                          CONTENT="magasinet,"/>
                  <SP HEIGHT="217" WIDTH="36" VPOS="864" HPOS="4472"/>
                  <String HEIGHT="217"
                          WIDTH="178"
                          VPOS="864"
                          HPOS="4330"
                          CONTENT="der"/>
               </TextLine>
               <TextLine ID="r2l8"
                         BASELINE="2598,1144 2692,1137 2787,1130 2882,1122 2977,1116 3072,1108 3167,1101 3262,1095 3357,1088 3452,1082 3547,1077 3641,1073 3736,1069 3831,1064 3926,1060 4021,1056 4116,1054 4211,1052 4306,1050 4401,1048 4496,1048"
                         HEIGHT="200"
                         WIDTH="1928"
                         VPOS="978"
                         HPOS="2584">
                  <String HEIGHT="200"
                          WIDTH="237"
                          VPOS="978"
                          HPOS="2550"
                          CONTENT="han"/>
                  <SP HEIGHT="200" WIDTH="34" VPOS="978" HPOS="2787"/>
                  <String HEIGHT="200"
                          WIDTH="271"
                          VPOS="978"
                          HPOS="2685"
                          CONTENT="till"/>
                  <SP HEIGHT="200" WIDTH="34" VPOS="978" HPOS="2956"/>
                  <String HEIGHT="200"
                          WIDTH="304"
                          VPOS="978"
                          HPOS="2855"
                          CONTENT="henne"/>
                  <SP HEIGHT="200" WIDTH="34" VPOS="978" HPOS="3159"/>
                  <String HEIGHT="200"
                          WIDTH="237"
                          VPOS="978"
                          HPOS="3058"
                          CONTENT="för"/>
                  <SP HEIGHT="200" WIDTH="34" VPOS="978" HPOS="3294"/>
                  <String HEIGHT="200"
                          WIDTH="237"
                          VPOS="978"
                          HPOS="3193"
                          CONTENT="Sju"/>
                  <SP HEIGHT="200" WIDTH="34" VPOS="978" HPOS="3430"/>
                  <String HEIGHT="200"
                          WIDTH="338"
                          VPOS="978"
                          HPOS="3328"
                          CONTENT="Kronor"/>
                  <SP HEIGHT="200" WIDTH="34" VPOS="978" HPOS="3666"/>
                  <String HEIGHT="200"
                          WIDTH="271"
                          VPOS="978"
                          HPOS="3565"
                          CONTENT="sålt"/>
                  <SP HEIGHT="200" WIDTH="34" VPOS="978" HPOS="3836"/>
                  <String HEIGHT="200"
                          WIDTH="237"
                          VPOS="978"
                          HPOS="3734"
                          CONTENT="ett"/>
                  <SP HEIGHT="200" WIDTH="34" VPOS="978" HPOS="3971"/>
                  <String HEIGHT="200"
                          WIDTH="474"
                          VPOS="978"
                          HPOS="3869"
                          CONTENT="divanbord;"/>
                  <SP HEIGHT="200" WIDTH="34" VPOS="978" HPOS="4343"/>
                  <String HEIGHT="200"
                          WIDTH="237"
                          VPOS="978"
                          HPOS="4241"
                          CONTENT="att"/>
                  <SP HEIGHT="200" WIDTH="34" VPOS="978" HPOS="4478"/>
                  <String HEIGHT="200"
                          WIDTH="169"
                          VPOS="978"
                          HPOS="4343"
                          CONTENT="han"/>
               </TextLine>
               <TextLine ID="r2l9"
                         BASELINE="2606,1254 2700,1249 2795,1245 2890,1239 2985,1233 3080,1226 3174,1220 3269,1214 3364,1207 3459,1202 3554,1196 3648,1190 3743,1186 3838,1180 3933,1177 4028,1173 4122,1170 4217,1168 4312,1166 4407,1166 4502,1166"
                         HEIGHT="250"
                         WIDTH="1921"
                         VPOS="1071"
                         HPOS="2590">
                  <String HEIGHT="250"
                          WIDTH="378"
                          VPOS="1071"
                          HPOS="2559"
                          CONTENT="derefter"/>
                  <SP HEIGHT="250" WIDTH="31" VPOS="1071" HPOS="2936"/>
                  <String HEIGHT="250"
                          WIDTH="252"
                          VPOS="1071"
                          HPOS="2842"
                          CONTENT="ater"/>
                  <SP HEIGHT="250" WIDTH="31" VPOS="1071" HPOS="3094"/>
                  <String HEIGHT="250"
                          WIDTH="252"
                          VPOS="1071"
                          HPOS="2999"
                          CONTENT="gått"/>
                  <SP HEIGHT="250" WIDTH="31" VPOS="1071" HPOS="3251"/>
                  <String HEIGHT="250"
                          WIDTH="252"
                          VPOS="1071"
                          HPOS="3157"
                          CONTENT="till"/>
                  <SP HEIGHT="250" WIDTH="31" VPOS="1071" HPOS="3409"/>
                  <String HEIGHT="250"
                          WIDTH="472"
                          VPOS="1071"
                          HPOS="3314"
                          CONTENT="Jerntorget,"/>
                  <SP HEIGHT="250" WIDTH="31" VPOS="1071" HPOS="3787"/>
                  <String HEIGHT="250"
                          WIDTH="220"
                          VPOS="1071"
                          HPOS="3692"
                          CONTENT="der"/>
                  <SP HEIGHT="250" WIDTH="31" VPOS="1071" HPOS="3913"/>
                  <String HEIGHT="250"
                          WIDTH="220"
                          VPOS="1071"
                          HPOS="3818"
                          CONTENT="han"/>
                  <SP HEIGHT="250" WIDTH="31" VPOS="1071" HPOS="4039"/>
                  <String HEIGHT="250"
                          WIDTH="189"
                          VPOS="1071"
                          HPOS="3944"
                          CONTENT="då"/>
                  <SP HEIGHT="250" WIDTH="31" VPOS="1071" HPOS="4133"/>
                  <String HEIGHT="250"
                          WIDTH="346"
                          VPOS="1071"
                          HPOS="4039"
                          CONTENT="träffat"/>
                  <SP HEIGHT="250" WIDTH="31" VPOS="1071" HPOS="4385"/>
                  <String HEIGHT="250"
                          WIDTH="252"
                          VPOS="1071"
                          HPOS="4259"
                          CONTENT="Fiska¬"
                          SUBS_TYPE="HypPart1"
                          SUBS_CONTENT="Fiskaren"/>
                  <HYP CONTENT="-"/>
               </TextLine>
               <TextLine ID="r2l10"
                         BASELINE="2602,1366 2696,1360 2791,1354 2886,1349 2981,1341 3076,1336 3170,1330 3265,1325 3360,1319 3455,1314 3550,1308 3644,1303 3739,1298 3834,1292 3929,1289 4024,1284 4118,1281 4213,1276 4308,1274 4403,1270 4498,1268"
                         HEIGHT="206"
                         WIDTH="1918"
                         VPOS="1201"
                         HPOS="2588">
                  <String HEIGHT="206"
                          WIDTH="244"
                          VPOS="1201"
                          HPOS="2553"
                          CONTENT="ren"
                          SUBS_TYPE="HypPart2"
                          SUBS_CONTENT="Fiskaren"/>
                  <SP HEIGHT="206" WIDTH="35" VPOS="1201" HPOS="2797"/>
                  <String HEIGHT="206"
                          WIDTH="488"
                          VPOS="1201"
                          HPOS="2693"
                          CONTENT="Andersson,"/>
                  <SP HEIGHT="206" WIDTH="35" VPOS="1201" HPOS="3181"/>
                  <String HEIGHT="206"
                          WIDTH="279"
                          VPOS="1201"
                          HPOS="3076"
                          CONTENT="till"/>
                  <SP HEIGHT="206" WIDTH="35" VPOS="1201" HPOS="3355"/>
                  <String HEIGHT="206"
                          WIDTH="384"
                          VPOS="1201"
                          HPOS="3251"
                          CONTENT="hvilken"/>
                  <SP HEIGHT="206" WIDTH="35" VPOS="1201" HPOS="3634"/>
                  <String HEIGHT="206"
                          WIDTH="244"
                          VPOS="1201"
                          HPOS="3530"
                          CONTENT="han"/>
                  <SP HEIGHT="206" WIDTH="35" VPOS="1201" HPOS="3774"/>
                  <String HEIGHT="206"
                          WIDTH="349"
                          VPOS="1201"
                          HPOS="3669"
                          CONTENT="jemväl"/>
                  <SP HEIGHT="206" WIDTH="35" VPOS="1201" HPOS="4018"/>
                  <String HEIGHT="206"
                          WIDTH="418"
                          VPOS="1201"
                          HPOS="3913"
                          CONTENT="utbjudit"/>
                  <SP HEIGHT="206" WIDTH="35" VPOS="1201" HPOS="4332"/>
                  <String HEIGHT="206"
                          WIDTH="314"
                          VPOS="1201"
                          HPOS="4192"
                          CONTENT="möbler,"/>
               </TextLine>
               <TextLine ID="r2l11"
                         BASELINE="2602,1484 2696,1477 2791,1469 2885,1461 2980,1454 3075,1448 3169,1441 3264,1436 3358,1430 3453,1426 3548,1422 3642,1417 3737,1413 3831,1410 3926,1406 4021,1404 4115,1400 4210,1398 4304,1396 4399,1394 4494,1392"
                         HEIGHT="240"
                         WIDTH="1919"
                         VPOS="1296"
                         HPOS="2587">
                  <String HEIGHT="240"
                          WIDTH="445"
                          VPOS="1296"
                          HPOS="2553"
                          CONTENT="hvarefter"/>
                  <SP HEIGHT="240" WIDTH="34" VPOS="1296" HPOS="2998"/>
                  <String HEIGHT="240"
                          WIDTH="445"
                          VPOS="1296"
                          HPOS="2895"
                          CONTENT="Andersson"/>
                  <SP HEIGHT="240" WIDTH="34" VPOS="1296" HPOS="3341"/>
                  <String HEIGHT="240"
                          WIDTH="308"
                          VPOS="1296"
                          HPOS="3238"
                          CONTENT="följt"/>
                  <SP HEIGHT="240" WIDTH="34" VPOS="1296" HPOS="3546"/>
                  <String HEIGHT="240"
                          WIDTH="240"
                          VPOS="1296"
                          HPOS="3444"
                          CONTENT="med"/>
                  <SP HEIGHT="240" WIDTH="34" VPOS="1296" HPOS="3684"/>
                  <String HEIGHT="240"
                          WIDTH="308"
                          VPOS="1296"
                          HPOS="3581"
                          CONTENT="honom"/>
                  <SP HEIGHT="240" WIDTH="34" VPOS="1296" HPOS="3889"/>
                  <String HEIGHT="240"
                          WIDTH="274"
                          VPOS="1296"
                          HPOS="3786"
                          CONTENT="till"/>
                  <SP HEIGHT="240" WIDTH="34" VPOS="1296" HPOS="4061"/>
                  <String HEIGHT="240"
                          WIDTH="514"
                          VPOS="1296"
                          HPOS="3958"
                          CONTENT="Målsegarens"/>
                  <SP HEIGHT="240" WIDTH="34" VPOS="1296" HPOS="4472"/>
                  <String HEIGHT="240"
                          WIDTH="171"
                          VPOS="1296"
                          HPOS="4335"
                          CONTENT="ma¬"
                          SUBS_TYPE="HypPart1"
                          SUBS_CONTENT="magasin"/>
                  <HYP CONTENT="-"/>
               </TextLine>
               <TextLine ID="r2l12"
                         BASELINE="2610,1598 2703,1592 2796,1584 2889,1577 2982,1571 3075,1565 3168,1560 3261,1554 3354,1550 3447,1545 3541,1542 3634,1538 3727,1534 3820,1532 3913,1528 4006,1526 4099,1524 4192,1522 4285,1520 4378,1518 4472,1516"
                         HEIGHT="223"
                         WIDTH="1891"
                         VPOS="1438"
                         HPOS="2595">
                  <String HEIGHT="223"
                          WIDTH="304"
                          VPOS="1438"
                          HPOS="2561"
                          CONTENT="gasin"
                          SUBS_TYPE="HypPart2"
                          SUBS_CONTENT="magasin"/>
                  <SP HEIGHT="223" WIDTH="34" VPOS="1438" HPOS="2865"/>
                  <String HEIGHT="223"
                          WIDTH="236"
                          VPOS="1438"
                          HPOS="2764"
                          CONTENT="och"/>
                  <SP HEIGHT="223" WIDTH="34" VPOS="1438" HPOS="3000"/>
                  <String HEIGHT="223"
                          WIDTH="236"
                          VPOS="1438"
                          HPOS="2899"
                          CONTENT="der"/>
                  <SP HEIGHT="223" WIDTH="34" VPOS="1438" HPOS="3135"/>
                  <String HEIGHT="223"
                          WIDTH="203"
                          VPOS="1438"
                          HPOS="3034"
                          CONTENT="af"/>
                  <SP HEIGHT="223" WIDTH="34" VPOS="1438" HPOS="3237"/>
                  <String HEIGHT="223"
                          WIDTH="405"
                          VPOS="1438"
                          HPOS="3135"
                          CONTENT="Thorsson"/>
                  <SP HEIGHT="223" WIDTH="34" VPOS="1438" HPOS="3540"/>
                  <String HEIGHT="223"
                          WIDTH="236"
                          VPOS="1438"
                          HPOS="3439"
                          CONTENT="för"/>
                  <SP HEIGHT="223" WIDTH="34" VPOS="1438" HPOS="3676"/>
                  <String HEIGHT="223"
                          WIDTH="203"
                          VPOS="1438"
                          HPOS="3574"
                          CONTENT="15"/>
                  <SP HEIGHT="223" WIDTH="34" VPOS="1438" HPOS="3777"/>
                  <String HEIGHT="223"
                          WIDTH="338"
                          VPOS="1438"
                          HPOS="3676"
                          CONTENT="Kronor"/>
                  <SP HEIGHT="223" WIDTH="34" VPOS="1438" HPOS="4013"/>
                  <String HEIGHT="223"
                          WIDTH="270"
                          VPOS="1438"
                          HPOS="3912"
                          CONTENT="köpt"/>
                  <SP HEIGHT="223" WIDTH="34" VPOS="1438" HPOS="4182"/>
                  <String HEIGHT="223"
                          WIDTH="439"
                          VPOS="1438"
                          HPOS="4047"
                          CONTENT="ifrågakomne"/>
               </TextLine>
               <TextLine ID="r2l13"
                         BASELINE="2628,1704 2721,1696 2815,1691 2909,1684 3002,1679 3096,1675 3190,1672 3283,1668 3377,1664 3471,1660 3565,1657 3658,1654 3752,1651 3846,1647 3939,1644 4033,1640 4127,1635 4220,1630 4314,1624 4408,1618 4502,1610"
                         HEIGHT="238"
                         WIDTH="1902"
                         VPOS="1528"
                         HPOS="2614">
                  <String HEIGHT="238"
                          WIDTH="492"
                          VPOS="1528"
                          HPOS="2581"
                          CONTENT="chiffonier,"/>
                  <SP HEIGHT="238" WIDTH="33" VPOS="1528" HPOS="3073"/>
                  <String HEIGHT="238"
                          WIDTH="230"
                          VPOS="1528"
                          HPOS="2975"
                          CONTENT="som"/>
                  <SP HEIGHT="238" WIDTH="33" VPOS="1528" HPOS="3204"/>
                  <String HEIGHT="238"
                          WIDTH="230"
                          VPOS="1528"
                          HPOS="3106"
                          CONTENT="han"/>
                  <SP HEIGHT="238" WIDTH="33" VPOS="1528" HPOS="3335"/>
                  <String HEIGHT="238"
                          WIDTH="328"
                          VPOS="1528"
                          HPOS="3237"
                          CONTENT="genast"/>
                  <SP HEIGHT="238" WIDTH="33" VPOS="1528" HPOS="3565"/>
                  <String HEIGHT="238"
                          WIDTH="426"
                          VPOS="1528"
                          HPOS="3467"
                          CONTENT="afhemtat,"/>
                  <SP HEIGHT="238" WIDTH="33" VPOS="1528" HPOS="3893"/>
                  <String HEIGHT="238"
                          WIDTH="328"
                          VPOS="1528"
                          HPOS="3795"
                          CONTENT="dervid"/>
                  <SP HEIGHT="238" WIDTH="33" VPOS="1528" HPOS="4122"/>
                  <String HEIGHT="238"
                          WIDTH="394"
                          VPOS="1528"
                          HPOS="4024"
                          CONTENT="Thorsson"/>
                  <SP HEIGHT="238" WIDTH="33" VPOS="1528" HPOS="4418"/>
                  <String HEIGHT="238"
                          WIDTH="230"
                          VPOS="1528"
                          HPOS="4286"
                          CONTENT="följt"/>
               </TextLine>
               <TextLine ID="r2l14"
                         BASELINE="2630,1816 2721,1810 2813,1804 2905,1799 2997,1794 3089,1790 3180,1785 3272,1780 3364,1775 3456,1771 3548,1766 3639,1764 3731,1758 3823,1754 3915,1750 4007,1745 4098,1742 4190,1736 4282,1732 4374,1727 4466,1722"
                         HEIGHT="166"
                         WIDTH="1863"
                         VPOS="1665"
                         HPOS="2617">
                  <String HEIGHT="166"
                          WIDTH="242"
                          VPOS="1665"
                          HPOS="2583"
                          CONTENT="med"/>
                  <SP HEIGHT="166" WIDTH="35" VPOS="1665" HPOS="2824"/>
                  <String HEIGHT="166"
                          WIDTH="449"
                          VPOS="1665"
                          HPOS="2721"
                          CONTENT="Andersson"/>
                  <SP HEIGHT="166" WIDTH="35" VPOS="1665" HPOS="3169"/>
                  <String HEIGHT="166"
                          WIDTH="276"
                          VPOS="1665"
                          HPOS="3066"
                          CONTENT="till"/>
                  <SP HEIGHT="166" WIDTH="35" VPOS="1665" HPOS="3342"/>
                  <String HEIGHT="166"
                          WIDTH="345"
                          VPOS="1665"
                          HPOS="3238"
                          CONTENT="dennes"/>
                  <SP HEIGHT="166" WIDTH="35" VPOS="1665" HPOS="3583"/>
                  <String HEIGHT="166"
                          WIDTH="242"
                          VPOS="1665"
                          HPOS="3480"
                          CONTENT="båt"/>
                  <SP HEIGHT="166" WIDTH="35" VPOS="1665" HPOS="3721"/>
                  <String HEIGHT="166"
                          WIDTH="242"
                          VPOS="1665"
                          HPOS="3618"
                          CONTENT="och"/>
                  <SP HEIGHT="166" WIDTH="35" VPOS="1665" HPOS="3859"/>
                  <String HEIGHT="166"
                          WIDTH="242"
                          VPOS="1665"
                          HPOS="3756"
                          CONTENT="der"/>
                  <SP HEIGHT="166" WIDTH="35" VPOS="1665" HPOS="3997"/>
                  <String HEIGHT="166"
                          WIDTH="449"
                          VPOS="1665"
                          HPOS="3894"
                          CONTENT="emottagit"/>
                  <SP HEIGHT="166" WIDTH="35" VPOS="1665" HPOS="4342"/>
                  <String HEIGHT="166"
                          WIDTH="276"
                          VPOS="1665"
                          HPOS="4204"
                          CONTENT="betal¬"
                          SUBS_TYPE="HypPart1"
                          SUBS_CONTENT="betalningen"/>
                  <HYP CONTENT="-"/>
               </TextLine>
               <TextLine ID="r2l15"
                         BASELINE="2608,1932 2702,1926 2797,1920 2892,1914 2987,1908 3082,1904 3177,1898 3272,1894 3367,1889 3462,1884 3557,1880 3651,1876 3746,1872 3841,1868 3936,1862 4031,1858 4126,1852 4221,1848 4316,1841 4411,1836 4506,1830"
                         HEIGHT="240"
                         WIDTH="1919"
                         VPOS="1755"
                         HPOS="2594">
                  <String HEIGHT="240"
                          WIDTH="325"
                          VPOS="1755"
                          HPOS="2561"
                          CONTENT="ningen"
                          SUBS_TYPE="HypPart2"
                          SUBS_CONTENT="betalningen"/>
                  <SP HEIGHT="240" WIDTH="33" VPOS="1755" HPOS="2887"/>
                  <String HEIGHT="240"
                          WIDTH="228"
                          VPOS="1755"
                          HPOS="2789"
                          CONTENT="för"/>
                  <SP HEIGHT="240" WIDTH="33" VPOS="1755" HPOS="3017"/>
                  <String HEIGHT="240"
                          WIDTH="553"
                          VPOS="1755"
                          HPOS="2919"
                          CONTENT="chiffonieren;"/>
                  <SP HEIGHT="240" WIDTH="33" VPOS="1755" HPOS="3472"/>
                  <String HEIGHT="240"
                          WIDTH="228"
                          VPOS="1755"
                          HPOS="3375"
                          CONTENT="att"/>
                  <SP HEIGHT="240" WIDTH="33" VPOS="1755" HPOS="3602"/>
                  <String HEIGHT="240"
                          WIDTH="293"
                          VPOS="1755"
                          HPOS="3505"
                          CONTENT="sedan"/>
                  <SP HEIGHT="240" WIDTH="33" VPOS="1755" HPOS="3797"/>
                  <String HEIGHT="240"
                          WIDTH="390"
                          VPOS="1755"
                          HPOS="3700"
                          CONTENT="Thorsson"/>
                  <SP HEIGHT="240" WIDTH="33" VPOS="1755" HPOS="4090"/>
                  <String HEIGHT="240"
                          WIDTH="228"
                          VPOS="1755"
                          HPOS="3993"
                          CONTENT="vid"/>
                  <SP HEIGHT="240" WIDTH="33" VPOS="1755" HPOS="4220"/>
                  <String HEIGHT="240"
                          WIDTH="293"
                          VPOS="1755"
                          HPOS="4123"
                          CONTENT="båten"/>
                  <SP HEIGHT="240" WIDTH="33" VPOS="1755" HPOS="4415"/>
                  <String HEIGHT="240"
                          WIDTH="228"
                          VPOS="1755"
                          HPOS="4285"
                          CONTENT="träf¬"
                          SUBS_TYPE="HypPart1"
                          SUBS_CONTENT="träffat"/>
                  <HYP CONTENT="-"/>
               </TextLine>
               <TextLine ID="r2l16"
                         BASELINE="2604,2058 2695,2049 2786,2042 2877,2036 2968,2029 3059,2022 3150,2017 3241,2011 3332,2007 3423,2002 3515,1997 3606,1992 3697,1988 3788,1983 3879,1978 3970,1973 4061,1968 4152,1963 4243,1956 4334,1950 4426,1942"
                         HEIGHT="251"
                         WIDTH="1848"
                         VPOS="1850"
                         HPOS="2590">
                  <String HEIGHT="251"
                          WIDTH="249"
                          VPOS="1850"
                          HPOS="2554"
                          CONTENT="fat"
                          SUBS_TYPE="HypPart2"
                          SUBS_CONTENT="träffat"/>
                  <SP HEIGHT="251" WIDTH="36" VPOS="1850" HPOS="2803"/>
                  <String HEIGHT="251"
                          WIDTH="426"
                          VPOS="1850"
                          HPOS="2697"
                          CONTENT="Fiskaren"/>
                  <SP HEIGHT="251" WIDTH="36" VPOS="1850" HPOS="3123"/>
                  <String HEIGHT="251"
                          WIDTH="462"
                          VPOS="1850"
                          HPOS="3016"
                          CONTENT="Johansson"/>
                  <SP HEIGHT="251" WIDTH="36" VPOS="1850" HPOS="3478"/>
                  <String HEIGHT="251"
                          WIDTH="249"
                          VPOS="1850"
                          HPOS="3372"
                          CONTENT="och"/>
                  <SP HEIGHT="251" WIDTH="36" VPOS="1850" HPOS="3621"/>
                  <String HEIGHT="251"
                          WIDTH="320"
                          VPOS="1850"
                          HPOS="3514"
                          CONTENT="äfven"/>
                  <SP HEIGHT="251" WIDTH="36" VPOS="1850" HPOS="3834"/>
                  <String HEIGHT="251"
                          WIDTH="284"
                          VPOS="1850"
                          HPOS="3727"
                          CONTENT="till"/>
                  <SP HEIGHT="251" WIDTH="36" VPOS="1850" HPOS="4012"/>
                  <String HEIGHT="251"
                          WIDTH="320"
                          VPOS="1850"
                          HPOS="3905"
                          CONTENT="denne"/>
                  <SP HEIGHT="251" WIDTH="36" VPOS="1850" HPOS="4225"/>
                  <String HEIGHT="251"
                          WIDTH="355"
                          VPOS="1850"
                          HPOS="4083"
                          CONTENT="utbjudit"/>
               </TextLine>
               <TextLine ID="r2l17"
                         BASELINE="2602,2174 2697,2166 2792,2158 2887,2149 2982,2142 3078,2137 3173,2130 3268,2124 3363,2119 3458,2114 3554,2110 3649,2105 3744,2100 3839,2096 3934,2092 4030,2088 4125,2083 4220,2078 4315,2074 4410,2069 4506,2062"
                         HEIGHT="212"
                         WIDTH="1931"
                         VPOS="2002"
                         HPOS="2588">
                  <String HEIGHT="212"
                          WIDTH="354"
                          VPOS="2002"
                          HPOS="2556"
                          CONTENT="möbler,"/>
                  <SP HEIGHT="212" WIDTH="32" VPOS="2002" HPOS="2910"/>
                  <String HEIGHT="212"
                          WIDTH="418"
                          VPOS="2002"
                          HPOS="2813"
                          CONTENT="Thorsson,"/>
                  <SP HEIGHT="212" WIDTH="32" VPOS="2002" HPOS="3232"/>
                  <String HEIGHT="212"
                          WIDTH="418"
                          VPOS="2002"
                          HPOS="3135"
                          CONTENT="Andersson"/>
                  <SP HEIGHT="212" WIDTH="32" VPOS="2002" HPOS="3554"/>
                  <String HEIGHT="212"
                          WIDTH="225"
                          VPOS="2002"
                          HPOS="3457"
                          CONTENT="och"/>
                  <SP HEIGHT="212" WIDTH="32" VPOS="2002" HPOS="3682"/>
                  <String HEIGHT="212"
                          WIDTH="418"
                          VPOS="2002"
                          HPOS="3586"
                          CONTENT="Johansson"/>
                  <SP HEIGHT="212" WIDTH="32" VPOS="2002" HPOS="4004"/>
                  <String HEIGHT="212"
                          WIDTH="161"
                          VPOS="2002"
                          HPOS="3908"
                          CONTENT="i"/>
                  <SP HEIGHT="212" WIDTH="32" VPOS="2002" HPOS="4068"/>
                  <String HEIGHT="212"
                          WIDTH="451"
                          VPOS="2002"
                          HPOS="3972"
                          CONTENT="hvarandras"/>
                  <SP HEIGHT="212" WIDTH="32" VPOS="2002" HPOS="4422"/>
                  <String HEIGHT="212"
                          WIDTH="225"
                          VPOS="2002"
                          HPOS="4294"
                          CONTENT="säll¬"
                          SUBS_TYPE="HypPart1"
                          SUBS_CONTENT="sällskap"/>
                  <HYP CONTENT="-"/>
               </TextLine>
               <TextLine ID="r2l18"
                         BASELINE="2608,2290 2701,2282 2794,2275 2887,2268 2981,2263 3074,2256 3167,2251 3261,2245 3354,2239 3447,2235 3541,2230 3634,2224 3727,2220 3820,2216 3914,2210 4007,2207 4100,2202 4194,2197 4287,2192 4380,2189 4474,2184"
                         HEIGHT="237"
                         WIDTH="1895"
                         VPOS="2118"
                         HPOS="2592">
                  <String HEIGHT="237"
                          WIDTH="276"
                          VPOS="2118"
                          HPOS="2558"
                          CONTENT="skap"
                          SUBS_TYPE="HypPart2"
                          SUBS_CONTENT="sällskap"/>
                  <SP HEIGHT="237" WIDTH="34" VPOS="2118" HPOS="2833"/>
                  <String HEIGHT="237"
                          WIDTH="413"
                          VPOS="2118"
                          HPOS="2730"
                          CONTENT="begifvit"/>
                  <SP HEIGHT="237" WIDTH="34" VPOS="2118" HPOS="3143"/>
                  <String HEIGHT="237"
                          WIDTH="241"
                          VPOS="2118"
                          HPOS="3040"
                          CONTENT="sig"/>
                  <SP HEIGHT="237" WIDTH="34" VPOS="2118" HPOS="3281"/>
                  <String HEIGHT="237"
                          WIDTH="276"
                          VPOS="2118"
                          HPOS="3178"
                          CONTENT="till"/>
                  <SP HEIGHT="237" WIDTH="34" VPOS="2118" HPOS="3453"/>
                  <String HEIGHT="237"
                          WIDTH="517"
                          VPOS="2118"
                          HPOS="3350"
                          CONTENT="Målsegarens"/>
                  <SP HEIGHT="237" WIDTH="34" VPOS="2118" HPOS="3867"/>
                  <String HEIGHT="237"
                          WIDTH="413"
                          VPOS="2118"
                          HPOS="3763"
                          CONTENT="magasin,"/>
                  <SP HEIGHT="237" WIDTH="34" VPOS="2118" HPOS="4177"/>
                  <String HEIGHT="237"
                          WIDTH="241"
                          VPOS="2118"
                          HPOS="4074"
                          CONTENT="men"/>
                  <SP HEIGHT="237" WIDTH="34" VPOS="2118" HPOS="4315"/>
                  <String HEIGHT="237"
                          WIDTH="276"
                          VPOS="2118"
                          HPOS="4211"
                          CONTENT="att,"/>
                  <SP HEIGHT="237" WIDTH="34" VPOS="2118" HPOS="4487"/>
                  <String HEIGHT="237"
                          WIDTH="138"
                          VPOS="2118"
                          HPOS="4349"
                          CONTENT="då"/>
               </TextLine>
               <TextLine ID="r2l19"
                         BASELINE="2618,2398 2710,2393 2803,2388 2896,2383 2989,2378 3082,2372 3174,2366 3267,2362 3360,2356 3453,2352 3546,2347 3638,2342 3731,2337 3824,2334 3917,2328 4010,2325 4102,2320 4195,2317 4288,2314 4381,2312 4474,2308"
                         HEIGHT="232"
                         WIDTH="1884"
                         VPOS="2242"
                         HPOS="2603">
                  <String HEIGHT="232"
                          WIDTH="435"
                          VPOS="2242"
                          HPOS="2567"
                          CONTENT="Thorsson"/>
                  <SP HEIGHT="232" WIDTH="36" VPOS="2242" HPOS="3002"/>
                  <String HEIGHT="232"
                          WIDTH="254"
                          VPOS="2242"
                          HPOS="2893"
                          CONTENT="der"/>
                  <SP HEIGHT="232" WIDTH="36" VPOS="2242" HPOS="3146"/>
                  <String HEIGHT="232"
                          WIDTH="399"
                          VPOS="2242"
                          HPOS="3038"
                          CONTENT="träffat"/>
                  <SP HEIGHT="232" WIDTH="36" VPOS="2242" HPOS="3436"/>
                  <String HEIGHT="232"
                          WIDTH="543"
                          VPOS="2242"
                          HPOS="3328"
                          CONTENT="Målsegaren,"/>
                  <SP HEIGHT="232" WIDTH="36" VPOS="2242" HPOS="3871"/>
                  <String HEIGHT="232"
                          WIDTH="254"
                          VPOS="2242"
                          HPOS="3762"
                          CONTENT="han"/>
                  <SP HEIGHT="232" WIDTH="36" VPOS="2242" HPOS="4016"/>
                  <String HEIGHT="232"
                          WIDTH="543"
                          VPOS="2242"
                          HPOS="3907"
                          CONTENT="underrättat"/>
                  <SP HEIGHT="232" WIDTH="36" VPOS="2242" HPOS="4451"/>
                  <String HEIGHT="232"
                          WIDTH="181"
                          VPOS="2242"
                          HPOS="4306"
                          CONTENT="ho¬"
                          SUBS_TYPE="HypPart1"
                          SUBS_CONTENT="honom"/>
                  <HYP CONTENT="-"/>
               </TextLine>
               <TextLine ID="r2l20"
                         BASELINE="2598,2514 2691,2509 2784,2502 2878,2496 2971,2492 3065,2486 3158,2481 3251,2477 3345,2472 3438,2468 3532,2463 3625,2460 3718,2456 3812,2452 3905,2449 3999,2445 4092,2442 4185,2438 4279,2435 4372,2432 4466,2430"
                         HEIGHT="175"
                         WIDTH="1892"
                         VPOS="2364"
                         HPOS="2583">
                  <String HEIGHT="175"
                          WIDTH="250"
                          VPOS="2364"
                          HPOS="2547"
                          CONTENT="nom"
                          SUBS_TYPE="HypPart2"
                          SUBS_CONTENT="honom"/>
                  <SP HEIGHT="175" WIDTH="36" VPOS="2364" HPOS="2797"/>
                  <String HEIGHT="175"
                          WIDTH="214"
                          VPOS="2364"
                          HPOS="2690"
                          CONTENT="om"/>
                  <SP HEIGHT="175" WIDTH="36" VPOS="2364" HPOS="2904"/>
                  <String HEIGHT="175"
                          WIDTH="464"
                          VPOS="2364"
                          HPOS="2797"
                          CONTENT="ändamålet"/>
                  <SP HEIGHT="175" WIDTH="36" VPOS="2364" HPOS="3261"/>
                  <String HEIGHT="175"
                          WIDTH="250"
                          VPOS="2364"
                          HPOS="3154"
                          CONTENT="med"/>
                  <SP HEIGHT="175" WIDTH="36" VPOS="2364" HPOS="3404"/>
                  <String HEIGHT="175"
                          WIDTH="500"
                          VPOS="2364"
                          HPOS="3297"
                          CONTENT="Anderssons"/>
                  <SP HEIGHT="175" WIDTH="36" VPOS="2364" HPOS="3797"/>
                  <String HEIGHT="175"
                          WIDTH="250"
                          VPOS="2364"
                          HPOS="3690"
                          CONTENT="och"/>
                  <SP HEIGHT="175" WIDTH="36" VPOS="2364" HPOS="3940"/>
                  <String HEIGHT="175"
                          WIDTH="500"
                          VPOS="2364"
                          HPOS="3832"
                          CONTENT="Johanssons"/>
                  <SP HEIGHT="175" WIDTH="36" VPOS="2364" HPOS="4332"/>
                  <String HEIGHT="175"
                          WIDTH="286"
                          VPOS="2364"
                          HPOS="4189"
                          CONTENT="besök,"/>
               </TextLine>
               <TextLine ID="r2l21"
                         BASELINE="2606,2626 2701,2620 2796,2614 2891,2608 2986,2602 3081,2598 3176,2593 3271,2588 3366,2583 3461,2580 3556,2575 3651,2572 3746,2568 3841,2564 3936,2560 4031,2557 4126,2553 4221,2549 4316,2546 4411,2542 4506,2538"
                         HEIGHT="250"
                         WIDTH="1925"
                         VPOS="2450"
                         HPOS="2592">
                  <String HEIGHT="250"
                          WIDTH="472"
                          VPOS="2450"
                          HPOS="2556"
                          CONTENT="hvarefter"/>
                  <SP HEIGHT="250" WIDTH="36" VPOS="2450" HPOS="3028"/>
                  <String HEIGHT="250"
                          WIDTH="291"
                          VPOS="2450"
                          HPOS="2919"
                          CONTENT="han,"/>
                  <SP HEIGHT="250" WIDTH="36" VPOS="2450" HPOS="3209"/>
                  <String HEIGHT="250"
                          WIDTH="291"
                          VPOS="2450"
                          HPOS="3100"
                          CONTENT="utan"/>
                  <SP HEIGHT="250" WIDTH="36" VPOS="2450" HPOS="3391"/>
                  <String HEIGHT="250"
                          WIDTH="254"
                          VPOS="2450"
                          HPOS="3282"
                          CONTENT="att"/>
                  <SP HEIGHT="250" WIDTH="36" VPOS="2450" HPOS="3536"/>
                  <String HEIGHT="250"
                          WIDTH="291"
                          VPOS="2450"
                          HPOS="3427"
                          CONTENT="till"/>
                  <SP HEIGHT="250" WIDTH="36" VPOS="2450" HPOS="3718"/>
                  <String HEIGHT="250"
                          WIDTH="545"
                          VPOS="2450"
                          HPOS="3609"
                          CONTENT="Målseganden"/>
                  <SP HEIGHT="250" WIDTH="36" VPOS="2450" HPOS="4154"/>
                  <String HEIGHT="250"
                          WIDTH="400"
                          VPOS="2450"
                          HPOS="4045"
                          CONTENT="aflemna"/>
                  <SP HEIGHT="250" WIDTH="36" VPOS="2450" HPOS="4444"/>
                  <String HEIGHT="250"
                          WIDTH="218"
                          VPOS="2450"
                          HPOS="4299"
                          CONTENT="pen¬"
                          SUBS_TYPE="HypPart1"
                          SUBS_CONTENT="penningarne"/>
                  <HYP CONTENT="-"/>
               </TextLine>
               <TextLine ID="r2l22"
                         BASELINE="2596,2746 2689,2740 2782,2735 2875,2729 2968,2724 3061,2720 3154,2714 3247,2710 3340,2706 3433,2702 3527,2698 3620,2694 3713,2691 3806,2686 3899,2682 3992,2680 4085,2676 4178,2673 4271,2670 4364,2666 4458,2664"
                         HEIGHT="233"
                         WIDTH="1890"
                         VPOS="2579"
                         HPOS="2581">
                  <String HEIGHT="233"
                          WIDTH="398"
                          VPOS="2579"
                          HPOS="2548"
                          CONTENT="ningarne"
                          SUBS_TYPE="HypPart2"
                          SUBS_CONTENT="penningarne"/>
                  <SP HEIGHT="233" WIDTH="33" VPOS="2579" HPOS="2946"/>
                  <String HEIGHT="233"
                          WIDTH="232"
                          VPOS="2579"
                          HPOS="2846"
                          CONTENT="för"/>
                  <SP HEIGHT="233" WIDTH="33" VPOS="2579" HPOS="3078"/>
                  <String HEIGHT="233"
                          WIDTH="199"
                          VPOS="2579"
                          HPOS="2979"
                          CONTENT="de"/>
                  <SP HEIGHT="233" WIDTH="33" VPOS="2579" HPOS="3178"/>
                  <String HEIGHT="233"
                          WIDTH="398"
                          VPOS="2579"
                          HPOS="3078"
                          CONTENT="försålde"/>
                  <SP HEIGHT="233" WIDTH="33" VPOS="2579" HPOS="3476"/>
                  <String HEIGHT="233"
                          WIDTH="431"
                          VPOS="2579"
                          HPOS="3377"
                          CONTENT="möblerna,"/>
                  <SP HEIGHT="233" WIDTH="33" VPOS="2579" HPOS="3808"/>
                  <String HEIGHT="233"
                          WIDTH="431"
                          VPOS="2579"
                          HPOS="3708"
                          CONTENT="aflägsnat"/>
                  <SP HEIGHT="233" WIDTH="33" VPOS="2579" HPOS="4139"/>
                  <String HEIGHT="233"
                          WIDTH="265"
                          VPOS="2579"
                          HPOS="4040"
                          CONTENT="sig;"/>
                  <SP HEIGHT="233" WIDTH="33" VPOS="2579" HPOS="4305"/>
                  <String HEIGHT="233"
                          WIDTH="232"
                          VPOS="2579"
                          HPOS="4206"
                          CONTENT="att"/>
                  <SP HEIGHT="233" WIDTH="33" VPOS="2579" HPOS="4438"/>
                  <String HEIGHT="233"
                          WIDTH="166"
                          VPOS="2579"
                          HPOS="4305"
                          CONTENT="han"/>
               </TextLine>
               <TextLine ID="r2l23"
                         BASELINE="2604,2864 2699,2856 2794,2848 2889,2843 2984,2837 3079,2830 3174,2824 3269,2820 3364,2814 3459,2809 3555,2806 3650,2801 3745,2797 3840,2794 3935,2790 4030,2787 4125,2784 4220,2782 4315,2780 4410,2778 4506,2776"
                         HEIGHT="216"
                         WIDTH="1933"
                         VPOS="2704"
                         HPOS="2586">
                  <String HEIGHT="216"
                          WIDTH="511"
                          VPOS="2704"
                          HPOS="2550"
                          CONTENT="oftanämnde"/>
                  <SP HEIGHT="216" WIDTH="36" VPOS="2704" HPOS="3060"/>
                  <String HEIGHT="216"
                          WIDTH="255"
                          VPOS="2704"
                          HPOS="2951"
                          CONTENT="dag"/>
                  <SP HEIGHT="216" WIDTH="36" VPOS="2704" HPOS="3206"/>
                  <String HEIGHT="216"
                          WIDTH="219"
                          VPOS="2704"
                          HPOS="3097"
                          CONTENT="på"/>
                  <SP HEIGHT="216" WIDTH="36" VPOS="2704" HPOS="3315"/>
                  <String HEIGHT="216"
                          WIDTH="401"
                          VPOS="2704"
                          HPOS="3206"
                          CONTENT="aftonen"/>
                  <SP HEIGHT="216" WIDTH="36" VPOS="2704" HPOS="3607"/>
                  <String HEIGHT="216"
                          WIDTH="511"
                          VPOS="2704"
                          HPOS="3498"
                          CONTENT="sällskapat"/>
                  <SP HEIGHT="216" WIDTH="36" VPOS="2704" HPOS="4008"/>
                  <String HEIGHT="216"
                          WIDTH="255"
                          VPOS="2704"
                          HPOS="3899"
                          CONTENT="med"/>
                  <SP HEIGHT="216" WIDTH="36" VPOS="2704" HPOS="4154"/>
                  <String HEIGHT="216"
                          WIDTH="511"
                          VPOS="2704"
                          HPOS="4008"
                          CONTENT="arbetskarlen"/>
               </TextLine>
               <TextLine ID="r2l24"
                         BASELINE="2612,2976 2706,2968 2801,2962 2895,2955 2990,2948 3084,2944 3179,2938 3273,2934 3368,2929 3462,2924 3557,2920 3651,2916 3746,2913 3840,2909 3935,2906 4029,2903 4124,2900 4218,2896 4313,2894 4407,2890 4502,2886"
                         HEIGHT="234"
                         WIDTH="1919"
                         VPOS="2799"
                         HPOS="2597">
                  <String HEIGHT="234"
                          WIDTH="416"
                          VPOS="2799"
                          HPOS="2565"
                          CONTENT="Öjersson,"/>
                  <SP HEIGHT="234" WIDTH="32" VPOS="2799" HPOS="2981"/>
                  <String HEIGHT="234"
                          WIDTH="320"
                          VPOS="2799"
                          HPOS="2885"
                          CONTENT="dervid"/>
                  <SP HEIGHT="234" WIDTH="32" VPOS="2799" HPOS="3205"/>
                  <String HEIGHT="234"
                          WIDTH="384"
                          VPOS="2799"
                          HPOS="3109"
                          CONTENT="Thorsson"/>
                  <SP HEIGHT="234" WIDTH="32" VPOS="2799" HPOS="3493"/>
                  <String HEIGHT="234"
                          WIDTH="224"
                          VPOS="2799"
                          HPOS="3397"
                          CONTENT="för"/>
                  <SP HEIGHT="234" WIDTH="32" VPOS="2799" HPOS="3620"/>
                  <String HEIGHT="234"
                          WIDTH="352"
                          VPOS="2799"
                          HPOS="3525"
                          CONTENT="berörde"/>
                  <SP HEIGHT="234" WIDTH="32" VPOS="2799" HPOS="3876"/>
                  <String HEIGHT="234"
                          WIDTH="416"
                          VPOS="2799"
                          HPOS="3780"
                          CONTENT="penningar"/>
                  <SP HEIGHT="234" WIDTH="32" VPOS="2799" HPOS="4196"/>
                  <String HEIGHT="234"
                          WIDTH="384"
                          VPOS="2799"
                          HPOS="4100"
                          CONTENT="bekostat"/>
                  <SP HEIGHT="234" WIDTH="32" VPOS="2799" HPOS="4484"/>
                  <String HEIGHT="234"
                          WIDTH="160"
                          VPOS="2799"
                          HPOS="4356"
                          CONTENT="åk¬"
                          SUBS_TYPE="HypPart1"
                          SUBS_CONTENT="åkning"/>
                  <HYP CONTENT="-"/>
               </TextLine>
               <TextLine ID="r2l25"
                         BASELINE="2606,3080 2700,3074 2794,3068 2888,3064 2982,3058 3077,3053 3171,3049 3265,3044 3359,3040 3453,3036 3548,3032 3642,3028 3736,3024 3830,3022 3924,3019 4019,3016 4113,3012 4207,3010 4301,3006 4395,3004 4490,3000"
                         HEIGHT="223"
                         WIDTH="1911"
                         VPOS="2911"
                         HPOS="2592">
                  <String HEIGHT="223"
                          WIDTH="251"
                          VPOS="2911"
                          HPOS="2561"
                          CONTENT="ning"
                          SUBS_TYPE="HypPart2"
                          SUBS_CONTENT="åkning"/>
                  <SP HEIGHT="223" WIDTH="31" VPOS="2911" HPOS="2811"/>
                  <String HEIGHT="223"
                          WIDTH="219"
                          VPOS="2911"
                          HPOS="2717"
                          CONTENT="för"/>
                  <SP HEIGHT="223" WIDTH="31" VPOS="2911" HPOS="2937"/>
                  <String HEIGHT="223"
                          WIDTH="219"
                          VPOS="2911"
                          HPOS="2843"
                          CONTENT="sig"/>
                  <SP HEIGHT="223" WIDTH="31" VPOS="2911" HPOS="3062"/>
                  <String HEIGHT="223"
                          WIDTH="219"
                          VPOS="2911"
                          HPOS="2968"
                          CONTENT="och"/>
                  <SP HEIGHT="223" WIDTH="31" VPOS="2911" HPOS="3187"/>
                  <String HEIGHT="223"
                          WIDTH="407"
                          VPOS="2911"
                          HPOS="3093"
                          CONTENT="Öjersson,"/>
                  <SP HEIGHT="223" WIDTH="31" VPOS="2911" HPOS="3501"/>
                  <String HEIGHT="223"
                          WIDTH="376"
                          VPOS="2911"
                          HPOS="3407"
                          CONTENT="äfvensom"/>
                  <SP HEIGHT="223" WIDTH="31" VPOS="2911" HPOS="3782"/>
                  <String HEIGHT="223"
                          WIDTH="313"
                          VPOS="2911"
                          HPOS="3688"
                          CONTENT="bjudit"/>
                  <SP HEIGHT="223" WIDTH="31" VPOS="2911" HPOS="4002"/>
                  <String HEIGHT="223"
                          WIDTH="282"
                          VPOS="2911"
                          HPOS="3908"
                          CONTENT="denne"/>
                  <SP HEIGHT="223" WIDTH="31" VPOS="2911" HPOS="4190"/>
                  <String HEIGHT="223"
                          WIDTH="188"
                          VPOS="2911"
                          HPOS="4096"
                          CONTENT="på"/>
                  <SP HEIGHT="223" WIDTH="31" VPOS="2911" HPOS="4284"/>
                  <String HEIGHT="223"
                          WIDTH="345"
                          VPOS="2911"
                          HPOS="4158"
                          CONTENT="förtäring"/>
               </TextLine>
               <TextLine ID="r2l26"
                         BASELINE="2616,3202 2710,3195 2804,3190 2899,3183 2993,3178 3088,3172 3182,3167 3276,3162 3371,3157 3465,3152 3560,3148 3654,3142 3748,3138 3843,3135 3937,3131 4032,3128 4126,3124 4220,3122 4315,3120 4409,3117 4504,3116"
                         HEIGHT="257"
                         WIDTH="1913"
                         VPOS="3015"
                         HPOS="2602">
                  <String HEIGHT="257"
                          WIDTH="198"
                          VPOS="3015"
                          HPOS="2569"
                          CONTENT="af"/>
                  <SP HEIGHT="257" WIDTH="33" VPOS="3015" HPOS="2767"/>
                  <String HEIGHT="257"
                          WIDTH="363"
                          VPOS="3015"
                          HPOS="2668"
                          CONTENT="bränvin"/>
                  <SP HEIGHT="257" WIDTH="33" VPOS="3015" HPOS="3031"/>
                  <String HEIGHT="257"
                          WIDTH="231"
                          VPOS="3015"
                          HPOS="2932"
                          CONTENT="och"/>
                  <SP HEIGHT="257" WIDTH="33" VPOS="3015" HPOS="3163"/>
                  <String HEIGHT="257"
                          WIDTH="231"
                          VPOS="3015"
                          HPOS="3064"
                          CONTENT="öl,"/>
                  <SP HEIGHT="257" WIDTH="33" VPOS="3015" HPOS="3295"/>
                  <String HEIGHT="257"
                          WIDTH="198"
                          VPOS="3015"
                          HPOS="3196"
                          CONTENT="så"/>
                  <SP HEIGHT="257" WIDTH="33" VPOS="3015" HPOS="3394"/>
                  <String HEIGHT="257"
                          WIDTH="231"
                          VPOS="3015"
                          HPOS="3295"
                          CONTENT="att"/>
                  <SP HEIGHT="257" WIDTH="33" VPOS="3015" HPOS="3526"/>
                  <String HEIGHT="257"
                          WIDTH="198"
                          VPOS="3015"
                          HPOS="3427"
                          CONTENT="de"/>
                  <SP HEIGHT="257" WIDTH="33" VPOS="3015" HPOS="3624"/>
                  <String HEIGHT="257"
                          WIDTH="363"
                          VPOS="3015"
                          HPOS="3526"
                          CONTENT="blifvit"/>
                  <SP HEIGHT="257" WIDTH="33" VPOS="3015" HPOS="3888"/>
                  <String HEIGHT="257"
                          WIDTH="363"
                          VPOS="3015"
                          HPOS="3789"
                          CONTENT="rusiga;"/>
                  <SP HEIGHT="257" WIDTH="33" VPOS="3015" HPOS="4152"/>
                  <String HEIGHT="257"
                          WIDTH="231"
                          VPOS="3015"
                          HPOS="4053"
                          CONTENT="att"/>
                  <SP HEIGHT="257" WIDTH="33" VPOS="3015" HPOS="4284"/>
                  <String HEIGHT="257"
                          WIDTH="198"
                          VPOS="3015"
                          HPOS="4185"
                          CONTENT="de"/>
                  <SP HEIGHT="257" WIDTH="33" VPOS="3015" HPOS="4383"/>
                  <String HEIGHT="257"
                          WIDTH="198"
                          VPOS="3015"
                          HPOS="4284"
                          CONTENT="kl"/>
                  <SP HEIGHT="257" WIDTH="33" VPOS="3015" HPOS="4482"/>
                  <String HEIGHT="257"
                          WIDTH="165"
                          VPOS="3015"
                          HPOS="4350"
                          CONTENT="om¬"
                          SUBS_TYPE="HypPart1"
                          SUBS_CONTENT="omkring"/>
                  <HYP CONTENT="-"/>
               </TextLine>
               <TextLine ID="r2l27"
                         BASELINE="2604,3314 2697,3306 2791,3299 2885,3292 2979,3286 3073,3280 3167,3276 3261,3270 3355,3266 3449,3262 3543,3258 3636,3254 3730,3251 3824,3248 3918,3245 4012,3242 4106,3238 4200,3236 4294,3232 4388,3230 4482,3226"
                         HEIGHT="236"
                         WIDTH="1904"
                         VPOS="3136"
                         HPOS="2590">
                  <String HEIGHT="236"
                          WIDTH="295"
                          VPOS="3136"
                          HPOS="2557"
                          CONTENT="kring"
                          SUBS_TYPE="HypPart2"
                          SUBS_CONTENT="omkring"/>
                  <SP HEIGHT="236" WIDTH="33" VPOS="3136" HPOS="2853"/>
                  <String HEIGHT="236"
                          WIDTH="197"
                          VPOS="3136"
                          HPOS="2754"
                          CONTENT="10"/>
                  <SP HEIGHT="236" WIDTH="33" VPOS="3136" HPOS="2951"/>
                  <String HEIGHT="236"
                          WIDTH="197"
                          VPOS="3136"
                          HPOS="2853"
                          CONTENT="på"/>
                  <SP HEIGHT="236" WIDTH="33" VPOS="3136" HPOS="3050"/>
                  <String HEIGHT="236"
                          WIDTH="295"
                          VPOS="3136"
                          HPOS="2951"
                          CONTENT="afton"/>
                  <SP HEIGHT="236" WIDTH="33" VPOS="3136" HPOS="3247"/>
                  <String HEIGHT="236"
                          WIDTH="394"
                          VPOS="3136"
                          HPOS="3148"
                          CONTENT="begifvit"/>
                  <SP HEIGHT="236" WIDTH="33" VPOS="3136" HPOS="3542"/>
                  <String HEIGHT="236"
                          WIDTH="230"
                          VPOS="3136"
                          HPOS="3444"
                          CONTENT="sig"/>
                  <SP HEIGHT="236" WIDTH="33" VPOS="3136" HPOS="3673"/>
                  <String HEIGHT="236"
                          WIDTH="263"
                          VPOS="3136"
                          HPOS="3575"
                          CONTENT="till"/>
                  <SP HEIGHT="236" WIDTH="33" VPOS="3136" HPOS="3837"/>
                  <String HEIGHT="236"
                          WIDTH="492"
                          VPOS="3136"
                          HPOS="3739"
                          CONTENT="målsegarens"/>
                  <SP HEIGHT="236" WIDTH="33" VPOS="3136" HPOS="4231"/>
                  <String HEIGHT="236"
                          WIDTH="394"
                          VPOS="3136"
                          HPOS="4100"
                          CONTENT="möbelmaga¬"
                          SUBS_TYPE="HypPart1"
                          SUBS_CONTENT="möbelmagasin"/>
                  <HYP CONTENT="-"/>
               </TextLine>
               <TextLine ID="r2l28"
                         BASELINE="2596,3428 2689,3420 2782,3412 2876,3406 2969,3400 3063,3393 3156,3388 3249,3384 3343,3380 3436,3376 3530,3372 3623,3369 3716,3366 3810,3362 3903,3360 3997,3357 4090,3354 4183,3352 4277,3348 4370,3344 4464,3342"
                         HEIGHT="193"
                         WIDTH="1892"
                         VPOS="3271"
                         HPOS="2583">
                  <String HEIGHT="193"
                          WIDTH="228"
                          VPOS="3271"
                          HPOS="2550"
                          CONTENT="sin"
                          SUBS_TYPE="HypPart2"
                          SUBS_CONTENT="möbelmagasin"/>
                  <SP HEIGHT="193" WIDTH="33" VPOS="3271" HPOS="2779"/>
                  <String HEIGHT="193"
                          WIDTH="228"
                          VPOS="3271"
                          HPOS="2681"
                          CONTENT="för"/>
                  <SP HEIGHT="193" WIDTH="33" VPOS="3271" HPOS="2909"/>
                  <String HEIGHT="193"
                          WIDTH="228"
                          VPOS="3271"
                          HPOS="2811"
                          CONTENT="att"/>
                  <SP HEIGHT="193" WIDTH="33" VPOS="3271" HPOS="3040"/>
                  <String HEIGHT="193"
                          WIDTH="228"
                          VPOS="3271"
                          HPOS="2942"
                          CONTENT="der"/>
                  <SP HEIGHT="193" WIDTH="33" VPOS="3271" HPOS="3170"/>
                  <String HEIGHT="193"
                          WIDTH="457"
                          VPOS="3271"
                          HPOS="3072"
                          CONTENT="tillbringa"/>
                  <SP HEIGHT="193" WIDTH="33" VPOS="3271" HPOS="3529"/>
                  <String HEIGHT="193"
                          WIDTH="359"
                          VPOS="3271"
                          HPOS="3431"
                          CONTENT="natten,"/>
                  <SP HEIGHT="193" WIDTH="33" VPOS="3271" HPOS="3790"/>
                  <String HEIGHT="193"
                          WIDTH="261"
                          VPOS="3271"
                          HPOS="3692"
                          CONTENT="utan"/>
                  <SP HEIGHT="193" WIDTH="33" VPOS="3271" HPOS="3953"/>
                  <String HEIGHT="193"
                          WIDTH="228"
                          VPOS="3271"
                          HPOS="3855"
                          CONTENT="att"/>
                  <SP HEIGHT="193" WIDTH="33" VPOS="3271" HPOS="4084"/>
                  <String HEIGHT="193"
                          WIDTH="391"
                          VPOS="3271"
                          HPOS="3986"
                          CONTENT="Thorsson"/>
                  <SP HEIGHT="193" WIDTH="33" VPOS="3271" HPOS="4377"/>
                  <String HEIGHT="193"
                          WIDTH="228"
                          VPOS="3271"
                          HPOS="4247"
                          CONTENT="kunde"/>
               </TextLine>
               <TextLine ID="r2l29"
                         BASELINE="2608,3534 2704,3528 2800,3521 2896,3516 2992,3511 3089,3507 3185,3504 3281,3500 3377,3496 3473,3494 3570,3490 3666,3488 3762,3486 3858,3482 3954,3480 4051,3477 4147,3474 4243,3471 4339,3467 4435,3462 4532,3458"
                         HEIGHT="198"
                         WIDTH="1951"
                         VPOS="3389"
                         HPOS="2595">
                  <String HEIGHT="198"
                          WIDTH="348"
                          VPOS="3389"
                          HPOS="2560"
                          CONTENT="erinra"/>
                  <SP HEIGHT="198" WIDTH="35" VPOS="3389" HPOS="2909"/>
                  <String HEIGHT="198"
                          WIDTH="244"
                          VPOS="3389"
                          HPOS="2804"
                          CONTENT="sig"/>
                  <SP HEIGHT="198" WIDTH="35" VPOS="3389" HPOS="3048"/>
                  <String HEIGHT="198"
                          WIDTH="279"
                          VPOS="3389"
                          HPOS="2943"
                          CONTENT="huru"/>
                  <SP HEIGHT="198" WIDTH="35" VPOS="3389" HPOS="3222"/>
                  <String HEIGHT="198"
                          WIDTH="209"
                          VPOS="3389"
                          HPOS="3118"
                          CONTENT="de"/>
                  <SP HEIGHT="198" WIDTH="35" VPOS="3389" HPOS="3327"/>
                  <String HEIGHT="198"
                          WIDTH="418"
                          VPOS="3389"
                          HPOS="3222"
                          CONTENT="inkommit"/>
                  <SP HEIGHT="198" WIDTH="35" VPOS="3389" HPOS="3640"/>
                  <String HEIGHT="198"
                          WIDTH="174"
                          VPOS="3389"
                          HPOS="3536"
                          CONTENT="i"/>
                  <SP HEIGHT="198" WIDTH="35" VPOS="3389" HPOS="3710"/>
                  <String HEIGHT="198"
                          WIDTH="488"
                          VPOS="3389"
                          HPOS="3605"
                          CONTENT="Magasinet,"/>
                  <SP HEIGHT="198" WIDTH="35" VPOS="3389" HPOS="4093"/>
                  <String HEIGHT="198"
                          WIDTH="244"
                          VPOS="3389"
                          HPOS="3989"
                          CONTENT="men"/>
                  <SP HEIGHT="198" WIDTH="35" VPOS="3389" HPOS="4232"/>
                  <String HEIGHT="198"
                          WIDTH="383"
                          VPOS="3389"
                          HPOS="4128"
                          CONTENT="antaga,"/>
                  <SP HEIGHT="198" WIDTH="35" VPOS="3389" HPOS="4511"/>
                  <String HEIGHT="198"
                          WIDTH="174"
                          VPOS="3389"
                          HPOS="4372"
                          CONTENT="att"/>
               </TextLine>
               <TextLine ID="r2l30"
                         BASELINE="2592,3642 2686,3634 2781,3627 2876,3621 2970,3616 3065,3612 3160,3608 3254,3604 3349,3600 3444,3596 3539,3593 3633,3590 3728,3588 3823,3586 3917,3583 4012,3580 4107,3578 4201,3576 4296,3573 4391,3570 4486,3566"
                         HEIGHT="165"
                         WIDTH="1922"
                         VPOS="3496"
                         HPOS="2578">
                  <String HEIGHT="165"
                          WIDTH="206"
                          VPOS="3496"
                          HPOS="2544"
                          CONTENT="de"/>
                  <SP HEIGHT="165" WIDTH="34" VPOS="3496" HPOS="2750"/>
                  <String HEIGHT="165"
                          WIDTH="240"
                          VPOS="3496"
                          HPOS="2647"
                          CONTENT="dit"/>
                  <SP HEIGHT="165" WIDTH="34" VPOS="3496" HPOS="2887"/>
                  <String HEIGHT="165"
                          WIDTH="343"
                          VPOS="3496"
                          HPOS="2784"
                          CONTENT="beredt"/>
                  <SP HEIGHT="165" WIDTH="34" VPOS="3496" HPOS="3127"/>
                  <String HEIGHT="165"
                          WIDTH="240"
                          VPOS="3496"
                          HPOS="3024"
                          CONTENT="sig"/>
                  <SP HEIGHT="165" WIDTH="34" VPOS="3496" HPOS="3264"/>
                  <String HEIGHT="165"
                          WIDTH="378"
                          VPOS="3496"
                          HPOS="3161"
                          CONTENT="inträde"/>
                  <SP HEIGHT="165" WIDTH="34" VPOS="3496" HPOS="3539"/>
                  <String HEIGHT="165"
                          WIDTH="378"
                          VPOS="3496"
                          HPOS="3436"
                          CONTENT="medelst"/>
                  <SP HEIGHT="165" WIDTH="34" VPOS="3496" HPOS="3814"/>
                  <String HEIGHT="165"
                          WIDTH="240"
                          VPOS="3496"
                          HPOS="3711"
                          CONTENT="att"/>
                  <SP HEIGHT="165" WIDTH="34" VPOS="3496" HPOS="3951"/>
                  <String HEIGHT="165"
                          WIDTH="412"
                          VPOS="3496"
                          HPOS="3848"
                          CONTENT="lösbryta"/>
                  <SP HEIGHT="165" WIDTH="34" VPOS="3496" HPOS="4260"/>
                  <String HEIGHT="165"
                          WIDTH="378"
                          VPOS="3496"
                          HPOS="4122"
                          CONTENT="hänglåset"/>
               </TextLine>
               <TextLine ID="r2l31"
                         BASELINE="2598,3742 2691,3736 2785,3731 2878,3726 2972,3721 3066,3716 3159,3714 3253,3710 3346,3706 3440,3704 3534,3702 3627,3700 3721,3696 3814,3694 3908,3692 4002,3690 4095,3688 4189,3686 4282,3683 4376,3680 4470,3678"
                         HEIGHT="177"
                         WIDTH="1898"
                         VPOS="3613"
                         HPOS="2586">
                  <String HEIGHT="177"
                          WIDTH="204"
                          VPOS="3613"
                          HPOS="2557"
                          CONTENT="för"/>
                  <SP HEIGHT="177" WIDTH="29" VPOS="3613" HPOS="2761"/>
                  <String HEIGHT="177"
                          WIDTH="321"
                          VPOS="3613"
                          HPOS="2674"
                          CONTENT="dörren,"/>
                  <SP HEIGHT="177" WIDTH="29" VPOS="3613" HPOS="2995"/>
                  <String HEIGHT="177"
                          WIDTH="234"
                          VPOS="3613"
                          HPOS="2907"
                          CONTENT="samt"/>
                  <SP HEIGHT="177" WIDTH="29" VPOS="3613" HPOS="3141"/>
                  <String HEIGHT="177"
                          WIDTH="234"
                          VPOS="3613"
                          HPOS="3053"
                          CONTENT="att,"/>
                  <SP HEIGHT="177" WIDTH="29" VPOS="3613" HPOS="3287"/>
                  <String HEIGHT="177"
                          WIDTH="263"
                          VPOS="3613"
                          HPOS="3199"
                          CONTENT="sedan"/>
                  <SP HEIGHT="177" WIDTH="29" VPOS="3613" HPOS="3462"/>
                  <String HEIGHT="177"
                          WIDTH="175"
                          VPOS="3613"
                          HPOS="3374"
                          CONTENT="de"/>
                  <SP HEIGHT="177" WIDTH="29" VPOS="3613" HPOS="3550"/>
                  <String HEIGHT="177"
                          WIDTH="234"
                          VPOS="3613"
                          HPOS="3462"
                          CONTENT="lagt"/>
                  <SP HEIGHT="177" WIDTH="29" VPOS="3613" HPOS="3696"/>
                  <String HEIGHT="177"
                          WIDTH="204"
                          VPOS="3613"
                          HPOS="3608"
                          CONTENT="sig"/>
                  <SP HEIGHT="177" WIDTH="29" VPOS="3613" HPOS="3812"/>
                  <String HEIGHT="177"
                          WIDTH="204"
                          VPOS="3613"
                          HPOS="3725"
                          CONTENT="att"/>
                  <SP HEIGHT="177" WIDTH="29" VPOS="3613" HPOS="3929"/>
                  <String HEIGHT="177"
                          WIDTH="263"
                          VPOS="3613"
                          HPOS="3842"
                          CONTENT="hvila"/>
                  <SP HEIGHT="177" WIDTH="29" VPOS="3613" HPOS="4104"/>
                  <String HEIGHT="177"
                          WIDTH="146"
                          VPOS="3613"
                          HPOS="4017"
                          CONTENT="i"/>
                  <SP HEIGHT="177" WIDTH="29" VPOS="3613" HPOS="4163"/>
                  <String HEIGHT="177"
                          WIDTH="380"
                          VPOS="3613"
                          HPOS="4075"
                          CONTENT="magasinet"/>
                  <SP HEIGHT="177" WIDTH="29" VPOS="3613" HPOS="4455"/>
                  <String HEIGHT="177"
                          WIDTH="146"
                          VPOS="3613"
                          HPOS="4338"
                          CONTENT="och"/>
               </TextLine>
               <TextLine ID="r2l32"
                         BASELINE="2608,3820 2704,3818 2800,3818 2896,3816 2993,3814 3089,3811 3185,3808 3282,3806 3378,3803 3474,3800 3571,3798 3667,3796 3763,3794 3859,3792 3956,3790 4052,3790 4148,3790 4245,3790 4341,3790 4437,3792 4534,3794"
                         HEIGHT="184"
                         WIDTH="1950"
                         VPOS="3712"
                         HPOS="2596">
                  <String HEIGHT="184"
                          WIDTH="367"
                          VPOS="3712"
                          HPOS="2568"
                          CONTENT="insomnat,"/>
                  <SP HEIGHT="184" WIDTH="28" VPOS="3712" HPOS="2935"/>
                  <String HEIGHT="184"
                          WIDTH="170"
                          VPOS="3712"
                          HPOS="2850"
                          CONTENT="de"/>
                  <SP HEIGHT="184" WIDTH="28" VPOS="3712" HPOS="3020"/>
                  <String HEIGHT="184"
                          WIDTH="311"
                          VPOS="3712"
                          HPOS="2935"
                          CONTENT="blifvit"/>
                  <SP HEIGHT="184" WIDTH="28" VPOS="3712" HPOS="3246"/>
                  <String HEIGHT="184"
                          WIDTH="170"
                          VPOS="3712"
                          HPOS="3161"
                          CONTENT="af"/>
                  <SP HEIGHT="184" WIDTH="28" VPOS="3712" HPOS="3331"/>
                  <String HEIGHT="184"
                          WIDTH="424"
                          VPOS="3712"
                          HPOS="3246"
                          CONTENT="Målseganden"/>
                  <SP HEIGHT="184" WIDTH="28" VPOS="3712" HPOS="3670"/>
                  <String HEIGHT="184"
                          WIDTH="254"
                          VPOS="3712"
                          HPOS="3585"
                          CONTENT="jemte"/>
                  <SP HEIGHT="184" WIDTH="28" VPOS="3712" HPOS="3839"/>
                  <String HEIGHT="184"
                          WIDTH="254"
                          VPOS="3712"
                          HPOS="3755"
                          CONTENT="några"/>
                  <SP HEIGHT="184" WIDTH="28" VPOS="3712" HPOS="4009"/>
                  <String HEIGHT="184"
                          WIDTH="424"
                          VPOS="3712"
                          HPOS="3924"
                          CONTENT="Pkonstaplar"/>
                  <SP HEIGHT="184" WIDTH="28" VPOS="3712" HPOS="4348"/>
                  <String HEIGHT="184"
                          WIDTH="311"
                          VPOS="3712"
                          HPOS="4235"
                          CONTENT="anhållne;"/>
               </TextLine>
               <TextLine ID="r2l33"
                         BASELINE="2606,3890 2636,3891 2667,3889 2698,3886"
                         HEIGHT="119"
                         WIDTH="122"
                         VPOS="3828"
                         HPOS="2591">
                  <String HEIGHT="119"
                          WIDTH="203"
                          VPOS="3828"
                          HPOS="2510"
                          CONTENT="och"/>
               </TextLine>
            </TextBlock>
         </PrintSpace>
      </Page>
   </Layout>
</alto>
