5077 4096
413 204 474 124 badmössor,
785 204 338 124 hvilka
1022 204 169 124 i
1090 204 440 124 anledning
1428 204 305 124 deraf
1631 204 271 124 till
1800 204 237 124 den
1936 204 406 124 obekanta
2206 204 271 124 utlem¬-

392 295 308 175 nats,
597 295 240 175 men
734 295 240 175 vid
871 295 514 175 efterfrågan
1282 295 240 175 hos
1419 295 240 175 fru
1556 295 411 175 Dahlgren
1865 295 240 175 har
2002 295 411 175 uppgifne
2276 295 206 175 för¬-

393 438 422 131 hållandet
717 438 422 131 befunnits
1041 438 260 131 vara
1204 438 357 131 osannt;
1463 438 227 131 och
1593 438 292 131 hafva
1787 438 389 131 mössorna
2079 438 357 131 blifvit
2306 438 195 131 vär¬-

405 508 319 143 derade
629 508 255 143 till
788 508 255 143 Åtta
948 508 319 143 Kronor
1172 508 192 143 25
1235 508 192 143 öre;

419 547 188 228 2o
513 547 314 228 Fröken
732 547 282 228 Gerda
920 547 502 228 Salomonsson,
1328 547 470 228 innehafvare
1705 547 188 228 af
1799 547 408 228 Tapisseri
2112 547 345 228 handeln
2332 547 94 228 i

420 715 306 172 huset
624 715 204 172 No
726 715 204 172 19
828 715 238 172 vid
965 715 511 172 Kyrkogatan,
1373 715 238 172 att
1509 715 408 172 tisdagen
1815 715 238 172 den
1951 715 204 172 29
2054 715 170 172 i
2122 715 306 172 samma
2292 715 170 172 må¬-

414 866 223 127 nad
542 866 223 127 ett
669 866 351 127 obekant
924 866 287 127 yngre
1115 866 446 127 fruntimmer
1466 866 382 127 inkommit
1753 866 159 127 i
1817 866 382 127 buutiken
2103 866 255 127 och,
2231 866 223 127 under

413 932 392 140 uppgift,
707 932 229 140 att
838 932 229 140 hon
968 932 261 140 vore
1132 932 261 140 sänd
1295 932 196 140 af
1393 932 359 140 Mamsell
1654 932 424 140 Holmberg,
1980 932 326 140 boende
2209 932 163 140 i
2241 932 229 140 huset

418 1032 182 163 No
509 1032 182 163 21
600 1032 212 163 vid
721 1032 425 163 sistnämnde
1055 1032 273 163 gata,
1237 1032 303 163 begärt
1449 1032 212 163 och
1570 1032 182 163 på
1661 1032 303 163 kredit
1873 1032 364 163 erhållit
2146 1032 152 163 4
2207 1032 212 163 st.
2298 1032 182 163 bad¬-

409 1144 354 182 mössor,
666 1144 290 182 värde
859 1144 257 182 åtta
1020 1144 322 182 Kronor
1245 1144 225 182 och
1374 1144 225 182 två
1503 1144 418 182 broderade
1825 1144 483 182 halmväskor,
2211 1144 225 182 den
2307 1144 161 182 ena

403 1242 224 176 med
531 1242 256 176 rödt
691 1242 224 176 och
819 1242 224 176 den
948 1242 288 176 andra
1140 1242 224 176 med
1268 1242 288 176 blått
1460 1242 320 176 foder,
1684 1242 288 176 värda
1876 1242 160 176 6
1940 1242 352 176 Kronor,
2165 1242 288 176 hvilken

389 1346 373 200 uppgift
661 1346 271 200 dock
830 1346 238 200 vid
966 1346 509 200 efterfrågan
1373 1346 238 200 hos
1509 1346 373 200 Mamsell
1780 1346 441 200 Holmberg,
2086 1346 373 200 befunnits

393 1492 289 155 vara
538 1492 289 155 falsk.

547 1537 199 183 På
646 1537 364 183 anmälan
911 1537 199 183 af
1010 1537 430 183 ynglingen
1341 1537 397 183 Valdemar
1639 1537 463 183 Petersson,
2003 1537 397 183 anställd
2268 1537 165 183 hos

407 1661 453 145 Handlanden
763 1661 259 145 Emil
924 1661 388 145 Schmidt,
1216 1661 227 145 som
1345 1661 227 145 har
1475 1661 291 145 butik
1669 1661 162 145 i
1734 1661 291 145 huset
1928 1661 194 145 No
2025 1661 194 145 55
2122 1661 227 145 vid
2219 1661 259 145 Kungs¬-

397 1795 287 154 gatan
588 1795 223 154 har
716 1795 605 154 Poliskonstapeln
1225 1795 191 154 No
1321 1795 191 154 47
1416 1795 382 154 Blomberg
1703 1795 159 154 i
1766 1795 223 154 går
1894 1795 191 154 på
1989 1795 255 154 e.m.
2117 1795 318 154 anhållit

401 1862 292 187 ogifta
605 1862 379 187 Albertina
897 1862 350 187 Fredrika
1159 1862 350 187 Theresia
1422 1862 379 187 Jakobsson
1713 1862 233 187 från
1859 1862 292 187 torpet
2063 1862 263 187 Sjöbo
2238 1862 146 187 i
2268 1862 233 187 Örgry¬-

376 1966 184 174 te
468 1966 307 174 Socken
684 1966 215 174 och
807 1966 184 174 nu
899 1966 307 174 boende
1114 1966 154 174 i
1176 1966 400 174 Snickaren
1483 1966 277 174 Dahls
1667 1966 215 174 hus
1790 1966 154 174 i
1852 1966 553 174 Landalabergen,
2282 1966 154 174 för

377 2072 209 135 det
497 2072 209 135 han
616 2072 239 135 kort
766 2072 269 135 förut
945 2072 149 135 i
1005 2072 359 135 Schmidts
1274 2072 299 135 butik,
1483 2072 269 135 under
1663 2072 359 135 uppgift,
1932 2072 209 135 att
2051 2072 209 135 han
2171 2072 239 135 vore
2291 2072 179 135 sänd

386 2206 192 181 af
482 2206 609 181 Grosshandlanden
995 2206 353 181 Theodor
1252 2206 353 181 Heymans
1508 2206 257 181 Fru,
1668 2206 321 181 begärt
1893 2206 224 181 att
2021 2206 192 181 få
2117 2206 257 181 till
2246 2206 224 181 påse¬-

392 2281 240 215 ende
542 2281 240 215 utfå
693 2281 210 215 ett
813 2281 210 215 par
933 2281 391 215 broderade
1234 2281 601 215 bomullsstrumpor,
1745 2281 271 215 värda
1925 2281 210 215 Två
2045 2281 331 215 Kronor,
2256 2281 210 215 hvil¬-

381 2425 174 180 he
468 2425 260 180 plagg
641 2425 203 180 ock
757 2425 318 180 blifvit
989 2425 231 180 till
1133 2425 376 180 Jakobsson
1394 2425 347 180 aflemnade.

514 2524 210 202 Vid
634 2524 210 202 det
754 2524 210 202 med
873 2524 270 202 henne
1053 2524 150 202 i
1113 2524 389 202 anledning
1413 2524 270 202 häraf
1592 2524 389 202 anställda
1892 2524 329 202 förhör,
2132 2524 210 202 har
2221 2524 270 202 Jakobs¬-

352 2652 222 175 son
479 2652 443 175 uppgifvit,
827 2652 222 175 att
954 2652 190 175 då
1049 2652 222 175 hon
1176 2652 158 175 i
1239 2652 317 175 början
1460 2652 190 175 af
1555 2652 412 175 sistlidne
1872 2652 253 175 Juni
2030 2652 285 175 månad
2189 2652 253 175 kommit

345 2753 220 151 hit
470 2753 251 151 till
627 2753 314 151 staden
846 2753 220 151 och
972 2753 282 151 varit
1160 2753 251 151 utan
1317 2753 596 151 sysselsättning,
1819 2753 220 151 hon
1944 2753 188 151 på
2038 2753 408 151 uppmaning
2321 2753 125 151 of

390 2870 201 119 en
491 2870 302 119 annan
692 2870 369 119 flicka,
960 2870 235 119 som
1094 2870 335 119 numera
1329 2870 335 119 afrest
1564 2870 268 119 till
1731 2870 402 119 Amerika,
2033 2870 235 119 den
2167 2870 168 119 2
2200 2870 235 119 sist.

381 3008 264 133 Juni
546 3008 330 133 ingått
777 3008 165 133 i
843 3008 330 133 Olivia
1074 3008 429 133 Pilströms
1404 3008 297 133 butik
1601 3008 231 133 och
1733 3008 231 133 med
1865 3008 396 133 helsning
2162 3008 264 133 från
2294 3008 165 133 Fru

395 3072 395 175 Dahlgren
691 3072 362 175 begärt,
955 3072 230 175 att
1086 3072 230 175 för
1218 3072 329 175 hennes
1448 3072 362 175 räkning
1712 3072 198 175 få
1811 3072 296 175 hemta
2008 3072 263 175 fyra
2140 3072 296 175 stycken

383 3212 448 131 badmössor,
735 3212 224 131 som
863 3212 224 131 hon
991 3212 288 131 äfven
1183 3212 416 131 erhållit,
1502 3212 416 131 hvarefter
1822 3212 224 131 hon
1950 3212 288 131 samma
2142 3212 224 131 dag
2238 3212 224 131 pant¬-

374 3272 252 169 satt
532 3272 347 169 desamme
785 3272 221 169 för
911 3272 221 169 Två
1037 3272 315 169 kronor
1258 3272 221 169 hos
1384 3272 536 169 Pantlånerskan
1826 3272 189 169 J.
1920 3272 347 169 Jonsson
2173 3272 158 169 i
2204 3272 221 169 huset

378 3370 193 165 No
474 3370 161 165 6
539 3370 226 165 vid
668 3370 548 165 Eklundsgatan;
1119 3370 226 165 att
1248 3370 258 165 hon,
1409 3370 193 165 på
1506 3370 258 165 sätt
1667 3370 484 165 Salomonsson
2054 3370 355 165 anmält,
2280 3370 193 165 från

389 3489 280 125 denna
575 3489 435 125 tillnarrat
917 3489 218 125 sig
1042 3489 155 125 4
1104 3489 218 125 st.
1228 3489 404 125 badmössor
1539 3489 218 125 och
1663 3489 218 125 två
1787 3489 404 125 broderade
2098 3489 342 125 väskor,
2316 3489 124 125 af

381 3566 322 181 hvilka
606 3566 419 181 persedlar
929 3566 226 181 han
1057 3566 354 181 försålt
1315 3566 193 181 en
1412 3566 290 181 mössa
1605 3566 226 181 och
1734 3566 193 181 en
1831 3566 322 181 väska;
2056 3566 226 181 att
2185 3566 226 181 hon
2282 3566 161 181 an¬-

396 3702 284 159 vändt
586 3702 189 159 de
680 3702 347 159 sålunda
932 3702 378 159 erhållne
1216 3702 473 159 penningarne
1594 3702 252 159 till
1751 3702 252 159 sitt
1909 3702 441 159 uppehälle;
2224 3702 189 159 samt

2627 177 228 236 att
2758 177 228 236 hon
2888 177 325 236 ingått
3115 177 163 236 i
3180 177 455 236 Handlanden
3538 177 390 236 Schmidts
3831 177 293 236 butik
4026 177 228 236 och
4156 177 195 236 på
4253 177 358 236 begäran
4481 177 195 236 fått

2609 343 230 195 för
2741 343 230 195 Fru
2872 343 361 195 Heymans
3135 343 361 195 räkning
3398 343 394 195 emottaga
3693 343 230 195 ett
3825 343 230 195 par
3956 343 657 195 bomullsstrumpor,
4482 343 164 195 men

2621 430 311 218 straxt
2838 430 373 218 derefter
3118 430 342 218 blifvit
3366 430 404 218 anhållen,
3677 430 404 218 hvarefter
3988 430 217 218 hon
4112 430 435 218 återlemnat
4423 430 248 218 strum¬-

2560 635 333 97 porna.

2755 610 225 193 Tre
2884 610 322 193 mössor
3109 610 225 193 och
3237 610 193 193 en
3334 610 290 193 wäska
3527 610 290 193 hafva
3720 610 354 193 blifvit
3977 610 257 193 till
4138 610 450 193 Målsegaren
4460 610 225 193 Salo¬-

2617 779 398 155 monsson
2870 779 506 155 återlemnade.

2785 796 212 213 På
2891 796 318 213 grund
3102 796 212 213 af
3208 796 282 213 hvad
3385 796 388 213 sålunda
3667 796 529 213 förekommit,
4090 796 353 213 kommer
4302 796 388 213 Albertina

2646 923 380 185 Fredrika
2931 923 380 185 Theresia
3216 923 411 185 Jakobsson
3532 923 221 185 att
3659 923 285 185 denna
3848 923 221 185 dag
3975 923 221 185 för
4102 923 221 185 PKn
4196 923 380 185 inställas.

2978 1042 436 200 Göteborg
3305 1042 255 200 den
3450 1042 182 200 8
3523 1042 291 200 Juli
3668 1042 255 200 1880.

4653 1139 195 119 No
4717 1139 195 119 151.

4664 1233 206 128 Otto
4767 1233 206 128 Ludvig

4633 1348 299 133 Richarde.

2739 1121 470 186 Kamereraren
3115 1121 219 186 vid
3240 1121 501 186 Aktiebolaget
3647 1121 407 186 Göteborgs
3960 1121 376 186 Folkbank
4242 1121 188 186 A.
4336 1121 188 186 P.
4399 1121 282 186 Hansson

2623 1230 208 200 har
2742 1230 356 200 Onsdagen
3009 1230 208 200 den
3128 1230 148 200 7
3187 1230 297 200 dennes
3394 1230 326 200 anmält,
3632 1230 208 200 att
3750 1230 356 200 Fredagen
4017 1230 208 200 den
4136 1230 148 200 2
4195 1230 178 200 ds
4284 1230 178 200 på
4373 1230 178 200 f.
4432 1230 208 200 midd.

2615 1335 195 198 en
2713 1335 358 198 obekant
2974 1335 260 198 karl
3136 1335 391 198 inkommit
3429 1335 163 198 i
3494 1335 326 198 Banken
3722 1335 228 198 och
3853 1335 391 198 inlemnat
4146 1335 195 198 en
4243 1335 195 198 af
4308 1335 326 198 Artisten

2611 1446 249 214 Otto
2766 1446 311 214 Ludvig
2984 1446 373 214 Richarde
3264 1446 373 214 utfärdad
3545 1446 529 214 lånehandling,
3980 1446 342 214 lydande
4229 1446 156 214 å
4292 1446 218 214 600
4385 1446 280 214 Kronor,

2608 1551 288 213 jemte
2800 1551 192 213 en
2896 1551 543 213 löftesskrift,
3343 1551 383 213 utfärdad
3631 1551 192 213 af
3726 1551 511 213 Byggmästaren
4142 1551 192 213 L.
4238 1551 192 213 N.
4302 1551 351 213 Tinnberg,

2610 1647 306 219 boende
2825 1647 153 219 i
2886 1647 276 219 huset
3070 1647 184 219 No
3162 1647 184 219 22
3254 1647 214 219 vid
3376 1647 521 219 Magasinsgatan
3805 1647 214 219 och
3927 1647 459 219 Kamereraren
4295 1647 214 219 vid
4387 1647 306 219 Bergsla¬-

2628 1753 282 259 gernes
2825 1753 311 259 jernväg
3051 1753 254 259 Wilh.
3221 1753 254 259 Berg,
3390 1753 282 259 boende
3588 1753 141 259 i
3645 1753 254 259 huset
3814 1753 169 259 No
3899 1753 169 259 16
3983 1753 198 259 vid
4096 1753 395 259 Torggatan,
4379 1753 254 259 hvilken

2617 1876 422 198 sistnämnde
2948 1876 362 198 handling
3220 1876 452 198 Bokhållaren
3581 1876 181 198 E.
3672 1876 181 198 A.
3762 1876 392 198 Svensson,
4063 1876 362 198 anställd
4334 1876 211 198 hos
4425 1876 271 198 Byggmä¬-

2606 1984 305 188 staren
2819 1984 366 188 Tinnberg
3093 1984 213 188 och
3215 1984 335 188 Målaren
3458 1984 213 188 Th.
3580 1984 426 188 Rasmussen,
3915 1984 305 188 boende
4129 1984 152 188 i
4190 1984 274 188 huset
4372 1984 183 188 No
4464 1984 183 188 53
4525 1984 152 188 vid

2579 2082 430 192 Sillgatan
2909 2082 463 192 bevittnat;
3273 2082 264 192 samt
3438 2082 231 192 att
3570 2082 496 192 Kamereraren
3967 2082 397 192 Hansson,
4264 2082 231 192 som
4364 2082 297 192 antagit

2592 2192 222 211 att
2719 2192 444 211 inlemnaren
3068 2192 190 211 af
3163 2192 634 211 lånehandlingarne
3702 2192 285 211 varit
3892 2192 380 211 Richarde
4177 2192 222 211 och
4304 2192 349 211 erinrat
4526 2192 158 211 sig

2603 2284 218 205 att
2728 2284 281 205 denne
2915 2284 281 205 förut
3102 2284 374 205 erhållit
3382 2284 218 205 lån
3507 2284 156 205 i
3569 2284 468 205 Folkbanken,
3943 2284 281 205 derom
4130 2284 405 205 tillsport
4411 2284 249 205 denne,

2600 2364 207 231 som
2718 2364 413 231 medgifvit,
3042 2364 207 231 att
3160 2364 177 231 så
3249 2364 236 231 vore
3396 2364 502 231 förhållandet,
3809 2364 236 231 samt
3957 2364 325 231 tillagt
4193 2364 207 231 att
4311 2364 207 231 den
4399 2364 236 231 första

2597 2481 544 264 afbetalningen
3045 2481 160 264 å
3109 2481 288 264 lånet
3301 2481 256 264 icke
3461 2481 384 264 förfölle
3750 2481 256 264 förr
3910 2481 192 264 än
4006 2481 224 264 den
4134 2481 160 264 8
4166 2481 448 264 nästkommande

2625 2579 366 219 Augusti,
2899 2579 396 219 hvarefter
3203 2579 335 219 Hansson
3447 2579 366 219 tillsagt
3721 2579 274 219 honom
3904 2579 213 219 att
4026 2579 396 219 återkomma
4330 2579 244 219 till
4452 2579 244 219 Banken

2609 2698 221 218 kl.
2736 2698 158 218 1
2799 2698 284 218 samma
2988 2698 221 218 dag
3114 2698 221 218 för
3240 2698 442 218 erhållande
3587 2698 189 218 af
3682 2698 347 218 besked,
3934 2698 378 218 huruvida
4218 2698 284 218 lånet
4376 2698 315 218 bevilja¬-

2617 2802 255 221 des,
2776 2802 223 221 men
2904 2802 255 221 att,
3063 2802 191 221 då
3158 2802 382 221 Richarde
3444 2802 414 221 sedermera
3762 2802 255 221 icke
3922 2802 286 221 låtit
4112 2802 223 221 sig
4240 2802 350 221 afhöra,
4462 2802 223 221 Hans¬-

2620 2910 227 204 son
2749 2910 292 204 låtit
2944 2910 227 204 hos
3074 2910 486 204 Kamereraren
3463 2910 259 204 Berg
3625 2910 389 204 förevisa
3917 2910 292 204 såväl
4111 2910 195 204 de
4209 2910 259 204 sist
4338 2910 357 204 inlemnade

2609 3008 670 198 lånehandlingarne
3179 3008 235 198 som
3313 3008 268 198 dem,
3481 3008 201 198 på
3581 3008 302 198 grund
3783 3008 201 198 af
3883 3008 335 198 hvilka
4118 3008 235 198 den
4252 3008 168 198 7
4319 3008 302 198 sist.
4486 3008 168 198 Maj

2611 3121 219 200 lån
2736 3121 156 200 i
2798 3121 312 200 Banken
3017 3121 343 200 blifvit
3266 3121 375 200 Richarde
3547 3121 406 200 beviljadt
3859 3121 219 200 och
3984 3121 312 200 hvilka
4203 3121 437 200 handlingar
4515 3121 156 200 ut¬-

2582 3250 342 239 gjordes
2831 3250 249 239 dels
2986 3250 187 239 af
3080 3250 187 239 en
3173 3250 249 239 utaf
3329 3250 373 239 Richarde
3609 3250 405 239 utfärdad,
3920 3250 187 239 af
4013 3250 591 239 Byggnadsritaren
4480 3250 218 239 Oskar

2594 3346 442 207 Simonsson,
2941 3346 379 207 anställd
3225 3346 221 207 hos
3352 3346 505 207 Byggmästaren
3762 3346 189 207 F.
3856 3346 189 207 A.
3951 3346 410 207 Petersson
4266 3346 221 207 och
4361 3346 284 207 Målaren

2609 3447 189 194 T.
2704 3447 442 194 Rasmussen,
3051 3447 316 194 boende
3272 3447 158 194 i
3335 3447 284 194 huset
3525 3447 189 194 No
3619 3447 189 194 53
3714 3447 221 194 vid
3840 3447 410 194 Sillgatan
4156 3447 410 194 bevittnad
4440 3447 252 194 skuld¬-

2602 3602 271 163 sedel
2783 3602 211 163 och
2903 3602 241 163 dels
3054 3602 181 163 af
3145 3602 181 163 en
3235 3602 241 163 till
3386 3602 362 163 säkerhet
3657 3602 211 163 för
3778 3602 422 163 förskrifna
4109 3602 362 163 beloppet
4381 3602 181 163 af
4441 3602 241 163 bemäl¬-

2614 3699 195 174 de
2712 3699 260 174 Berg
2875 3699 228 174 och
3005 3699 586 174 Målaremästaren
3493 3699 195 174 O.
3590 3699 195 174 L.
3688 3699 423 174 Lundgren,
4013 3699 325 174 boende
4241 3699 163 174 i
4306 3699 293 174 huset
4501 3699 195 174 No
4566 3699 98 174 5
