5130 4073
514 222 254 100 att
659 222 471 100 Andersson
1021 222 508 100 påföljande
1420 222 254 100 dag
1565 222 218 100 på
1674 222 399 100 aftonen
1964 222 290 100 åter
2109 222 363 100 infunnit

510 338 238 90 sig
646 338 170 90 i
714 338 441 90 Lindbergs
1053 338 339 90 butik,
1290 338 509 90 medhafvande
1698 338 204 90 en
1799 338 339 90 större
2037 338 305 90 säck,
2207 338 238 90 inne¬-

522 432 411 108 hållande
830 432 377 108 smutsig
1104 432 377 108 fårull,
1378 432 240 108 som
1515 432 274 108 vägt
1686 432 206 108 18
1789 432 171 108 ℔
1858 432 240 108 och
1995 432 411 108 Lindberg
2269 432 206 108 köpt

544 543 221 95 för
671 543 158 95 2
734 543 316 95 kronor
956 543 190 95 75
1050 543 253 95 öre;
1209 543 221 95 att
1335 543 474 95 Zetterqvist
1715 543 221 95 och
1841 543 411 95 Apelqvist
2126 543 316 95 Fredagen

521 633 259 113 den
669 633 222 113 27
780 633 333 113 sist.
1002 633 444 113 Februari
1335 633 222 113 på
1446 633 296 113 e.m.
1630 633 296 113 åter
1815 633 444 113 infunnit
2148 633 259 113 sig
2259 633 185 113 hos

528 724 430 136 Lindberg
850 724 251 136 med
994 724 215 136 en
1101 724 286 136 säck
1280 724 394 136 fårull,
1567 724 394 136 hvilken
1853 724 573 136 Zetterqvist,
2283 724 143 136 på

551 846 483 130 Lindbergs
923 846 335 130 fråga
1146 846 223 130 om
1257 846 260 130 han
1406 846 372 130 stulit
1666 846 483 130 densamma,
2038 846 297 130 sagt
2186 846 186 130 sig

545 954 300 132 hafva
745 954 367 132 plockat
1011 954 233 132 vid
1144 954 400 132 kajerna;
1444 954 233 132 att
1578 954 233 132 han
1711 954 200 132 då
1811 954 267 132 köpt
1978 954 333 132 ullen,
2211 954 300 132 hvil¬

533 1064 242 138 ken
672 1064 277 138 vägt
845 1064 208 138 18
949 1064 208 138 ℔,
1053 1064 242 138 för
1191 1064 173 138 9
1260 1064 242 138 Kr;
1399 1064 242 138 att
1537 1064 519 138 Zetterqvist
1953 1064 242 138 och
2091 1064 450 138 Apelqvist

513 1176 444 140 Onsdagen
846 1176 259 140 den
994 1176 185 140 3
1068 1176 370 140 dennes
1327 1176 222 140 på
1438 1176 407 140 aftonen
1735 1176 370 140 frågat
1994 1176 444 140 Lindberg
2290 1176 148 140 om

535 1272 231 156 han
667 1272 296 156 ville
864 1272 263 156 köpa
1029 1272 263 156 ost,
1194 1272 231 156 som
1325 1272 198 156 de
1424 1272 263 156 fått
1589 1272 362 156 uppdrag
1852 1272 231 156 att
1984 1272 428 156 försälja,
2280 1272 198 156 samt

536 1373 254 162 att
681 1373 218 162 då
790 1373 254 162 hon
935 1373 436 162 samtyckt
1262 1373 436 162 härtill,
1589 1373 218 162 de
1698 1373 327 162 burit
1916 1373 291 162 till
2097 1373 327 162 henne
2279 1373 145 162 39

521 1499 186 134 ℔
595 1499 298 134 ost,
782 1499 261 134 som
931 1499 261 134 hon
1080 1499 298 134 köpt
1266 1499 261 134 för
1415 1499 261 134 Nio
1527 1499 335 134 Kronor.

632 1574 914 156 Detektivkonstaplarne
1432 1574 229 156 V.
1546 1574 343 156 Bruun
1775 1574 267 156 och
1927 1574 229 156 C.
2003 1574 419 156 Hellström

504 1696 320 140 hafva
718 1696 427 140 upplyst,
1038 1696 249 140 att
1180 1696 213 140 då
1286 1696 213 140 de
1393 1696 427 140 Fredagen
1713 1696 249 140 den
1855 1696 178 140 5
1926 1696 355 140 dennes
2140 1696 284 140 infun¬-

497 1806 230 146 nit
628 1806 230 146 sig
760 1806 164 146 i
825 1806 328 146 hustru
1055 1806 427 146 Lindbergs
1384 1806 328 146 bostad
1613 1806 230 146 för
1745 1806 230 146 att
1876 1806 427 146 efterhöra
2204 1806 197 146 om
2270 1806 164 146 hon

527 1918 267 150 köpt
694 1918 301 150 någon
894 1918 267 150 ull,
1061 1918 234 150 hon
1194 1918 200 150 då
1295 1918 434 150 framtagit
1629 1918 167 150 4
1695 1918 200 150 ℔,
1796 1918 301 150 under
1996 1918 401 150 uppgift,
2263 1918 167 150 att

515 2041 247 128 hon
656 2041 212 128 ej
762 2041 283 128 köpt
939 2041 283 128 mer;
1115 2041 247 128 att
1256 2041 212 128 då
1362 2041 212 128 de
1468 2041 212 128 en
1574 2041 318 128 stund
1786 2041 424 128 derefter
2104 2041 283 128 åter
2245 2041 177 128 in¬-

506 2139 336 142 funnit
742 2139 235 142 sig
876 2139 168 142 i
943 2139 437 142 Lindbergs
1279 2139 370 142 bostad,
1548 2139 302 142 efter
1750 2139 437 142 anvisning
2086 2139 202 142 af
2153 2139 269 142 häkta¬-

515 2248 213 132 de
621 2248 567 132 Zetterqvist,
1082 2248 248 132 som
1224 2248 461 132 angifvit,
1578 2248 248 132 att
1720 2248 248 132 han
1862 2248 319 132 äfven
2075 2248 284 132 sålt
2217 2248 177 132 ost

504 2342 269 144 till
673 2342 437 144 Lindberg,
1009 2342 236 144 hon
1144 2342 168 144 i
1211 2342 336 144 början
1446 2342 303 144 nekat
1648 2342 404 144 härtill,
1951 2342 236 144 men
2052 2342 370 144 sedermera

505 2446 381 150 erkänt,
783 2446 243 150 att
921 2446 243 150 hon
1060 2446 277 150 köpt
1233 2446 277 150 ost;
1406 2446 277 150 samt
1580 2446 243 150 att
1718 2446 208 150 då
1822 2446 312 150 osten
1995 2446 347 150 framtogs

492 2554 270 144 från
661 2554 270 144 sitt
830 2554 710 144 förvaringsställe,
1438 2554 203 144 de
1540 2554 237 144 der
1675 2554 439 144 påträffat
1979 2554 439 144 ytterligare

486 2656 249 144 två
629 2656 392 144 säckar,
914 2656 570 144 innehållande
1377 2656 214 144 41
1484 2656 178 144 ℔
1555 2656 285 144 ull,
1733 2656 249 144 som
1876 2656 427 144 Lindberg
2161 2656 249 144 slut¬-

502 2768 310 140 ligen
708 2768 483 140 medgifvit,
1088 2768 241 140 att
1225 2768 241 140 hon
1363 2768 276 140 köpt
1536 2768 207 140 af
1639 2768 552 140 Zetterqvist,
2053 2768 379 140 Apelqvist

498 2924 264 84 och
611 2924 453 84 Andersson.

603 2984 245 110 Den
743 2984 175 110 6
813 2984 210 110 ds
918 2984 210 110 på
1023 2984 315 110 afton
1234 2984 245 110 har
1374 2984 245 110 ett
1514 2984 385 110 obekant
1794 2984 491 110 fruntimmer
2180 2984 175 110 å
2215 2984 245 110 pant¬-

507 3076 556 132 lånekontoret
959 3076 174 132 i
1028 3076 382 132 Landala
1306 3076 417 132 inkastat
1619 3076 174 132 3
1688 3076 243 132 1/2
1827 3076 174 132 ℔
1897 3076 347 132 fårull
2140 3076 243 132 och
2244 3076 174 132 af¬-

508 3194 397 119 lägsnat
797 3194 253 119 sig
941 3194 433 119 derifrån
1266 3194 325 119 innan
1482 3194 253 119 hon
1627 3194 325 119 kunde
1807 3194 397 119 ertappas.

556 3294 379 109 Samtlige
840 3294 189 109 de
935 3294 347 109 partier
1187 3294 347 109 fårull,
1440 3294 221 109 som
1566 3294 189 109 af
1661 3294 189 109 de
1755 3294 284 109 olika
1945 3294 442 109 personerna
2260 3294 158 109 in¬-

493 3405 330 102 köpts,
724 3405 297 102 hafva
922 3405 231 102 hit
1054 3405 528 102 återlemnats,
1484 3405 363 102 likasom
1748 3405 231 102 den
1880 3405 264 102 ost,
2045 3405 231 102 som
2144 3405 264 102 hustru

494 3517 456 76 Lindberg
798 3517 266 76 köpt.

576 3556 179 126 På
666 3556 268 126 grund
844 3556 268 126 häraf
1023 3556 268 126 komma
1201 3556 268 126 Frans
1380 3556 328 126 Theodor
1618 3556 476 126 Zetterqvist,
2005 3556 238 126 Carl
2124 3556 328 126 Apelqvist

517 3659 178 103 och
618 3659 229 103 Börje
771 3659 356 103 Andersson;
1050 3659 254 103 hvilka
1228 3659 279 103 blifvit
1431 3659 203 103 till
1558 3659 432 103 cellfängelset
1913 3659 432 103 införpassade,
2269 3659 178 103 att

507 3739 276 99 denna
691 3739 215 99 dag
814 3739 215 99 för
937 3739 215 99 PKn
1059 3739 429 99 inställas,
1396 3739 184 99 då
1488 3739 337 99 hustrun
1734 3739 399 99 Albertina
2040 3739 368 99 Lindberg
2285 3739 123 99 är

495 3838 313 83 kallad
714 3838 219 83 att
839 3838 313 83 jemväl
1058 3838 219 83 sig
1183 3838 375 83 infinna.
1465 3838 375 83 Göteborg
1746 3838 219 83 den
1871 3838 156 83 9
1934 3838 250 83 Mars
2059 3838 219 83 1880.

4607 288 272 70 No
4697 288 227 70 55.

4598 407 190 69 Carl
4717 407 190 69 Otto
4812 407 214 69 Anders¬-

4616 499 142 64 son
4697 499 142 64 och
4778 499 162 64 Carl
4859 499 183 64 Larsson

4586 584 174 60 Nätt.

2741 247 431 103 Ynglingen
3073 247 265 103 Axel
3239 247 332 103 Ludvig
3471 247 365 103 Theodor
3736 247 431 103 Sundvall,
4068 247 332 103 boende
4301 247 166 103 i
4334 247 232 103 huset

2711 359 195 119 No
2809 359 228 119 112
2939 359 261 119 Litt
3102 359 163 119 A
3167 359 163 119 å
3233 359 423 119 Hagaheden
3558 359 228 119 har
3689 359 391 119 Onsdagen
3982 359 228 119 den
4112 359 163 119 3
4177 359 163 119 i
4242 359 293 119 denna
4405 359 163 119 må¬-

2696 453 241 145 nad
2833 453 378 145 anmält,
3108 453 241 145 att
3246 453 206 145 då
3349 453 241 145 han
3486 453 309 145 sagde
3692 453 241 145 dag
3830 453 206 145 på
3933 453 275 145 e.m.
4105 453 309 145 jemte
4277 453 309 145 ynglin-

2715 567 278 141 garne
2901 567 309 141 Anders
3117 567 278 141 Peter
3302 567 402 141 Carlsson,
3612 567 309 141 boende
3828 567 155 141 i
3890 567 278 141 huset
4075 567 185 141 No
4168 567 185 141 98
4261 567 247 141 Litt
4415 567 185 141 A.
4477 567 93 141 å

2714 669 414 157 Hagaheden
3033 669 223 157 och
3160 669 255 157 Carl
3320 669 319 157 Birger
3543 669 446 157 Petersson,
3893 669 319 157 boende
4116 669 159 157 i
4180 669 287 157 huset
4371 669 191 157 No
4435 669 159 157 105

2706 769 273 175 litt.
2888 769 182 175 F.
2979 769 152 175 i
3040 769 425 175 Brandtdala
3374 769 425 175 uppehållit
3708 769 213 175 sig
3830 769 152 175 i
3890 769 182 175 en
3982 769 304 175 vedbod
4194 769 243 175 till
4316 769 334 175 Carlssons

2705 886 364 160 bostad,
2969 886 231 160 två
3102 886 397 160 obekanta
3399 886 562 160 manspersoner,
3862 886 331 160 hvilka
4093 886 364 160 medfört
4358 886 198 160 en
4424 886 198 160 omå¬-

2720 979 221 185 lad
2847 979 379 185 koffert,
3131 979 253 185 gått
3289 979 221 185 der
3415 979 316 185 förbi;
3637 979 221 185 att
3763 979 190 185 de
3858 979 190 185 på
3953 979 284 185 grund
4142 979 190 185 af
4237 979 221 185 ett
4332 979 284 185 emellan

2730 1107 237 161 dem
2866 1107 305 161 fördt
3069 1107 339 161 samtal
3306 1107 474 161 misstänkt,
3678 1107 237 161 att
3813 1107 203 161 de
3915 1107 203 161 på
4017 1107 372 161 oärligt
4287 1107 271 161 sätt
4423 1107 169 161 åt¬-

2707 1205 331 191 kommit
2939 1205 463 191 kofferten,
3302 1205 364 191 hvarför
3567 1205 199 191 de
3666 1205 265 191 alla
3832 1205 232 191 tre
3964 1205 298 191 följt
4163 1205 298 191 efter
4361 1205 232 191 dem
4461 1205 165 191 och

2717 1309 335 201 dervid
2951 1309 468 201 iakttagit,
3319 1309 234 201 att
3453 1309 368 201 bemälde
3720 1309 401 201 personer
4021 1309 335 201 ingått
4255 1309 167 201 i
4322 1309 234 201 ett
4423 1309 167 201 hus

2737 1419 155 207 å
2799 1419 404 207 Hagaheden
3110 1419 218 207 och
3234 1419 311 207 begärt
3452 1419 218 207 att
3576 1419 187 207 få
3669 1419 218 207 der
3794 1419 342 207 insätta
4042 1419 435 207 kofferten;
4384 1419 218 207 att
4478 1419 124 207 då

2742 1537 304 191 detta
2945 1537 439 191 förnekats
3282 1537 270 191 dem,
3451 1537 202 191 de
3552 1537 405 191 begifvit
3856 1537 236 191 sig
3991 1537 270 191 till
4159 1537 202 191 en
4261 1537 236 191 äng
4362 1537 236 191 bakom

2720 1637 505 205 Lorentzberg,
3131 1637 221 205 der
3257 1637 189 205 de
3351 1637 505 205 sönderbrutit
3762 1637 410 205 hänglåset
4077 1637 252 205 till
4203 1637 379 205 kofferten,

2717 1757 228 189 som
2848 1757 195 189 de
2945 1757 391 189 derefter
3238 1757 293 189 burit
3434 1757 260 189 till
3596 1757 358 189 Underås
3857 1757 260 189 bro,
4020 1757 358 189 hvarest
4280 1757 195 189 de
4378 1757 195 189 ur
4443 1757 195 189 kof¬-

2729 1871 352 189 ferten
2975 1871 317 189 tagit
3187 1871 211 189 en
3293 1871 247 189 del
3434 1871 775 189 fruntimmerskläder,
4103 1871 247 189 men
4244 1871 317 189 låtit
4421 1871 211 189 kof¬-

2742 1977 336 201 ferten
2978 1977 404 201 qvarstå;
3281 1977 235 201 att
3415 1977 202 201 de
3516 1977 370 201 derifrå
3785 1977 269 201 gått
3953 1977 269 201 till
4121 1977 471 201 Stampgatan
4458 1977 168 201 der

2733 2069 208 231 en
2837 2069 208 231 af
2941 2069 243 231 dem
3080 2069 347 231 ingått
3323 2069 173 231 i
3392 2069 694 231 Pantlånekontoret
3982 2069 173 231 i
4051 2069 312 231 huset
4259 2069 208 231 No
4363 2069 208 231 29
4433 2069 173 231 och

2732 2179 302 221 efter
2934 2179 201 221 en
3034 2179 268 221 kort
3202 2179 302 221 stund
3403 2179 503 221 återkommit,
3805 2179 335 221 hvarpå
4040 2179 201 221 de
4141 2179 268 221 båda
4275 2179 335 221 begifvit

2727 2389 234 117 sig
2860 2389 200 117 in
2960 2389 267 117 till
3094 2389 300 117 staden.

2931 2395 177 183 I
3001 2395 461 183 anledning
3356 2395 319 183 häraf
3568 2395 248 183 har
3710 2395 780 183 detektivkonstapeln
4383 2395 213 183 C.
4454 2395 142 183 V.

2729 2499 520 211 Söderqvist
3137 2499 334 211 samma
3360 2499 260 211 dag
3509 2499 223 211 på
3620 2499 297 211 e.m.
3806 2499 446 211 anhållit
4103 2499 483 211 ifrågakomne

2732 2599 444 215 personer,
3073 2599 342 215 hvilka
3312 2599 444 215 befunnits
3654 2599 273 215 vara
3825 2599 239 215 för
3961 2599 307 215 andra
4166 2599 307 215 resan
4337 2599 239 215 stöld

2742 2705 436 221 straffade
3078 2705 201 221 fe
3178 2705 704 221 Kronoarbetskarlen
3782 2705 268 221 Carl
3949 2705 268 221 Otto
4117 2705 436 221 Andersson
4418 2705 168 221 och

2733 2825 243 219 för
2872 2825 347 219 tredje
3115 2825 312 219 resan
3323 2825 312 219 stöld
3531 2825 451 219 straffade
3878 2825 208 219 fe
3947 2825 659 219 Kronoarbetskarlen

2740 2946 288 206 Carl
2920 2946 396 206 Larsson
3208 2946 324 206 Nätt,
3423 2946 360 206 hvilka
3675 2946 252 206 vid
3819 2946 539 206 anhållandet
4214 2946 396 206 innehade:

2724 3046 214 218 1o
2831 3046 499 218 Andersson:
3223 3046 178 218 6
3295 3046 250 218 st.
3437 3046 321 218 hvita
3651 3046 464 218 näsdukar,
4008 3046 321 218 deraf
4222 3046 250 218 fem
4329 3046 285 218 märkte

2719 3165 233 221 med
2852 3165 200 221 S.
2952 3165 200 221 A.
3052 3165 167 221 ,
3119 3165 200 221 en
3219 3165 233 221 röd
3352 3165 233 221 och
3486 3165 467 221 gulblommig
3852 3165 367 221 näsduk,
4119 3165 233 221 ett
4253 3165 233 221 par
4353 3165 233 221 hvita

2718 3280 540 206 ullstrumpor,
3157 3280 236 206 ett
3292 3280 236 206 par
3427 3280 304 206 hvita
3630 3280 675 206 bomullsstrumpor,
4203 3280 338 206 märkte
4440 3280 203 206 S.
4507 3280 135 206 A.

2731 3412 211 162 en
2836 3412 247 162 röd
2977 3412 247 162 och
3118 3412 458 162 hvitrutig
3471 3412 529 162 bomullsduk,
3894 3412 211 162 en
4000 3412 247 162 röd
4105 3412 529 162 sidenhalsduk,

2725 3546 209 132 en
2830 3546 314 132 svart
3039 3546 349 132 slips,
3283 3546 209 132 en
3388 3546 244 132 grå
3527 3546 488 132 yllevante,
3911 3546 244 132 två
4051 3546 454 132 sjalnålar
4365 3546 209 132 samt

2721 3670 214 102 Två
2844 3670 306 102 Kronor
3058 3670 183 102 28
3149 3670 214 102 öre
3241 3670 153 102 och

2724 3736 192 133 2o
2820 3736 288 133 Nätt:
3012 3736 192 133 en
3108 3736 288 133 svart
3301 3736 384 133 rödrutig
3589 3736 416 133 yllesjal,
3909 3736 192 133 en
4005 3736 288 133 svart
4166 3736 448 133 sidensjalett
