5050 4075
389 183 518 168 Dahlström
787 183 398 168 genast
1066 183 438 168 begifva
1385 183 279 168 sig
1544 183 319 168 från
1743 183 438 168 staden;
2062 183 279 168 att
2181 183 279 168 Dahl¬-

384 329 375 115 ström
635 329 292 115 som
801 329 417 115 låtsat
1093 329 292 115 sig
1260 329 417 115 blifva
1552 329 417 115 mycket
1844 329 500 115 förvånad
2177 329 209 115 och

400 415 486 146 uppretad
764 415 364 146 öfver
1007 415 567 146 Anderssons
1452 415 607 146 berättelse,
1897 415 526 146 emellertid,

368 542 382 112 sedan
622 542 382 112 denne
877 542 551 112 aflägsnat
1301 542 339 112 sig,
1513 542 339 112 allt
1725 542 297 112 mer
1895 542 297 112 och
2064 542 297 112 mer
2192 542 255 112 fat¬-

393 629 318 144 tats
592 629 239 144 af
711 629 278 144 oro
870 629 358 144 öfver
1109 629 477 144 brottets
1467 629 596 144 upptäckande
1944 629 278 144 och
2063 629 358 144 slutli¬-

406 693 289 144 gen
571 693 289 144 för
736 693 289 144 att
902 693 579 144 undandölja
1357 693 331 144 alla
1564 693 331 144 spår
1770 693 372 144 efter
1977 693 455 144 detsamma,

397 795 316 125 uti
577 795 316 125 den
758 795 226 125 i
848 795 361 125 hans
1074 795 541 125 verkstad
1480 795 632 125 befintlige
1931 795 451 125 kakelugn

376 904 602 125 uppbränt
827 904 401 125 dels
1078 904 451 125 redan
1378 904 451 125 samma
1679 904 351 125 dag
1880 904 351 125 det
2030 904 351 125 före¬-

408 981 464 124 nämnde
732 981 371 124 till
964 981 556 124 Stenberg
1381 981 510 124 inköpta
1706 981 695 124 klädesstycket

383 1080 378 159 samt
619 1080 283 159 de
760 1080 378 159 fyra
997 1080 472 159 sedlar
1327 1080 567 159 hvardera
1752 1080 236 159 å
1846 1080 331 159 100
1988 1080 425 159 Kronor,

382 1194 311 132 som
559 1194 311 132 han
737 1194 577 132 tillsandt
1181 1194 311 132 sin
1358 1194 444 132 hustru
1669 1194 311 132 och
1802 1194 355 132 hvilka

2066 1194 174 56 alla

2101 1210 309 109 varit

395 1284 264 179 af
527 1284 617 179 Gefleborgs
1012 1284 353 179 Läns
1232 1284 397 179 Ensk.
1497 1284 397 179 Banks
1761 1284 441 179 nyaste
2025 1284 353 179 sedlar

399 1379 321 159 och
582 1379 367 159 dels
812 1379 412 159 sedan
1086 1379 412 159 askan
1361 1379 641 159 bortförts,
1865 1379 550 159 antingen
2232 1379 183 159 på

384 1477 536 175 Måndags
774 1477 439 175 afton
1067 1477 439 175 eller
1359 1477 536 175 Tisdags
1749 1477 634 175 förmiddag
2187 1477 244 175 ty¬-

437 1576 294 171 get
605 1576 336 171 till
815 1576 294 171 det
983 1576 210 171 i
1067 1576 420 171 Upsala
1361 1576 378 171 köpta
1613 1576 588 171 paraplyet;
2075 1576 294 171 att
2201 1576 210 171 or¬-

394 1690 360 138 saken
634 1690 480 138 dertill,
995 1690 280 138 att
1155 1690 280 138 han
1315 1690 480 138 uppbränt
1675 1690 480 138 sedlarne
2036 1690 280 138 och
2156 1690 240 138 icke

398 1785 574 155 undangömt
839 1785 486 155 desamme
1193 1785 397 155 varit
1458 1785 353 155 den,
1678 1785 309 155 att
1855 1785 309 155 han
2031 1785 309 155 som
2164 1785 309 155 fruk¬-

374 1876 327 133 tat
561 1876 327 133 det
748 1876 467 133 Banken
1075 1876 421 133 kunde
1356 1876 421 133 känna
1636 1876 467 133 numren
1964 1876 234 133 å
2057 1876 280 133 de
2151 1876 280 133 sed¬-

390 2006 375 154 lar,
625 2006 328 154 som
812 2006 328 154 för
1000 2006 281 154 de
1141 2006 469 154 falska
1469 2006 563 154 vexlarne
1844 2006 563 154 utlemnats;

390 2121 205 110 i
472 2121 328 110 allt
677 2121 328 110 fall
882 2121 328 110 icke
1087 2121 492 110 någonsin
1455 2121 410 110 skulle
1742 2121 369 110 hafva
1988 2121 369 110 vågat
2193 2121 246 110 vex¬-

392 2178 276 156 la
530 2178 553 156 sedlarne
944 2178 368 156 samt
1175 2178 322 156 att
1359 2178 599 156 Dahlström
1819 2178 322 156 väl
2004 2178 322 156 för
2142 2178 322 156 Hans¬-

376 2280 340 167 son
571 2280 583 167 berättat
1008 2280 389 167 hvad
1251 2280 437 167 denne
1543 2280 632 167 uppgifvit
1980 2280 486 167 angående

394 2376 341 167 den
589 2376 438 167 sedel
881 2376 243 167 å
978 2376 389 167 1000
1222 2376 341 167 Kr,
1416 2376 341 167 som
1611 2376 633 167 Stenbergs
2049 2376 389 167 hustru

385 2477 432 155 skulle
687 2477 389 155 hafva
947 2477 432 155 hittat
1249 2477 302 155 och
1422 2477 432 155 hvaraf
1724 2477 562 155 Dahlström
2113 2477 346 155 skulle

385 2592 451 162 hafva
685 2592 601 162 behållit
1136 2592 351 162 500
1336 2592 351 162 Kr,
1537 2592 351 162 men
1737 2592 351 162 att
1937 2592 401 162 hela
2138 2592 300 162 den¬-

385 2685 300 136 na
535 2685 701 136 berättelse
1086 2685 501 136 endast
1436 2685 451 136 varit
1736 2685 300 136 en
1837 2685 350 136 dikt.

449 2783 559 174 Angående
869 2783 373 174 sine
1102 2783 1165 174 lefnadsomständigheter
2080 2783 326 174 hörde

397 2870 581 161 förmälte
833 2870 630 161 Dahlström
1317 2870 339 161 och
1462 2870 533 161 Stenberg:

400 2976 665 163 Dahlström:
922 2976 333 163 att
1112 2976 333 163 han
1302 2976 380 163 vore
1540 2976 380 163 född
1777 2976 333 163 den
1967 2976 285 163 26
2062 2976 285 163 juli

388 3073 413 141 1855
647 3073 310 141 på
802 3073 620 141 hemmanet
1266 3073 620 141 Eldstorp
1731 3073 671 141 Nolgården
2196 3073 155 141 i

382 3166 504 169 Aklinga
749 3166 458 169 socken
1069 3166 275 169 af
1206 3166 641 169 Skaraborgs
1710 3166 321 169 län
1893 3166 321 169 och
2076 3166 321 169 son
2214 3166 183 169 af

396 3263 585 166 torparen
835 3263 390 166 Carl
1079 3263 439 166 Johan
1371 3263 634 166 Johansson
1859 3263 390 166 samt
2054 3263 390 166 dennes

377 3356 469 184 hustru
705 3356 422 184 Maria
986 3356 609 184 Christina
1455 3356 609 184 Smedberg,
1923 3356 281 184 af
2017 3356 375 184 hvilka

397 3466 468 168 fadern
725 3466 562 168 aflidit,
1147 3466 281 168 då
1287 3466 609 168 Dahlström
1755 3466 422 168 varit
1990 3466 422 168 omkring

375 3573 293 136 11
522 3573 293 136 år
668 3573 538 136 gammal,
1059 3573 342 136 men
1255 3573 489 136 modern
1597 3573 391 136 annu
1841 3573 489 136 lefde;
2135 3573 244 136 att

373 3667 625 165 Dahlström
854 3667 385 165 kort
1094 3667 433 165 efter
1383 3667 529 165 faderns
1768 3667 337 165 död
1960 3667 385 165 fått
2153 3667 240 165 an¬

2635 239 605 164 ställning
3101 239 419 164 såsom
3380 239 698 164 springgosse
3938 239 326 164 hos
4125 239 279 164 en
4218 239 465 164 skrädda¬-

2618 385 301 150 re
2768 385 251 150 i
2869 385 401 150 Dala
3119 385 552 150 socken,
3520 385 351 150 hos
3721 385 552 150 hvilken
4122 385 351 150 han
4273 385 451 150 arbetat

2634 481 288 157 ti
2778 481 240 157 2
2874 481 336 157 år,
3066 481 624 157 hvarefter
3546 481 336 157 han
3739 481 624 157 återvändt
4219 481 384 157 till
4411 481 240 157 Ak¬-

2627 593 465 124 linga
2937 593 568 124 socken,
3350 593 361 124 der
3557 593 361 124 han
3763 593 516 124 jemväl
4125 593 465 124 varit
4383 593 258 124 an¬-

2611 691 491 157 ställd
2955 691 246 157 i
3053 691 835 157 skrädderilära
3741 691 344 157 och
3937 691 344 157 der
4134 691 344 157 han
4281 691 344 157 qvar¬-

2625 816 524 129 stadnat
3006 816 381 129 till
3244 816 381 129 dess
3482 816 333 129 han
3673 816 333 129 vid
3863 816 524 129 omkring
4244 816 286 129 15
4339 816 238 129 års

2628 903 428 176 ålder
2914 903 523 176 blifvit
3294 903 761 176 konfirmerad;
3912 903 333 176 att
4102 903 333 176 han
4245 903 475 176 derefter

2642 1009 556 138 flyttat
3047 1009 404 138 till
3299 1009 707 138 skräddaren
3855 1009 606 138 Fridholm
4309 1009 253 138 i
4360 1009 303 138 Jön¬-

2644 1105 535 150 köping,
3033 1105 340 150 hos
3228 1105 535 150 hvilken
3617 1105 340 150 han
3812 1105 535 150 arbetat
4201 1105 389 150 till
4395 1105 292 150 dess

2646 1226 316 115 han
2827 1226 316 115 vid
3007 1226 271 115 17
3143 1226 316 115 års
3323 1226 407 115 ålder
3594 1226 497 115 blifvit
3956 1226 452 115 gesäll
4272 1226 226 115 i
4317 1226 271 115 sitt

2646 1310 431 161 yrke,
2933 1310 622 161 hvarefter
3412 1310 335 161 han
3603 1310 383 161 fått
3842 1310 431 161 plats
4130 1310 239 161 i
4177 1310 431 161 Säfsjö,

2657 1446 312 131 der
2836 1446 312 131 han
3014 1446 401 131 varit
3281 1446 445 131 bosatt
3592 1446 356 131 till
3815 1446 267 131 år
3948 1446 356 131 1875
4171 1446 401 131 efter
4393 1446 223 131 att

2671 1545 438 123 under
2963 1545 438 123 sista
3255 1545 438 123 tiden
3547 1545 438 123 idkat
3790 1545 778 123 skrädderiyrket

2628 1634 372 138 för
2840 1634 425 138 egen
3106 1634 637 138 räkning;
3583 1634 372 138 att
3796 1634 372 138 han
3955 1634 637 138 sistnämnde

2665 1698 284 161 år
2807 1698 521 161 flyttat
3186 1698 379 161 till
3422 1698 663 161 Falköping,
3944 1698 332 161 der
4133 1698 332 161 han
4275 1698 379 161 seder¬-

2613 1801 391 148 mera
2857 1801 439 148 varit
3150 1801 488 148 bosatt
3492 1801 391 148 till
3736 1801 293 148 år
3883 1801 391 148 1878
4127 1801 293 148 på
4224 1801 391 148 våren,

2633 1896 305 162 då
2786 1896 355 162 han
2989 1896 558 162 flyttat
3395 1896 406 162 till
3649 1896 660 162 Ekedalen,
4106 1896 558 162 samtidigt

2622 1990 596 122 hvarmed
3056 1990 380 122 han
3272 1990 488 122 trädt
3598 1990 271 122 i
3706 1990 488 122 gifte
4031 1990 380 122 med
4248 1990 380 122 sin
4411 1990 271 122 hu¬-

2635 2085 368 166 stu
2846 2085 525 166 Amelie
3213 2085 578 166 Serafia
3634 2085 578 166 Elfrida
4001 2085 578 166 Stenberg,

2652 2220 252 124 i
2752 2220 656 124 äktenskap
3257 2220 353 124 med
3459 2220 555 124 hvilken
3862 2220 353 124 han
4064 2220 403 124 hade
4316 2220 303 124 en
4417 2220 252 124 om¬-

2643 2308 425 146 kring
2926 2308 331 146 ett
3115 2308 331 146 års
3304 2308 472 146 gammal
3635 2308 520 146 dotter;
4013 2308 331 146 att
4201 2308 331 146 han
4390 2308 283 146 på
4485 2308 236 146 vå¬-

2631 2412 326 133 ren
2818 2412 373 133 1879
3051 2412 466 133 bosatt
3377 2412 326 133 sig
3564 2412 233 133 i
3657 2412 653 133 Uddevalla,
4170 2412 326 133 vid
4310 2412 326 133 hvars

2627 2539 998 126 Stadsförsamling
3468 2539 368 126 han
3678 2539 420 126 vore
3888 2539 788 126 kyrkoskrifven

2609 2583 408 170 samt
2864 2583 357 170 att
3068 2583 357 170 han
3272 2583 357 170 som
3476 2583 459 170 kunde
3783 2583 408 170 läsa
4038 2583 357 170 och
4191 2583 459 170 skrifva

2621 2717 343 150 icke
2836 2717 601 150 tillförene
3308 2717 386 150 varit
3566 2717 301 150 får
3737 2717 386 150 brott
3995 2717 601 150 tilltalad;
4424 2717 215 150 och

2633 2801 655 145 Stenberg;
3137 2801 353 145 att
3338 2801 353 145 han
3540 2801 403 145 vore
3792 2801 403 145 född
4044 2801 353 145 den
4246 2801 252 145 9
4296 2801 303 145 Nov.

2618 2923 361 148 1821
2844 2923 226 148 i
2934 2923 497 148 Svartrå
3295 2923 452 148 socken
3611 2923 226 148 i
3702 2923 497 148 Halland
4063 2923 316 148 och
4244 2923 316 148 son
4379 2923 226 148 af¬-

2627 3019 948 138 Kopparslagaren
3417 3019 421 138 Carl
3681 3019 632 138 Stenberg
4154 3019 421 138 samt
4365 3019 316 138 den¬-

2626 3094 361 171 nes
2833 3094 515 171 hustru
3193 3094 412 171 Sara
3451 3094 670 171 Christina
3966 3094 618 171 Stenberg
4379 3094 309 171 född

3217 3209 450 132 hvilka
3532 3209 315 132 för
3712 3209 405 132 många
3982 3209 270 132 år
4117 3209 405 132 sedan
4342 3209 315 132 afli¬-

2601 3288 407 157 dit;
2855 3288 356 157 att
3059 3288 356 157 han
3262 3288 356 157 som
3466 3288 559 157 vistats
3872 3288 254 157 i
3923 3288 712 157 föräldrahem¬-

2607 3405 351 134 mit
2808 3405 402 134 till
3059 3405 402 134 dess
3310 3405 351 134 han
3510 3405 552 134 uppnått
3912 3405 301 134 18
4063 3405 351 134 års
4213 3405 402 134 ålder;

2628 3476 281 171 då
2769 3476 468 171 första
3096 3476 468 171 gången
3424 3476 655 171 tilltalats
3891 3476 281 171 för¬-

4153 3471 175 79 brott

4125 3504 464 122 och
4324 3504 265 122 af

2602 3577 516 183 Fanrås
2964 3577 722 183 Häradsrätt
3531 3577 310 183 då
3686 3577 516 183 jemväl
4047 3577 464 183 dömts
4305 3577 310 183 för¬
