5069 4081
524 241 335 96 anmälda
767 241 396 96 tillgrepp
1072 241 183 96 af
1163 241 183 96 14
1255 241 213 96 st.
1376 241 579 96 messingsstänger
1864 241 213 96 och
1986 241 244 96 sålt
2138 241 213 96 dem
2229 241 183 96 till

521 347 468 110 Gelbgjutaren
901 347 351 110 Carlsson
1164 347 205 110 för
1281 347 176 110 25
1369 347 205 110 öre
1486 347 176 110 ℔;
1574 347 205 110 att
1691 347 351 110 Jonsson,
1954 347 322 110 Majgren
2188 347 205 110 och
2276 347 146 110 of¬-

516 476 437 113 vannämnde
853 476 404 113 Liljedal
1156 476 202 113 en
1257 476 236 113 dag
1391 476 168 113 i
1458 476 336 113 början
1694 476 202 113 af
1795 476 303 113 denna
1997 476 303 113 månad
2165 476 269 113 öfver¬-

537 602 432 106 enskommit
869 602 233 106 att
1002 602 366 106 föröfva
1268 602 432 106 tillgrepp
1601 602 233 106 och
1734 602 233 106 för
1867 602 333 106 sådant
2067 602 299 106 ändamål

521 708 262 116 gått
685 708 262 116 till
848 708 294 116 huset
1045 708 196 116 No
1143 708 196 116 41
1241 708 229 116 vid
1372 708 294 116 Södra
1568 708 458 116 Hamngatan,
1928 708 360 116 hvarest
2157 708 229 116 Jons¬-

510 814 223 134 son
637 814 382 134 tillsagt
924 814 350 134 Majgren
1178 814 223 134 att
1305 814 191 134 gå
1400 814 223 134 upp
1528 814 254 134 till
1687 814 318 134 vinden
1909 814 159 134 i
1973 814 223 134 4de
2068 814 318 134 våningen

519 943 220 118 för
644 943 220 118 att
770 943 188 118 se
864 943 188 118 om
958 943 220 118 ett
1083 943 345 118 fönster
1334 943 251 118 till
1491 943 188 118 en
1586 943 377 118 garderob
1868 943 345 118 närmast
2088 943 282 118 trappan

503 1055 278 118 stått
688 1055 308 118 öppet,
904 1055 278 118 under
1089 1055 216 118 det
1212 1055 339 118 Jonsson
1459 1055 216 118 och
1582 1055 370 118 Liljedal
1860 1055 339 118 väntade
2076 1055 308 118 utanföre

517 1178 198 132 på
616 1178 330 132 gatan;
847 1178 231 132 att
979 1178 198 132 då
1078 1178 363 132 Majgren
1342 1178 297 132 efter
1541 1178 198 132 en
1640 1178 297 132 stund
1838 1178 462 132 återkommit
2201 1178 231 132 och

529 1290 429 124 uppgifvit,
866 1290 214 124 att
989 1290 214 124 han
1111 1290 245 124 icke
1265 1290 306 124 hittat
1479 1290 276 124 rätt,
1663 1290 184 124 de
1755 1290 398 124 aflägsnat
2061 1290 214 124 sig
2153 1290 153 124 och

521 1394 330 139 skilts
752 1394 231 139 åt;
884 1394 231 139 att
1017 1394 363 139 Jonsson
1281 1394 297 139 ensam
1479 1394 231 139 den
1611 1394 165 139 2
1677 1394 330 139 dennes
1909 1394 165 139 å
1942 1394 396 139 sistnämnde

523 1508 307 137 ställe
738 1508 430 137 tillgripit
1076 1508 307 137 Anders
1291 1508 369 137 Ahlbergs
1567 1508 430 137 sjöstöflar
1905 1508 215 137 och
2028 1508 215 137 ett
2151 1508 215 137 par
2243 1508 123 137 af

525 1620 248 139 Axel
680 1620 372 139 Ahlbergs
959 1620 372 139 snörskor
1238 1620 186 139 på
1331 1620 217 139 det
1455 1620 279 139 sätt,
1641 1620 217 139 att
1765 1620 217 139 han
1889 1620 155 139 i
1951 1620 217 139 4de
2044 1620 310 139 våningen

511 1743 337 131 stuckit
756 1743 184 131 in
848 1743 214 131 ena
971 1743 276 131 armen
1155 1743 276 131 genom
1338 1743 214 131 ett
1461 1743 337 131 fönster
1706 1743 245 131 till
1859 1743 184 131 en
1951 1743 368 131 garderob
2196 1743 184 131 när¬-

510 1865 255 117 mast
669 1865 350 117 trappan
924 1865 223 117 och
1052 1865 446 117 tillgripit
1402 1865 414 117 skodonen,
1721 1865 319 117 hvilka
1944 1865 223 117 han
2071 1865 159 117 i
2103 1865 223 117 säll¬-

510 1980 275 137 skap
682 1980 241 137 med
819 1980 241 137 två
957 1980 413 137 obekanta
1266 1980 584 137 manspersoner,
1747 1980 206 137 af
1850 1980 344 137 hvilka
2091 1980 241 137 den
2194 1980 172 137 ena

511 2082 405 171 uppgifvit
822 2082 218 171 sig
947 2082 249 171 heta
1102 2082 374 171 Jonasson
1383 2082 218 171 och
1507 2082 218 171 den
1632 2082 280 171 andre
1818 2082 249 171 vara
1974 2082 342 171 målare,
2192 2082 218 171 pant¬-

504 2206 256 166 satt
664 2206 320 166 skorna
888 2206 224 166 hos
1015 2206 543 166 Pantlånerskan
1463 2206 192 166 J.
1559 2206 352 166 Jansson
1815 2206 160 166 i
1879 2206 288 166 huset
2070 2206 192 166 No
2166 2206 160 166 6
2198 2206 160 166 vid

500 2316 517 162 Eklundsgatan
920 2316 291 162 under
1114 2316 194 162 No
1211 2316 194 162 51
1308 2316 226 162 för
1437 2316 226 162 Två
1566 2316 323 162 Kronor
1792 2316 226 162 och
1922 2316 420 162 stöflarne
2212 2316 162 162 hos

492 2424 480 167 Pantlånaren
876 2424 192 167 N.
972 2424 384 167 Landgren
1260 2424 160 167 i
1324 2424 288 167 huset
1516 2424 192 167 No
1612 2424 192 167 53
1708 2424 224 167 vid
1836 2424 288 167 Andra
1996 2424 352 167 Långgatan

497 2552 295 147 under
694 2552 197 147 No
792 2552 262 147 9224
956 2552 230 147 för
1087 2552 164 147 4
1153 2552 361 147 Kronor;
1415 2552 230 147 att
1546 2552 230 147 han
1678 2552 295 147 dagen
1874 2552 295 147 derpå
2071 2552 197 147 på
2137 2552 230 147 samma

492 2670 298 155 ställe
701 2670 209 155 och
820 2670 179 155 på
910 2670 358 155 enahanda
1178 2670 239 155 sätt
1328 2670 418 155 tillgripit
1656 2670 448 155 ytterligare
2014 2670 209 155 ett
2133 2670 209 155 par
2223 2670 119 155 af

489 2790 265 150 Axel
654 2790 397 150 Ahlbergs
952 2790 397 150 snörskor
1250 2790 232 150 och
1382 2790 265 150 Axel
1547 2790 331 150 Anders
1779 2790 397 150 Ahlbergs
2043 2790 331 150 snörkän¬-

505 2906 262 150 gor;
669 2906 328 150 hvilka
899 2906 230 150 han
1030 2906 295 150 samma
1227 2906 230 150 dag
1358 2906 393 150 pantsatt
1653 2906 230 150 hos
1784 2906 492 150 Pantlånaren
2145 2906 230 150 Berg,

495 3022 197 153 de
594 3022 296 153 förre
791 3022 296 153 under
988 3022 197 153 No
1087 3022 263 153 7691
1252 3022 230 153 för
1383 3022 197 153 En
1482 3022 296 153 Krona
1679 3022 230 153 och
1811 3022 197 153 de
1910 3022 362 153 sednare
2140 3022 230 153 under

485 3148 186 151 No
578 3148 247 151 7693
733 3148 217 151 för
856 3148 217 151 Två
980 3148 340 151 Kronor;
1227 3148 217 151 att
1351 3148 217 151 han
1475 3148 371 151 Lördagen
1753 3148 217 151 den
1877 3148 186 151 10
1970 3148 186 151 ds
2063 3148 155 151 i
2093 3148 217 151 säll¬-

497 3262 245 153 skap
650 3262 214 153 med
773 3262 337 153 Majgren
1018 3262 214 153 och
1140 3262 398 153 ynglingen
1446 3262 275 153 Ernst
1630 3262 367 153 Frithiof
1905 3262 337 153 Olsson,
2120 3262 214 153 hvil¬-

475 3386 198 145 ka
574 3386 297 145 stått
772 3386 264 145 vakt
937 3386 363 145 utanför
1202 3386 198 145 på
1301 3386 330 145 gatan,
1532 3386 198 145 på
1631 3386 297 145 samma
1829 3386 330 145 ställe
2061 3386 231 145 och
2160 3386 198 145 ena-

472 3480 267 167 handa
651 3480 238 167 sätt
799 3480 416 167 tillgripit
1126 3480 208 167 det
1245 3480 297 167 tredje
1453 3480 267 167 paret
1631 3480 178 167 af
1720 3480 238 167 Axel
1868 3480 356 167 Ahlbergs
2106 3480 208 167 snör¬-

486 3606 257 155 skor
646 3606 225 155 och
775 3606 321 155 Anders
999 3606 385 155 Ahlbergs
1288 3606 353 155 pjexor,
1544 3606 321 155 hvilka
1769 3606 321 155 Olsson
1993 3606 225 155 för
2090 3606 225 155 deras

507 3750 380 115 räkning
784 3750 449 115 pantsatt,
1129 3750 414 115 pjexorna
1440 3750 242 115 hos
1578 3750 518 115 Pantlånaren
1992 3750 276 115 Berg
2130 3750 242 115 under

2718 254 207 125 No
2821 254 276 125 7937
2993 254 241 125 för
3131 254 207 125 En
3234 254 310 125 Krona
3441 254 241 125 och
3579 254 482 125 snörskorna
3958 254 310 125 under
4165 254 207 125 No
4268 254 241 125 536
4406 254 241 125 hos

2723 362 567 149 Pantlånerskan
3190 362 367 149 Jonsson
3457 362 234 149 för
3591 362 234 149 Två
3724 362 367 149 Kronor,
3991 362 200 149 af
4091 362 334 149 hvilka
4292 362 300 149 pennin¬-

2711 454 219 187 gar
2836 454 344 187 Majgren
3086 454 376 187 erhållit
3368 454 188 187 en
3462 454 188 187 En
3556 454 282 187 Krona
3744 454 219 187 och
3869 454 313 187 Olsson
4088 454 188 187 25
4182 454 250 187 öre,
4308 454 250 187 hvare¬-

2733 556 232 193 mot
2865 556 398 193 Jonsson,
3164 556 232 193 som
3297 556 332 193 lemnat
3529 556 564 193 pantsedlarene
3993 556 265 193 till
4159 556 398 193 Majgren,
4424 556 166 193 be¬-

2713 698 328 159 hållit
2943 698 229 159 det
3074 698 360 159 öfriga;
3336 698 229 159 att
3467 698 360 159 Jonsson
3729 698 229 159 och
3860 698 426 159 ynglingen
4188 698 262 159 Lars
4319 698 229 159 Johan

2730 808 257 149 Berg
2890 808 385 149 måndagen
3179 808 225 149 den
3307 808 160 149 5
3371 808 321 149 dennes
3596 808 192 149 på
3692 808 545 149 eftermiddagen
4141 808 385 149 föröfvat
4398 808 160 149 det

2732 936 181 147 af
2822 936 423 147 Handlanden
3155 936 333 147 Jönsson
3397 936 333 147 anmälde
3639 936 393 147 tillgrepp
3941 936 181 147 på
4032 936 212 147 det
4153 936 272 147 sätt,
4334 936 212 147 att
4425 936 181 147 Berg

2710 1052 284 171 öppnat
2909 1052 284 171 dörren
3108 1052 228 171 till
3250 1052 341 171 Jönssons
3506 1052 284 171 butik,
3705 1052 370 171 hvarefter
3989 1052 313 171 Jonsson
4217 1052 228 171 gått
4359 1052 171 171 in
4416 1052 142 171 och

2719 1172 410 175 tillgripit
3041 1172 146 175 5
3099 1172 205 175 st.
3217 1172 439 175 ylletröjor,
3568 1172 322 175 hvarmed
3802 1172 205 175 han
3919 1172 351 175 sprungit
4183 1172 234 175 bort
4329 1172 205 175 och
4417 1172 205 175 pant¬-

2742 1296 272 163 satt
2912 1296 204 163 en
3014 1296 306 163 tröja
3218 1296 238 163 hos
3353 1296 509 163 Pantlånaren
3761 1296 272 163 Berg
3931 1296 238 163 för
4067 1296 204 163 En
4168 1296 340 163 Krona;
4372 1296 170 163 två

2727 1400 364 175 stycken
2992 1400 232 175 hos
3124 1400 497 175 Pantlånaren
3522 1400 199 175 W.
3621 1400 298 175 Karth
3820 1400 166 175 i
3886 1400 298 175 huset
4085 1400 199 175 No
4184 1400 166 175 5
4251 1400 232 175 vid
4350 1400 232 175 Wall¬-

2732 1530 287 181 gatan
2924 1530 224 181 för
3051 1530 224 181 Två
3179 1530 319 181 Kronor
3403 1530 224 181 och
3530 1530 224 181 två
3658 1530 351 181 stycken
3914 1530 224 181 hos
4041 1530 479 181 Pantlånaren
4424 1530 192 181 P.
4488 1530 128 181 J.

2717 1650 305 192 Osberg
2931 1650 153 192 i
2992 1650 275 192 huset
3175 1650 183 192 No
3267 1650 153 192 3
3328 1650 214 192 vid
3450 1650 427 192 jerntorget
3785 1650 214 192 för
3907 1650 183 192 En
3999 1650 275 192 Krona
4182 1650 183 192 50
4273 1650 244 192 öre;
4395 1650 153 192 att

2725 1756 196 190 då
2823 1756 229 190 han
2954 1756 294 190 sedan
3150 1756 262 190 icke
3314 1756 360 190 träffat
3576 1756 294 190 Berg,
3772 1756 229 190 han
3903 1756 294 190 ensam
4099 1756 392 190 behållit
4360 1756 164 190 och

2726 1873 354 183 användt
2984 1873 515 183 penningarne,
3402 1873 258 183 samt
3563 1873 226 183 att
3692 1873 226 183 han
3821 1873 387 183 förstört
4079 1873 483 183 pantsedlarne,

2710 1996 249 177 med
2853 1996 427 177 undantag
3173 1996 214 177 af
3280 1996 214 177 de
3387 1996 285 177 utaf
3565 1996 534 177 Pantlånaren
3992 1996 285 177 Berg
4170 1996 392 177 utgifne
4419 1996 107 177 å

2730 2118 208 171 ett
2849 2118 208 171 par
2968 2118 445 171 snörpjexor,
3324 2118 208 171 ett
3442 2118 208 171 par
3561 2118 237 171 skor
3709 2118 208 171 och
3828 2118 178 171 en
3917 2118 415 171 ylletröja,
4214 2118 326 171 hvarjemte

2723 2234 215 167 han
2846 2234 245 167 till
2999 2234 522 167 Artilleristen
3429 2234 215 167 vid
3552 2234 215 167 8de
3674 2234 245 167 Batt
3828 2234 184 167 af
3920 2234 276 167 Kongl
4104 2234 245 167 Göta
4257 2234 215 167 Art
4349 2234 215 167 Regte

2719 2354 197 165 No
2818 2354 197 165 68
2916 2354 394 165 Carlberg
3211 2354 328 165 skänkt
3441 2354 230 165 den
3572 2354 197 165 af
3671 2354 492 165 Pantlånaren
4064 2354 197 165 P.
4163 2354 197 165 J.
4261 2354 328 165 Osberg
4458 2354 164 165 ut¬-

2713 2517 276 125 gifna
2897 2517 429 125 pantsedeln
3234 2517 153 125 å
3295 2517 214 125 2ne
3418 2517 459 125 ylletröjor;
3755 2517 153 125 och

2723 2590 184 166 2o
2815 2590 399 166 Ynglingen
3123 2590 276 166 Josef
3307 2590 307 166 Victor
3522 2590 338 166 Emanuel
3767 2590 369 166 Majgren,
4044 2590 246 166 född
4197 2590 215 166 den
4320 2590 154 166 9
4351 2590 215 166 Febr.

2721 2698 318 172 1862,
2933 2698 283 172 lika
3110 2698 248 172 med
3251 2698 389 172 Persson
3534 2698 177 172 i
3605 2698 283 172 hvad
3782 2698 248 172 det
3923 2698 318 172 honom
4100 2698 354 172 anginge.

2778 2806 413 170 Ynglingen
3096 2806 286 170 Ernst
3287 2806 350 170 Fritiof
3541 2806 350 170 Olsson,
3795 2806 222 170 som
3922 2806 191 170 är
4018 2806 254 170 född
4177 2806 222 170 den
4304 2806 191 170 17
4367 2806 191 170 Oktr

2720 2911 276 169 1865
2892 2911 241 169 och
3030 2911 345 169 boende
3271 2911 241 169 hos
3409 2911 241 169 sin
3547 2911 310 169 moder
3754 2911 379 169 hustrun
4030 2911 379 169 Paulina
4272 2911 310 169 Gibsson

2716 3039 169 148 i
2784 3039 303 148 huset
2986 3039 202 148 No
3087 3039 202 148 35
3188 3039 236 148 vid
3323 3039 640 148 Landsvägsgatan,
3862 3039 438 148 ynglingen
4199 3039 270 148 Lars
4334 3039 236 148 Johan

2715 3159 282 132 Berg,
2903 3159 345 132 hvilken
3154 3159 157 132 å
3217 3159 439 132 härvarande
3562 3159 502 132 cellfängelse
3970 3159 377 132 undergår
4221 3159 345 132 bestraff¬-

2722 3284 254 121 ning
2881 3284 222 121 för
3008 3284 349 121 fylleri
3262 3284 222 121 och
3388 3284 508 121 arbetskarlen
3801 3284 317 121 Gustaf
4023 3284 412 121 Liljedal,
4308 3284 254 121 boende

2709 3382 154 143 i
2771 3382 277 143 huset
2955 3382 185 143 No
3048 3382 185 143 19
3140 3382 215 143 vid
3263 3382 431 143 Torggatan,
3601 3382 277 143 hafva
3786 3382 338 143 blifvit
4032 3382 308 143 hörde,
4248 3382 338 143 hvarvid
4463 3382 123 143 de

2710 3494 443 139 uppgifvit
3051 3494 273 139 lika
3221 3494 239 139 med
3357 3494 375 139 Jonsson
3630 3494 170 139 i
3698 3494 273 139 hvad
3868 3494 239 139 det
4005 3494 239 139 dem
4141 3494 409 139 anginge,
4414 3494 170 139 med

2710 3612 354 123 tillägg
2967 3612 193 123 af
3063 3612 450 123 Liljedahl,
3417 3612 225 123 att
3545 3612 225 123 han
3674 3612 257 123 icke
3835 3612 289 123 varit
4028 3612 354 123 överens
4285 3612 225 123 med
4381 3612 225 123 Jons¬-

2698 3724 235 135 son
2833 3724 302 135 eller
3034 3724 370 135 Majgren
3303 3724 235 135 att
3437 3724 370 135 föröfva
3706 3724 302 135 något
3908 3724 470 135 tillgrepp,
4277 3724 235 135 men
4378 3724 168 135 väl
