5098 4043
498 160 515 193 linnekläder
910 160 343 193 enligt
1150 160 378 193 anmälan
1424 160 240 193 den
1562 160 206 193 10
1665 160 343 193 dennes
1905 160 206 193 af
2008 160 343 193 ogifta
2214 160 240 193 Augu¬-

496 293 228 181 sta
627 293 390 181 Jonsson,
919 293 325 181 boende
1147 293 163 181 i
1212 293 293 181 huset
1407 293 195 181 No
1505 293 163 181 1
1570 293 228 181 vid
1700 293 423 181 Skolgatan
2025 293 293 181 sagde
2220 293 228 181 dag
2317 293 163 181 vid

501 401 289 187 något
693 401 449 187 tillfälle,
1047 401 193 187 då
1143 401 225 187 hon
1271 401 193 187 ej
1368 401 417 187 innevarit
1689 401 161 187 i
1753 401 417 187 bostaden,
2074 401 353 187 blifvit
2299 401 161 187 der

477 529 372 183 inlagde
748 529 237 183 och
883 529 270 183 dels
1052 529 406 183 Torparen
1356 529 372 183 Andreas
1627 529 372 183 Olssons
1897 529 406 183 samtlige
2168 529 304 183 klädes¬-

485 659 434 167 persedlar
818 659 501 167 återfunnits
1219 659 300 167 gömda
1419 659 300 167 under
1620 659 200 167 en
1720 659 300 167 buske
1920 659 167 167 i
1953 659 501 167 hospitalsber¬-

484 751 275 210 gen;
655 751 206 210 så
758 751 309 210 hafva
964 751 996 210 detektivpoliskonstaplarne
1857 751 206 210 E.
1960 751 446 210 Hellström
2269 751 172 210 och

499 896 218 179 C.
608 896 473 179 Hellström
972 896 255 179 den
1117 896 218 179 21
1226 896 364 179 dennes
1481 896 327 179 såsom
1699 896 473 179 misstänkt
2063 896 255 179 för
2172 896 255 179 dessa

479 995 425 196 tillgrepp
807 995 393 196 anhållit
1101 995 295 196 förre
1297 995 556 196 Artilleristen
1756 995 295 196 Johan
1952 995 327 196 Alfred
2148 995 295 196 Johans¬-

485 1144 257 159 son
632 1144 367 159 Strid,
889 1144 404 159 hvilken
1183 1144 257 159 vid
1330 1144 551 159 anhållandet
1770 1144 441 159 innehade
2101 1144 257 159 den
2211 1144 220 159 från

492 1237 397 201 Torparen
789 1237 364 201 Andreas
1054 1237 331 201 Olsson
1285 1237 463 201 tillgripne
1649 1237 463 201 guldringen
2012 1237 297 201 jemte
2178 1237 264 201 dennes

457 1366 426 135 berlocker.

639 1438 237 207 Wid
775 1438 237 207 det
910 1438 237 207 med
1046 1438 305 207 Strid
1249 1438 169 207 i
1317 1438 441 207 anledning
1656 1438 305 207 häraf
1859 1438 441 207 anställda
2164 1438 271 207 förhör

480 1597 242 165 har
619 1597 242 165 han
757 1597 450 165 uppgifvit
1104 1597 242 165 och
1242 1597 485 165 förklarat:
1623 1597 242 165 att
1761 1597 277 165 han,
1934 1597 242 165 som
2073 1597 208 165 en
2142 1597 277 165 längre

470 1732 233 142 tid
603 1732 300 142 varit
803 1732 266 142 utan
969 1732 633 142 sysselsättning,
1502 1732 300 142 någon
1702 1732 233 142 dag
1835 1732 166 142 i
1901 1732 333 142 början
2134 1732 200 142 af
2201 1732 233 142 denna

472 1806 323 196 månad
687 1806 394 196 uppgått
974 1806 179 196 å
1046 1806 358 196 vinden
1297 1806 287 196 till
1476 1806 323 196 huset
1691 1806 215 196 No
1799 1806 179 196 1
1870 1806 251 196 vid
1978 1806 430 196 Skolgatan;

474 1936 257 143 der
621 1936 257 143 han
768 1936 331 143 genom
988 1936 257 143 ett
1135 1936 367 143 mindre
1392 1936 184 143 i
1466 1936 514 143 brädväggen
1870 1936 294 143 till
2053 1936 220 143 en
2127 1936 257 143 kläd¬-

490 2084 359 148 skrubb
741 2084 502 148 befintligt
1136 2084 251 148 hål
1279 2084 430 148 utdragit
1602 2084 215 148 en
1710 2084 251 148 grå
1853 2084 502 148 regnkappa,
2212 2084 179 148 som

476 2172 262 142 han
625 2172 375 142 genast
888 2172 450 142 pantsatt
1225 2172 262 142 för
1375 2172 262 142 Två
1525 2172 375 142 Kronor
1788 2172 187 142 å
1863 2172 450 142 allmänna
2163 2172 262 142 pant¬-

476 2276 722 183 låneinrättningen,
1095 2276 241 183 att
1232 2276 241 183 han
1370 2276 241 183 den
1508 2276 172 183 9
1576 2276 206 183 ds
1680 2276 206 183 på
1783 2276 275 183 eft.
1955 2276 310 183 midd.
2127 2276 275 183 ingått

464 2374 193 204 i
542 2374 580 204 Droskegaren
1006 2374 503 204 Särnbloms
1393 2374 658 204 stallkammare,
1935 2374 271 204 der
2051 2374 348 204 nyckeln

479 2497 355 183 suttit
727 2497 177 183 i
798 2497 461 183 dörrlåset
1153 2497 248 183 och
1295 2497 177 183 i
1366 2497 426 183 kammaren
1685 2497 497 183 tillgripit
2076 2497 213 183 en
2147 2497 248 183 stor¬-

463 2647 340 170 tröja,
701 2647 204 170 en
803 2647 680 170 sommaröfverrock,
1381 2647 238 170 ett
1516 2647 238 170 par
1652 2647 340 170 byxor,
1890 2647 204 170 en
1992 2647 340 170 större
2196 2647 238 170 kusk¬-

464 2730 354 192 kappa,
711 2730 212 192 en
818 2730 283 192 väst
995 2730 248 192 och
1136 2730 212 192 en
1243 2730 354 192 mössa,
1490 2730 354 192 hvilka
1738 2730 460 192 persedlar
2092 2730 319 192 hängt
2269 2730 142 192 på

461 2844 232 208 ena
594 2844 365 208 väggen;
859 2844 232 208 att
992 2844 232 208 han
1124 2844 431 208 derefter,
1456 2844 498 208 medhafvande
1854 2844 232 208 det
1987 2844 365 208 stulna,
2219 2844 166 208 be¬-

464 2957 330 201 gifvit
695 2957 231 201 sig
827 2957 264 201 till
992 2957 429 201 Vallgatan
1322 2957 264 201 och,
1488 2957 297 201 sedan
1686 2957 231 201 han
1818 2957 264 201 lagt
1950 2957 462 201 öfverrocken,

462 3051 443 208 byxorna,
794 3051 369 208 västen
1053 3051 258 208 och
1200 3051 369 208 mössan
1458 3051 185 208 i
1532 3051 221 208 en
1643 3051 480 208 portgång,
1975 3051 369 208 medtagit

450 3180 350 149 kappan
695 3180 245 149 och
835 3180 490 149 stortröjan
1220 3180 280 149 till
1395 3180 525 149 Pantlånaren
1814 3180 350 149 Karths
2059 3180 245 149 vid
2164 3180 245 149 samma

441 3295 266 206 gata
607 3295 366 206 belägna
873 3295 632 206 pantlånekontor,
1406 3295 233 206 der
1539 3295 233 206 han
1672 3295 399 206 pantsatt
1972 3295 333 206 tröjan
2172 3295 166 206 för

449 3438 231 145 fem
581 3438 362 145 Kronor,
844 3438 395 145 hvaremot
1141 3438 231 145 han
1273 3438 198 145 ej
1372 3438 264 145 fått
1536 3438 329 145 belåna
1767 3438 362 145 kappan;
2031 3438 231 145 att
2162 3438 231 145 han
2261 3438 132 145 då

423 3528 329 185 genast
653 3528 263 185 till
818 3528 394 185 kontoret
1113 3528 329 185 hemtat
1343 3528 493 185 öfverrocken
1738 3528 230 185 och
1869 3528 394 185 byxorna,
2132 3528 263 185 hvilka

428 3635 437 168 persedlar
765 3635 236 168 han
899 3635 404 168 pantsatt
1202 3635 236 168 för
1337 3635 404 168 tillköpa
1640 3635 236 168 Sju
1774 3635 370 168 Kronor,
2010 3635 370 168 hvarefter

2565 148 241 197 han
2702 148 309 197 burit
2908 148 413 197 tillbaka
3218 148 275 197 till
3390 148 584 197 stallkammaren
3871 148 378 197 kappan,
4146 148 344 197 västen
4352 148 172 197 och

2574 247 346 241 mössan;
2825 247 220 241 att
2951 247 220 241 hon
3077 247 220 241 den
3203 247 189 241 11
3297 247 189 241 ds
3391 247 189 241 på
3486 247 252 241 eft.
3643 247 283 241 midd.
3832 247 346 241 uppgått
4084 247 157 241 i
4146 247 220 241 ett
4272 247 220 241 hus
4367 247 157 241 vid

2577 370 435 244 Kungsgatan
2919 370 218 244 och
3043 370 155 244 i
3105 370 218 244 ett
3230 370 280 244 olåst
3416 370 249 244 kök,
3572 370 218 244 der
3696 370 280 244 ingen
3882 370 186 244 då
3945 370 559 244 tillstädesvarit,

2589 498 455 248 tillgripit
2946 498 195 248 en
3043 498 227 248 del
3173 498 877 248 fruntimmerslinnekläder,
3953 498 227 248 som
4083 498 227 248 han
4180 498 325 248 medtagit

2576 607 267 230 till
2742 607 300 230 huset
2943 607 200 230 No
3043 607 167 230 1
3109 607 234 230 vid
3243 607 467 230 Skolgatan,
3610 607 234 230 der
3743 607 267 230 han,
3910 607 234 230 som
4044 607 300 230 någon
4244 607 234 230 tid
4344 607 200 230 bott

2572 733 233 247 hos
2705 733 333 247 ogifta
2938 733 366 247 Augusta
3205 733 400 247 Jonsson,
3505 733 333 247 inlagt
3738 733 566 247 linnekläderna
4204 733 167 247 i
4237 733 267 247 dennas

2594 851 473 231 boningsrum,
2973 851 410 231 hvarefter
3288 851 221 231 han
3414 851 410 231 aflägsnat
3729 851 252 231 sig;
3886 851 221 231 att
4012 851 252 231 han,
4170 851 315 231 enligt
4359 851 189 231 hvad

2598 963 217 195 han
2722 963 279 195 ville
2908 963 310 195 erinra
3125 963 248 195 sig,
3280 963 403 195 likaledes
3590 963 217 195 den
3713 963 186 195 11
3806 963 341 195 dennes,
4054 963 341 195 uppgått
4302 963 155 195 å
4333 963 217 195 före¬-

2592 1087 315 214 nämnde
2812 1087 252 214 vind
2969 1087 252 214 till
3126 1087 283 214 huset
3315 1087 189 214 No
3409 1087 157 214 1
3472 1087 220 214 vid
3598 1087 440 214 Skolgatan,
3944 1087 220 214 der
4070 1087 252 214 han,
4227 1087 283 214 efter
4385 1087 157 214 att

2598 1196 248 228 med
2739 1196 354 228 handen
2987 1196 319 228 hafva
3200 1196 461 228 frånryckt
3554 1196 461 228 dörrlåset
3908 1196 248 228 för
4050 1196 213 228 en
4121 1196 425 228 klädskrubb

2573 1303 369 231 hvilken
2842 1303 268 231 dock
3010 1303 268 231 icke
3177 1303 302 231 varit
3378 1303 436 231 densamma,
3714 1303 235 231 som
3848 1303 268 231 den,
4016 1303 302 231 hvari
4217 1303 235 231 den
4318 1303 268 231 stulna

2587 1419 414 256 regnkappan
2912 1419 414 256 förvarats,
3237 1419 148 256 i
3297 1419 355 256 skrubben
3562 1419 414 256 tillgripit
3887 1419 177 256 en
3976 1419 502 256 vinterpaletå,
4360 1419 207 256 hvil¬-

2612 1519 224 256 ken
2740 1519 224 256 han
2868 1519 289 256 dock,
3061 1519 192 256 då
3157 1519 224 256 han
3285 1519 321 256 skulle
3510 1519 353 256 begifva
3766 1519 224 256 sig
3895 1519 385 256 derifrån
4183 1519 224 256 och
4279 1519 257 256 dervid

2605 1653 164 263 i
2671 1653 492 263 trappgången
3065 1653 263 263 mött
3229 1653 230 263 ett
3360 1653 492 263 fruntimmer,
3754 1653 328 263 kastat
3984 1653 295 263 ifrån
4181 1653 263 263 sig,
4312 1653 230 263 hvar¬-

2620 1739 292 281 efter
2814 1739 227 281 han
2944 1739 422 281 skyndsamt
3268 1739 422 281 aflägsnat
3593 1739 259 281 sig;
3755 1739 227 281 att
3884 1739 292 281 sedan
4079 1739 227 281 han
4209 1739 227 281 den
4338 1739 195 281 13
4403 1739 130 281 ds

2630 1869 307 288 ingått
2845 1869 153 288 å
2906 1869 307 288 Kaféet
3121 1869 215 288 vid
3243 1869 399 288 Korsvägen
3550 1869 215 288 för
3673 1869 215 288 att
3795 1869 307 288 intaga
4010 1869 399 288 förtäring
4316 1869 184 288 af
4378 1869 153 288 öl,

2605 1999 245 239 han
2745 1999 210 239 ur
2850 1999 210 239 en
2955 1999 315 239 olåst
3166 1999 350 239 tambur
3411 1999 455 239 derstädes
3761 1999 491 239 tillgripit
4147 1999 210 239 en
4217 1999 315 239 gråbrun

2605 2091 484 268 regnkappa,
2986 2091 242 268 som
3124 2091 242 268 han
3262 2091 346 268 genast
3504 2091 415 268 pantsatt
3815 2091 242 268 för
3953 2091 242 268 Sex
4091 2091 346 268 Kronor
4333 2091 173 268 å
4368 2091 207 268 all¬-

2631 2222 326 231 männa
2848 2222 870 231 Pantlåneinrättningen
3610 2222 181 231 i
3683 2222 326 231 huset
3900 2222 218 231 No
4009 2222 218 231 35
4118 2222 254 231 vid
4227 2222 326 231 Vallga¬-

2620 2330 258 223 tan;
2781 2330 226 223 att
2910 2330 194 223 då
3007 2330 226 223 han
3136 2330 226 223 den
3265 2330 194 223 15
3362 2330 194 223 ds
3458 2330 194 223 på
3555 2330 258 223 e.m.
3716 2330 387 223 begifvit
4007 2330 226 223 sig
4136 2330 258 223 till
4265 2330 290 223 Underås

2617 2413 210 282 bro
2737 2413 210 282 för
2857 2413 210 282 att
2977 2413 240 282 söka
3127 2413 300 282 arbete
3337 2413 210 282 hos
3457 2413 480 282 werkgesällen
3848 2413 420 282 Andersson,
4178 2413 210 282 hos
4268 2413 270 282 hvilken

2623 2559 234 238 han
2756 2559 301 238 förut
2957 2559 301 238 varit
3158 2559 435 238 anställd,
3492 2559 234 238 men
3626 2559 267 238 icke
3793 2559 368 238 träffat
4060 2559 301 238 denne
4228 2559 267 238 hemma,

2621 2653 297 263 Strid
2819 2653 231 263 med
2951 2653 198 263 en
3050 2653 264 263 stor
3215 2653 264 263 spik
3380 2653 528 263 sönderbrutit
3809 2653 297 263 låset
4007 2653 231 263 för
4139 2653 330 263 dörren
4337 2653 198 263 till

2624 2768 451 238 Anderssons
2978 2768 322 238 kontor
3204 2768 258 238 och,
3365 2768 290 238 efter
3558 2768 226 238 att
3687 2768 419 238 såmedelst
4009 2768 290 238 hafva
4203 2768 322 238 beredt
4396 2768 161 238 sig

2626 2855 344 287 inträde
2876 2855 250 287 der,
3032 2855 438 287 tillgripit
3376 2855 188 287 en
3470 2855 469 287 ulsterrock,
3845 2855 188 287 en
3939 2855 281 287 svart
4127 2855 375 287 bonjour,
4377 2855 156 287 ett

2612 3016 237 236 par
2748 3016 305 236 byxor
2951 3016 237 236 och
3087 3016 203 236 en
3189 3016 305 236 väst;
3392 3016 237 236 att
3528 3016 237 236 han
3663 3016 407 236 derefter
3969 3016 407 236 pantsatt
4240 3016 305 236 ulster¬-

2632 3141 343 204 rocken
2872 3141 240 204 för
3009 3141 206 204 12
3112 3141 343 204 Kronor
3352 3141 172 204 å
3421 3141 412 204 Stampens
3730 3141 755 204 Pantlåneinrättning
4382 3141 172 204 i
4416 3141 172 204 hu¬-

2635 3265 230 203 set
2767 3265 197 203 No
2865 3265 197 203 14
2964 3265 230 203 vid
3095 3265 296 203 Östra
3293 3265 427 203 Larmgatan
3621 3265 263 203 samt
3786 3265 460 203 bonjouren,
4147 3265 362 203 byxorna
4378 3265 164 203 och

2644 3368 338 199 västen
2881 3368 236 199 för
3016 3368 236 199 Tre
3151 3368 338 199 Kronor
3387 3368 236 199 hos
3522 3368 506 199 Pantlånaren
3927 3368 203 199 C.
4028 3368 203 199 H.
4129 3368 270 199 Berg
4298 3368 169 199 i
4332 3368 236 199 huset

2636 3481 180 226 No
2726 3481 180 226 57
2816 3481 210 226 vid
2936 3481 420 226 Sillgatan;
3267 3481 210 226 att
3387 3481 210 226 han
3507 3481 210 226 den
3627 3481 180 226 18
3717 3481 180 226 ds
3807 3481 180 226 på
3897 3481 240 226 f.m.
4047 3481 360 226 begifvit
4318 3481 210 226 sig
4408 3481 180 226 till

2650 3579 474 212 Gamlestaden
3029 3579 221 212 och
3156 3579 284 212 sedan
3345 3579 221 212 han
3471 3579 410 212 derstädes
3787 3579 347 212 anländt
4040 3579 253 212 till
4198 3579 221 212 ett
4324 3579 158 212 i
4355 3579 253 212 hospi¬-

2648 3720 447 163 talsbergen
2999 3720 351 163 beläget
3255 3720 224 163 hus
3383 3720 224 163 och
3510 3720 383 163 förmärkt
3798 3720 224 163 att
3925 3720 287 163 ingen
4117 3720 224 163 der
4213 3720 383 163 innevarit,
