<?xml version="1.0" encoding="UTF-8"?>
<alto xmlns:xsi="http://www.w3.org/2001/XMLSchema-instance"
      xmlns="http://www.loc.gov/standards/alto/ns-v4#"
      xmlns:page="http://schema.primaresearch.org/PAGE/gts/pagecontent/2013-07-15"
      xsi:schemaLocation="http://www.loc.gov/standards/alto/ns-v4# https://www.loc.gov/standards/alto/v4/alto.xsd">
   <Description>
      <MeasurementUnit>pixel</MeasurementUnit>
      <OCRProcessing ID="IdOcr">
         <ocrProcessingStep>
            <processingDateTime>2022-11-18T16:09:47.272+01:00</processingDateTime>
            <processingSoftware>
               <softwareCreator>READ COOP</softwareCreator>
               <softwareName>Transkribus</softwareName>
            </processingSoftware>
         </ocrProcessingStep>
      </OCRProcessing>
   </Description>
   <Tags/>
   <Layout>
      <Page ID="Page1" PHYSICAL_IMG_NR="1" HEIGHT="4064" WIDTH="5062">
         <TopMargin HEIGHT="0" WIDTH="5062" VPOS="0" HPOS="0"/>
         <LeftMargin HEIGHT="4064" WIDTH="0" VPOS="0" HPOS="0"/>
         <RightMargin HEIGHT="4064" WIDTH="0" VPOS="0" HPOS="5062"/>
         <BottomMargin HEIGHT="0" WIDTH="5062" VPOS="4064" HPOS="0"/>
         <PrintSpace HEIGHT="4064" WIDTH="5062" VPOS="0" HPOS="0">
            <TextBlock ID="r1" HEIGHT="3629" WIDTH="1982" VPOS="200" HPOS="442">
               <Shape>
                  <Polygon POINTS="442,200 452,3829 2424,3829 2414,200"/>
               </Shape>
               <TextLine ID="r1l1"
                         BASELINE="502,278 595,274 688,272 781,268 874,266 967,264 1060,262 1153,260 1246,258 1339,256 1433,256 1526,254 1619,254 1712,252 1805,252 1898,252 1991,252 2084,252 2177,252 2270,252 2364,252"
                         HEIGHT="104"
                         WIDTH="1862"
                         VPOS="200"
                         HPOS="502">
                  <String HEIGHT="104" WIDTH="193" VPOS="200" HPOS="470" CONTENT="en"/>
                  <SP HEIGHT="104" WIDTH="32" VPOS="200" HPOS="663"/>
                  <String HEIGHT="104"
                          WIDTH="610"
                          VPOS="200"
                          HPOS="566"
                          CONTENT="porslinstallrik"/>
                  <SP HEIGHT="104" WIDTH="32" VPOS="200" HPOS="1176"/>
                  <String HEIGHT="104"
                          WIDTH="225"
                          VPOS="200"
                          HPOS="1080"
                          CONTENT="och"/>
                  <SP HEIGHT="104" WIDTH="32" VPOS="200" HPOS="1305"/>
                  <String HEIGHT="104"
                          WIDTH="289"
                          VPOS="200"
                          HPOS="1208"
                          CONTENT="något"/>
                  <SP HEIGHT="104" WIDTH="32" VPOS="200" HPOS="1497"/>
                  <String HEIGHT="104"
                          WIDTH="225"
                          VPOS="200"
                          HPOS="1401"
                          CONTENT="ägg"/>
                  <SP HEIGHT="104" WIDTH="32" VPOS="200" HPOS="1626"/>
                  <String HEIGHT="104"
                          WIDTH="385"
                          VPOS="200"
                          HPOS="1529"
                          CONTENT="sålunda,"/>
                  <SP HEIGHT="104" WIDTH="32" VPOS="200" HPOS="1915"/>
                  <String HEIGHT="104"
                          WIDTH="225"
                          VPOS="200"
                          HPOS="1818"
                          CONTENT="att"/>
                  <SP HEIGHT="104" WIDTH="32" VPOS="200" HPOS="2043"/>
                  <String HEIGHT="104"
                          WIDTH="257"
                          VPOS="200"
                          HPOS="1947"
                          CONTENT="Carl"/>
                  <SP HEIGHT="104" WIDTH="32" VPOS="200" HPOS="2203"/>
                  <String HEIGHT="104"
                          WIDTH="289"
                          VPOS="200"
                          HPOS="2075"
                          CONTENT="Olsson,"/>
               </TextLine>
               <TextLine ID="r1l2"
                         BASELINE="498,398 592,392 686,388 780,384 874,382 969,378 1063,376 1157,374 1251,372 1345,370 1440,368 1534,368 1628,366 1722,366 1816,366 1911,364 2005,364 2099,364 2193,364 2287,364 2382,364"
                         HEIGHT="112"
                         WIDTH="1884"
                         VPOS="312"
                         HPOS="498">
                  <String HEIGHT="112"
                          WIDTH="231"
                          VPOS="312"
                          HPOS="465"
                          CONTENT="som"/>
                  <SP HEIGHT="112" WIDTH="33" VPOS="312" HPOS="696"/>
                  <String HEIGHT="112"
                          WIDTH="397"
                          VPOS="312"
                          HPOS="597"
                          CONTENT="innehaft"/>
                  <SP HEIGHT="112" WIDTH="33" VPOS="312" HPOS="994"/>
                  <String HEIGHT="112"
                          WIDTH="297"
                          VPOS="312"
                          HPOS="895"
                          CONTENT="några"/>
                  <SP HEIGHT="112" WIDTH="33" VPOS="312" HPOS="1192"/>
                  <String HEIGHT="112"
                          WIDTH="397"
                          VPOS="312"
                          HPOS="1093"
                          CONTENT="nycklar,"/>
                  <SP HEIGHT="112" WIDTH="33" VPOS="312" HPOS="1490"/>
                  <String HEIGHT="112"
                          WIDTH="231"
                          VPOS="312"
                          HPOS="1390"
                          CONTENT="med"/>
                  <SP HEIGHT="112" WIDTH="33" VPOS="312" HPOS="1622"/>
                  <String HEIGHT="112"
                          WIDTH="198"
                          VPOS="312"
                          HPOS="1523"
                          CONTENT="en"/>
                  <SP HEIGHT="112" WIDTH="33" VPOS="312" HPOS="1721"/>
                  <String HEIGHT="112"
                          WIDTH="198"
                          VPOS="312"
                          HPOS="1622"
                          CONTENT="af"/>
                  <SP HEIGHT="112" WIDTH="33" VPOS="312" HPOS="1820"/>
                  <String HEIGHT="112"
                          WIDTH="297"
                          VPOS="312"
                          HPOS="1721"
                          CONTENT="dessa"/>
                  <SP HEIGHT="112" WIDTH="33" VPOS="312" HPOS="2018"/>
                  <String HEIGHT="112"
                          WIDTH="264"
                          VPOS="312"
                          HPOS="1919"
                          CONTENT="låst"/>
                  <SP HEIGHT="112" WIDTH="33" VPOS="312" HPOS="2184"/>
                  <String HEIGHT="112"
                          WIDTH="231"
                          VPOS="312"
                          HPOS="2085"
                          CONTENT="upp"/>
                  <SP HEIGHT="112" WIDTH="33" VPOS="312" HPOS="2316"/>
                  <String HEIGHT="112"
                          WIDTH="198"
                          VPOS="312"
                          HPOS="2184"
                          CONTENT="dör¬"
                          SUBS_TYPE="HypPart1"
                          SUBS_CONTENT="dörren"/>
                  <HYP CONTENT="-"/>
               </TextLine>
               <TextLine ID="r1l3"
                         BASELINE="498,512 589,506 681,502 772,498 864,494 956,491 1047,488 1139,486 1230,484 1322,482 1414,480 1505,480 1597,478 1688,477 1780,476 1872,476 1963,474 2055,473 2146,472 2238,470 2330,468"
                         HEIGHT="122"
                         WIDTH="1832"
                         VPOS="416"
                         HPOS="498">
                  <String HEIGHT="122"
                          WIDTH="247"
                          VPOS="416"
                          HPOS="463"
                          CONTENT="ren"
                          SUBS_TYPE="HypPart2"
                          SUBS_CONTENT="dörren"/>
                  <SP HEIGHT="122" WIDTH="35" VPOS="416" HPOS="709"/>
                  <String HEIGHT="122"
                          WIDTH="282"
                          VPOS="416"
                          HPOS="604"
                          CONTENT="till"/>
                  <SP HEIGHT="122" WIDTH="35" VPOS="416" HPOS="886"/>
                  <String HEIGHT="122"
                          WIDTH="528"
                          VPOS="416"
                          HPOS="780"
                          CONTENT="skafferiet,"/>
                  <SP HEIGHT="122" WIDTH="35" VPOS="416" HPOS="1308"/>
                  <String HEIGHT="122"
                          WIDTH="352"
                          VPOS="416"
                          HPOS="1203"
                          CONTENT="hvarur"/>
                  <SP HEIGHT="122" WIDTH="35" VPOS="416" HPOS="1555"/>
                  <String HEIGHT="122"
                          WIDTH="247"
                          VPOS="416"
                          HPOS="1449"
                          CONTENT="han"/>
                  <SP HEIGHT="122" WIDTH="35" VPOS="416" HPOS="1696"/>
                  <String HEIGHT="122"
                          WIDTH="317"
                          VPOS="416"
                          HPOS="1590"
                          CONTENT="tagit"/>
                  <SP HEIGHT="122" WIDTH="35" VPOS="416" HPOS="1907"/>
                  <String HEIGHT="122"
                          WIDTH="493"
                          VPOS="416"
                          HPOS="1802"
                          CONTENT="matvarorna"/>
                  <SP HEIGHT="122" WIDTH="35" VPOS="416" HPOS="2295"/>
                  <String HEIGHT="122"
                          WIDTH="176"
                          VPOS="416"
                          HPOS="2154"
                          CONTENT="och"/>
               </TextLine>
               <TextLine ID="r1l4"
                         BASELINE="500,620 594,614 689,610 784,606 879,602 974,600 1069,598 1164,596 1259,594 1354,592 1449,590 1543,589 1638,587 1733,585 1828,583 1923,580 2018,578 2113,574 2208,570 2303,564 2398,558"
                         HEIGHT="140"
                         WIDTH="1898"
                         VPOS="506"
                         HPOS="500">
                  <String HEIGHT="140"
                          WIDTH="322"
                          VPOS="506"
                          HPOS="468"
                          CONTENT="lemnat"/>
                  <SP HEIGHT="140" WIDTH="32" VPOS="506" HPOS="790"/>
                  <String HEIGHT="140" WIDTH="193" VPOS="506" HPOS="693" CONTENT="en"/>
                  <SP HEIGHT="140" WIDTH="32" VPOS="506" HPOS="886"/>
                  <String HEIGHT="140"
                          WIDTH="225"
                          VPOS="506"
                          HPOS="790"
                          CONTENT="ost"/>
                  <SP HEIGHT="140" WIDTH="32" VPOS="506" HPOS="1015"/>
                  <String HEIGHT="140"
                          WIDTH="257"
                          VPOS="506"
                          HPOS="918"
                          CONTENT="till"/>
                  <SP HEIGHT="140" WIDTH="32" VPOS="506" HPOS="1176"/>
                  <String HEIGHT="140"
                          WIDTH="418"
                          VPOS="506"
                          HPOS="1079"
                          CONTENT="Petersson"/>
                  <SP HEIGHT="140" WIDTH="32" VPOS="506" HPOS="1497"/>
                  <String HEIGHT="140"
                          WIDTH="225"
                          VPOS="506"
                          HPOS="1401"
                          CONTENT="och"/>
                  <SP HEIGHT="140" WIDTH="32" VPOS="506" HPOS="1626"/>
                  <String HEIGHT="140"
                          WIDTH="257"
                          VPOS="506"
                          HPOS="1529"
                          CONTENT="lagt"/>
                  <SP HEIGHT="140" WIDTH="32" VPOS="506" HPOS="1787"/>
                  <String HEIGHT="140"
                          WIDTH="225"
                          VPOS="506"
                          HPOS="1690"
                          CONTENT="den"/>
                  <SP HEIGHT="140" WIDTH="32" VPOS="506" HPOS="1915"/>
                  <String HEIGHT="140"
                          WIDTH="290"
                          VPOS="506"
                          HPOS="1819"
                          CONTENT="andra"/>
                  <SP HEIGHT="140" WIDTH="32" VPOS="506" HPOS="2108"/>
                  <String HEIGHT="140"
                          WIDTH="290"
                          VPOS="506"
                          HPOS="2012"
                          CONTENT="jemte"/>
                  <SP HEIGHT="140" WIDTH="32" VPOS="506" HPOS="2301"/>
                  <String HEIGHT="140"
                          WIDTH="225"
                          VPOS="506"
                          HPOS="2173"
                          CONTENT="äggen"/>
               </TextLine>
               <TextLine ID="r1l5"
                         BASELINE="492,734 583,728 675,724 767,720 858,716 950,712 1042,710 1133,706 1225,704 1317,702 1409,698 1500,696 1592,694 1684,692 1775,688 1867,686 1959,682 2050,680 2142,676 2234,671 2326,666"
                         HEIGHT="146"
                         WIDTH="1834"
                         VPOS="614"
                         HPOS="492">
                  <String HEIGHT="146"
                          WIDTH="229"
                          VPOS="614"
                          HPOS="459"
                          CONTENT="och"/>
                  <SP HEIGHT="146" WIDTH="33" VPOS="614" HPOS="689"/>
                  <String HEIGHT="146"
                          WIDTH="688"
                          VPOS="614"
                          HPOS="590"
                          CONTENT="porslinstallriken"/>
                  <SP HEIGHT="146" WIDTH="33" VPOS="614" HPOS="1278"/>
                  <String HEIGHT="146" WIDTH="164" VPOS="614" HPOS="1180" CONTENT="i"/>
                  <SP HEIGHT="146" WIDTH="33" VPOS="614" HPOS="1344"/>
                  <String HEIGHT="146"
                          WIDTH="229"
                          VPOS="614"
                          HPOS="1245"
                          CONTENT="sin"/>
                  <SP HEIGHT="146" WIDTH="33" VPOS="614" HPOS="1475"/>
                  <String HEIGHT="146"
                          WIDTH="295"
                          VPOS="614"
                          HPOS="1376"
                          CONTENT="säck;"/>
                  <SP HEIGHT="146" WIDTH="33" VPOS="614" HPOS="1671"/>
                  <String HEIGHT="146"
                          WIDTH="229"
                          VPOS="614"
                          HPOS="1573"
                          CONTENT="att"/>
                  <SP HEIGHT="146" WIDTH="33" VPOS="614" HPOS="1802"/>
                  <String HEIGHT="146"
                          WIDTH="459"
                          VPOS="614"
                          HPOS="1704"
                          CONTENT="Petersson,"/>
                  <SP HEIGHT="146" WIDTH="33" VPOS="614" HPOS="2162"/>
                  <String HEIGHT="146"
                          WIDTH="229"
                          VPOS="614"
                          HPOS="2064"
                          CONTENT="som"/>
                  <SP HEIGHT="146" WIDTH="33" VPOS="614" HPOS="2293"/>
                  <String HEIGHT="146"
                          WIDTH="164"
                          VPOS="614"
                          HPOS="2162"
                          CONTENT="der"/>
               </TextLine>
               <TextLine ID="r1l6"
                         BASELINE="476,844 571,842 666,837 761,834 856,830 951,825 1046,822 1141,816 1236,812 1331,808 1427,804 1522,800 1617,796 1712,793 1807,790 1902,788 1997,785 2092,783 2187,782 2282,782 2378,782"
                         HEIGHT="138"
                         WIDTH="1902"
                         VPOS="731"
                         HPOS="476">
                  <String HEIGHT="138"
                          WIDTH="302"
                          VPOS="731"
                          HPOS="446"
                          CONTENT="skiljt"/>
                  <SP HEIGHT="138" WIDTH="30" VPOS="731" HPOS="748"/>
                  <String HEIGHT="138"
                          WIDTH="211"
                          VPOS="731"
                          HPOS="657"
                          CONTENT="sig"/>
                  <SP HEIGHT="138" WIDTH="30" VPOS="731" HPOS="868"/>
                  <String HEIGHT="138"
                          WIDTH="242"
                          VPOS="731"
                          HPOS="778"
                          CONTENT="från"/>
                  <SP HEIGHT="138" WIDTH="30" VPOS="731" HPOS="1019"/>
                  <String HEIGHT="138"
                          WIDTH="242"
                          VPOS="731"
                          HPOS="929"
                          CONTENT="Carl"/>
                  <SP HEIGHT="138" WIDTH="30" VPOS="731" HPOS="1170"/>
                  <String HEIGHT="138"
                          WIDTH="302"
                          VPOS="731"
                          HPOS="1080"
                          CONTENT="Olsson"/>
                  <SP HEIGHT="138" WIDTH="30" VPOS="731" HPOS="1382"/>
                  <String HEIGHT="138"
                          WIDTH="211"
                          VPOS="731"
                          HPOS="1291"
                          CONTENT="och"/>
                  <SP HEIGHT="138" WIDTH="30" VPOS="731" HPOS="1502"/>
                  <String HEIGHT="138"
                          WIDTH="392"
                          VPOS="731"
                          HPOS="1412"
                          CONTENT="Andersson"/>
                  <SP HEIGHT="138" WIDTH="30" VPOS="731" HPOS="1804"/>
                  <String HEIGHT="138"
                          WIDTH="211"
                          VPOS="731"
                          HPOS="1714"
                          CONTENT="och"/>
                  <SP HEIGHT="138" WIDTH="30" VPOS="731" HPOS="1925"/>
                  <String HEIGHT="138"
                          WIDTH="242"
                          VPOS="731"
                          HPOS="1835"
                          CONTENT="gått"/>
                  <SP HEIGHT="138" WIDTH="30" VPOS="731" HPOS="2076"/>
                  <String HEIGHT="138"
                          WIDTH="423"
                          VPOS="731"
                          HPOS="1955"
                          CONTENT="Drottningga¬"
                          SUBS_TYPE="HypPart1"
                          SUBS_CONTENT="Drottninggatan"/>
                  <HYP CONTENT="-"/>
               </TextLine>
               <TextLine ID="r1l7"
                         BASELINE="496,960 589,954 682,948 776,942 869,936 963,931 1056,925 1149,920 1243,916 1336,912 1430,908 1523,904 1616,901 1710,898 1803,895 1897,892 1990,890 2083,888 2177,886 2270,885 2364,884"
                         HEIGHT="152"
                         WIDTH="1868"
                         VPOS="833"
                         HPOS="496">
                  <String HEIGHT="152"
                          WIDTH="222"
                          VPOS="833"
                          HPOS="464"
                          CONTENT="tan"
                          SUBS_TYPE="HypPart2"
                          SUBS_CONTENT="Drottninggatan"/>
                  <SP HEIGHT="152" WIDTH="32" VPOS="833" HPOS="686"/>
                  <String HEIGHT="152"
                          WIDTH="253"
                          VPOS="833"
                          HPOS="591"
                          CONTENT="till"/>
                  <SP HEIGHT="152" WIDTH="32" VPOS="833" HPOS="844"/>
                  <String HEIGHT="152"
                          WIDTH="285"
                          VPOS="833"
                          HPOS="749"
                          CONTENT="Stora"/>
                  <SP HEIGHT="152" WIDTH="32" VPOS="833" HPOS="1034"/>
                  <String HEIGHT="152"
                          WIDTH="380"
                          VPOS="833"
                          HPOS="939"
                          CONTENT="Nygatan,"/>
                  <SP HEIGHT="152" WIDTH="32" VPOS="833" HPOS="1319"/>
                  <String HEIGHT="152"
                          WIDTH="317"
                          VPOS="833"
                          HPOS="1224"
                          CONTENT="dervid"/>
                  <SP HEIGHT="152" WIDTH="32" VPOS="833" HPOS="1541"/>
                  <String HEIGHT="152"
                          WIDTH="348"
                          VPOS="833"
                          HPOS="1446"
                          CONTENT="blifvit"/>
                  <SP HEIGHT="152" WIDTH="32" VPOS="833" HPOS="1794"/>
                  <String HEIGHT="152"
                          WIDTH="348"
                          VPOS="833"
                          HPOS="1699"
                          CONTENT="bemärkt"/>
                  <SP HEIGHT="152" WIDTH="32" VPOS="833" HPOS="2047"/>
                  <String HEIGHT="152"
                          WIDTH="222"
                          VPOS="833"
                          HPOS="1952"
                          CONTENT="och"/>
                  <SP HEIGHT="152" WIDTH="32" VPOS="833" HPOS="2174"/>
                  <String HEIGHT="152"
                          WIDTH="317"
                          VPOS="833"
                          HPOS="2047"
                          CONTENT="anhållen"/>
               </TextLine>
               <TextLine ID="r1l8"
                         BASELINE="498,1066 591,1059 684,1054 777,1047 870,1041 963,1036 1056,1030 1149,1025 1242,1020 1335,1016 1428,1012 1521,1008 1614,1004 1707,1001 1800,998 1893,996 1986,994 2079,992 2172,990 2265,989 2358,988"
                         HEIGHT="154"
                         WIDTH="1860"
                         VPOS="937"
                         HPOS="498">
                  <String HEIGHT="154" WIDTH="192" VPOS="937" HPOS="466" CONTENT="af"/>
                  <SP HEIGHT="154" WIDTH="32" VPOS="937" HPOS="658"/>
                  <String HEIGHT="154" WIDTH="192" VPOS="937" HPOS="562" CONTENT="en"/>
                  <SP HEIGHT="154" WIDTH="32" VPOS="937" HPOS="755"/>
                  <String HEIGHT="154"
                          WIDTH="609"
                          VPOS="937"
                          HPOS="658"
                          CONTENT="poliskonstapel,"/>
                  <SP HEIGHT="154" WIDTH="32" VPOS="937" HPOS="1268"/>
                  <String HEIGHT="154"
                          WIDTH="353"
                          VPOS="937"
                          HPOS="1171"
                          CONTENT="hvarvid"/>
                  <SP HEIGHT="154" WIDTH="32" VPOS="937" HPOS="1524"/>
                  <String HEIGHT="154"
                          WIDTH="224"
                          VPOS="937"
                          HPOS="1428"
                          CONTENT="han"/>
                  <SP HEIGHT="154" WIDTH="32" VPOS="937" HPOS="1652"/>
                  <String HEIGHT="154"
                          WIDTH="321"
                          VPOS="937"
                          HPOS="1556"
                          CONTENT="kastat"/>
                  <SP HEIGHT="154" WIDTH="32" VPOS="937" HPOS="1877"/>
                  <String HEIGHT="154"
                          WIDTH="289"
                          VPOS="937"
                          HPOS="1781"
                          CONTENT="osten"/>
                  <SP HEIGHT="154" WIDTH="32" VPOS="937" HPOS="2069"/>
                  <String HEIGHT="154"
                          WIDTH="289"
                          VPOS="937"
                          HPOS="1973"
                          CONTENT="ifrån"/>
                  <SP HEIGHT="154" WIDTH="32" VPOS="937" HPOS="2262"/>
                  <String HEIGHT="154"
                          WIDTH="224"
                          VPOS="937"
                          HPOS="2166"
                          CONTENT="sig"/>
                  <SP HEIGHT="154" WIDTH="32" VPOS="937" HPOS="2390"/>
                  <String HEIGHT="154" WIDTH="96" VPOS="937" HPOS="2262" CONTENT="i"/>
               </TextLine>
               <TextLine ID="r1l9"
                         BASELINE="504,1184 595,1175 687,1167 778,1158 870,1152 961,1145 1053,1140 1144,1134 1236,1130 1327,1125 1419,1122 1510,1118 1602,1116 1693,1112 1785,1110 1876,1106 1968,1104 2059,1102 2151,1099 2242,1096 2334,1092"
                         HEIGHT="170"
                         WIDTH="1830"
                         VPOS="1040"
                         HPOS="504">
                  <String HEIGHT="170"
                          WIDTH="514"
                          VPOS="1040"
                          HPOS="472"
                          CONTENT="Wallgrafven;"/>
                  <SP HEIGHT="170" WIDTH="32" VPOS="1040" HPOS="986"/>
                  <String HEIGHT="170"
                          WIDTH="257"
                          VPOS="1040"
                          HPOS="889"
                          CONTENT="samt"/>
                  <SP HEIGHT="170" WIDTH="32" VPOS="1040" HPOS="1146"/>
                  <String HEIGHT="170"
                          WIDTH="225"
                          VPOS="1040"
                          HPOS="1050"
                          CONTENT="att"/>
                  <SP HEIGHT="170" WIDTH="32" VPOS="1040" HPOS="1275"/>
                  <String HEIGHT="170"
                          WIDTH="417"
                          VPOS="1040"
                          HPOS="1178"
                          CONTENT="Andersson"/>
                  <SP HEIGHT="170" WIDTH="32" VPOS="1040" HPOS="1596"/>
                  <String HEIGHT="170"
                          WIDTH="225"
                          VPOS="1040"
                          HPOS="1499"
                          CONTENT="och"/>
                  <SP HEIGHT="170" WIDTH="32" VPOS="1040" HPOS="1724"/>
                  <String HEIGHT="170"
                          WIDTH="321"
                          VPOS="1040"
                          HPOS="1628"
                          CONTENT="Gustaf"/>
                  <SP HEIGHT="170" WIDTH="32" VPOS="1040" HPOS="1949"/>
                  <String HEIGHT="170"
                          WIDTH="353"
                          VPOS="1040"
                          HPOS="1852"
                          CONTENT="Olsson,"/>
                  <SP HEIGHT="170" WIDTH="32" VPOS="1040" HPOS="2206"/>
                  <String HEIGHT="170"
                          WIDTH="225"
                          VPOS="1040"
                          HPOS="2109"
                          CONTENT="som"/>
                  <SP HEIGHT="170" WIDTH="32" VPOS="1040" HPOS="2334"/>
                  <String HEIGHT="170"
                          WIDTH="128"
                          VPOS="1040"
                          HPOS="2206"
                          CONTENT="på"/>
               </TextLine>
               <TextLine ID="r1l10"
                         BASELINE="492,1298 586,1289 681,1282 776,1274 870,1266 965,1260 1060,1254 1154,1248 1249,1242 1344,1238 1439,1234 1533,1230 1628,1227 1723,1224 1817,1222 1912,1220 2007,1218 2101,1216 2196,1214 2291,1214 2386,1214"
                         HEIGHT="159"
                         WIDTH="1894"
                         VPOS="1164"
                         HPOS="492">
                  <String HEIGHT="159"
                          WIDTH="342"
                          VPOS="1164"
                          HPOS="461"
                          CONTENT="afstånd"/>
                  <SP HEIGHT="159" WIDTH="31" VPOS="1164" HPOS="802"/>
                  <String HEIGHT="159"
                          WIDTH="279"
                          VPOS="1164"
                          HPOS="709"
                          CONTENT="åsett"/>
                  <SP HEIGHT="159" WIDTH="31" VPOS="1164" HPOS="989"/>
                  <String HEIGHT="159"
                          WIDTH="310"
                          VPOS="1164"
                          HPOS="896"
                          CONTENT="detta,"/>
                  <SP HEIGHT="159" WIDTH="31" VPOS="1164" HPOS="1206"/>
                  <String HEIGHT="159"
                          WIDTH="186"
                          VPOS="1164"
                          HPOS="1113"
                          CONTENT="då"/>
                  <SP HEIGHT="159" WIDTH="31" VPOS="1164" HPOS="1299"/>
                  <String HEIGHT="159"
                          WIDTH="435"
                          VPOS="1164"
                          HPOS="1206"
                          CONTENT="åtskiljts,"/>
                  <SP HEIGHT="159" WIDTH="31" VPOS="1164" HPOS="1641"/>
                  <String HEIGHT="159"
                          WIDTH="404"
                          VPOS="1164"
                          HPOS="1548"
                          CONTENT="hvarefter"/>
                  <SP HEIGHT="159" WIDTH="31" VPOS="1164" HPOS="1951"/>
                  <String HEIGHT="159"
                          WIDTH="404"
                          VPOS="1164"
                          HPOS="1858"
                          CONTENT="Andersson"/>
                  <SP HEIGHT="159" WIDTH="31" VPOS="1164" HPOS="2262"/>
                  <String HEIGHT="159"
                          WIDTH="248"
                          VPOS="1164"
                          HPOS="2138"
                          CONTENT="begif¬"
                          SUBS_TYPE="HypPart1"
                          SUBS_CONTENT="begifvit"/>
                  <HYP CONTENT="-"/>
               </TextLine>
               <TextLine ID="r1l11"
                         BASELINE="502,1398 548,1396 595,1391 641,1389 688,1385 735,1381 781,1377 828,1375 874,1370 921,1368 968,1364 1014,1362 1061,1358 1107,1356 1154,1354 1201,1350 1247,1348 1294,1346 1340,1345 1387,1343 1434,1342"
                         HEIGHT="129"
                         WIDTH="932"
                         VPOS="1293"
                         HPOS="502">
                  <String HEIGHT="129"
                          WIDTH="261"
                          VPOS="1293"
                          HPOS="465"
                          CONTENT="vit"
                          SUBS_TYPE="HypPart2"
                          SUBS_CONTENT="begifvit"/>
                  <SP HEIGHT="129" WIDTH="37" VPOS="1293" HPOS="726"/>
                  <String HEIGHT="129"
                          WIDTH="261"
                          VPOS="1293"
                          HPOS="614"
                          CONTENT="sig"/>
                  <SP HEIGHT="129" WIDTH="37" VPOS="1293" HPOS="875"/>
                  <String HEIGHT="129"
                          WIDTH="261"
                          VPOS="1293"
                          HPOS="763"
                          CONTENT="hem"/>
                  <SP HEIGHT="129" WIDTH="37" VPOS="1293" HPOS="1024"/>
                  <String HEIGHT="129"
                          WIDTH="298"
                          VPOS="1293"
                          HPOS="912"
                          CONTENT="till"/>
                  <SP HEIGHT="129" WIDTH="37" VPOS="1293" HPOS="1210"/>
                  <String HEIGHT="129"
                          WIDTH="373"
                          VPOS="1293"
                          HPOS="1061"
                          CONTENT="Majorna."/>
               </TextLine>
               <TextLine ID="r1l12"
                         BASELINE="498,1500 591,1491 685,1484 779,1476 873,1470 967,1463 1060,1458 1154,1454 1248,1449 1342,1446 1436,1442 1529,1439 1623,1437 1717,1434 1811,1432 1905,1431 1998,1429 2092,1428 2186,1426 2280,1426 2374,1424"
                         HEIGHT="149"
                         WIDTH="1876"
                         VPOS="1375"
                         HPOS="498">
                  <String HEIGHT="149"
                          WIDTH="263"
                          VPOS="1375"
                          HPOS="465"
                          CONTENT="Carl"/>
                  <SP HEIGHT="149" WIDTH="33" VPOS="1375" HPOS="728"/>
                  <String HEIGHT="149"
                          WIDTH="329"
                          VPOS="1375"
                          HPOS="630"
                          CONTENT="Gustaf"/>
                  <SP HEIGHT="149" WIDTH="33" VPOS="1375" HPOS="959"/>
                  <String HEIGHT="149"
                          WIDTH="362"
                          VPOS="1375"
                          HPOS="860"
                          CONTENT="Theodor"/>
                  <SP HEIGHT="149" WIDTH="33" VPOS="1375" HPOS="1222"/>
                  <String HEIGHT="149"
                          WIDTH="362"
                          VPOS="1375"
                          HPOS="1123"
                          CONTENT="Olsson:"/>
                  <SP HEIGHT="149" WIDTH="33" VPOS="1375" HPOS="1485"/>
                  <String HEIGHT="149"
                          WIDTH="230"
                          VPOS="1375"
                          HPOS="1387"
                          CONTENT="att"/>
                  <SP HEIGHT="149" WIDTH="33" VPOS="1375" HPOS="1617"/>
                  <String HEIGHT="149"
                          WIDTH="230"
                          VPOS="1375"
                          HPOS="1518"
                          CONTENT="han"/>
                  <SP HEIGHT="149" WIDTH="33" VPOS="1375" HPOS="1749"/>
                  <String HEIGHT="149"
                          WIDTH="230"
                          VPOS="1375"
                          HPOS="1650"
                          CONTENT="den"/>
                  <SP HEIGHT="149" WIDTH="33" VPOS="1375" HPOS="1880"/>
                  <String HEIGHT="149"
                          WIDTH="165"
                          VPOS="1375"
                          HPOS="1782"
                          CONTENT="7"/>
                  <SP HEIGHT="149" WIDTH="33" VPOS="1375" HPOS="1946"/>
                  <String HEIGHT="149"
                          WIDTH="329"
                          VPOS="1375"
                          HPOS="1847"
                          CONTENT="dennes"/>
                  <SP HEIGHT="149" WIDTH="33" VPOS="1375" HPOS="2177"/>
                  <String HEIGHT="149"
                          WIDTH="197"
                          VPOS="1375"
                          HPOS="2078"
                          CONTENT="på"/>
                  <SP HEIGHT="149" WIDTH="33" VPOS="1375" HPOS="2275"/>
                  <String HEIGHT="149"
                          WIDTH="197"
                          VPOS="1375"
                          HPOS="2177"
                          CONTENT="e."/>
                  <SP HEIGHT="149" WIDTH="33" VPOS="1375" HPOS="2374"/>
                  <String HEIGHT="149"
                          WIDTH="132"
                          VPOS="1375"
                          HPOS="2242"
                          CONTENT="m."/>
               </TextLine>
               <TextLine ID="r1l13"
                         BASELINE="492,1626 586,1620 680,1615 774,1608 868,1604 962,1598 1056,1592 1150,1588 1244,1584 1338,1578 1433,1573 1527,1568 1621,1564 1715,1559 1809,1554 1903,1551 1997,1548 2091,1544 2185,1540 2279,1538 2374,1534"
                         HEIGHT="170"
                         WIDTH="1882"
                         VPOS="1482"
                         HPOS="492">
                  <String HEIGHT="170"
                          WIDTH="478"
                          VPOS="1482"
                          HPOS="460"
                          CONTENT="visserligen"/>
                  <SP HEIGHT="170" WIDTH="32" VPOS="1482" HPOS="939"/>
                  <String HEIGHT="170" WIDTH="159" VPOS="1482" HPOS="843" CONTENT="å"/>
                  <SP HEIGHT="170" WIDTH="32" VPOS="1482" HPOS="1002"/>
                  <String HEIGHT="170"
                          WIDTH="447"
                          VPOS="1482"
                          HPOS="907"
                          CONTENT="Fisktorget"/>
                  <SP HEIGHT="170" WIDTH="32" VPOS="1482" HPOS="1353"/>
                  <String HEIGHT="170"
                          WIDTH="542"
                          VPOS="1482"
                          HPOS="1258"
                          CONTENT="sammanträffat"/>
                  <SP HEIGHT="170" WIDTH="32" VPOS="1482" HPOS="1800"/>
                  <String HEIGHT="170"
                          WIDTH="223"
                          VPOS="1482"
                          HPOS="1704"
                          CONTENT="med"/>
                  <SP HEIGHT="170" WIDTH="32" VPOS="1482" HPOS="1927"/>
                  <String HEIGHT="170"
                          WIDTH="447"
                          VPOS="1482"
                          HPOS="1832"
                          CONTENT="Andersson,"/>
                  <SP HEIGHT="170" WIDTH="32" VPOS="1482" HPOS="2278"/>
                  <String HEIGHT="170"
                          WIDTH="223"
                          VPOS="1482"
                          HPOS="2151"
                          CONTENT="hvil¬"
                          SUBS_TYPE="HypPart1"
                          SUBS_CONTENT="hvilken"/>
                  <HYP CONTENT="-"/>
               </TextLine>
               <TextLine ID="r1l14"
                         BASELINE="494,1734 586,1726 678,1720 771,1715 863,1709 956,1704 1048,1700 1140,1694 1233,1690 1325,1686 1418,1682 1510,1677 1602,1674 1695,1669 1787,1666 1880,1660 1972,1656 2064,1650 2157,1644 2249,1638 2342,1632"
                         HEIGHT="177"
                         WIDTH="1848"
                         VPOS="1582"
                         HPOS="494">
                  <String HEIGHT="177"
                          WIDTH="235"
                          VPOS="1582"
                          HPOS="460"
                          CONTENT="ken"
                          SUBS_TYPE="HypPart2"
                          SUBS_CONTENT="hvilken"/>
                  <SP HEIGHT="177" WIDTH="34" VPOS="1582" HPOS="696"/>
                  <String HEIGHT="177"
                          WIDTH="336"
                          VPOS="1582"
                          HPOS="595"
                          CONTENT="bjudit"/>
                  <SP HEIGHT="177" WIDTH="34" VPOS="1582" HPOS="931"/>
                  <String HEIGHT="177"
                          WIDTH="302"
                          VPOS="1582"
                          HPOS="830"
                          CONTENT="honom"/>
                  <SP HEIGHT="177" WIDTH="34" VPOS="1582" HPOS="1132"/>
                  <String HEIGHT="177"
                          WIDTH="202"
                          VPOS="1582"
                          HPOS="1032"
                          CONTENT="på"/>
                  <SP HEIGHT="177" WIDTH="34" VPOS="1582" HPOS="1233"/>
                  <String HEIGHT="177"
                          WIDTH="370"
                          VPOS="1582"
                          HPOS="1132"
                          CONTENT="bränvin"/>
                  <SP HEIGHT="177" WIDTH="34" VPOS="1582" HPOS="1502"/>
                  <String HEIGHT="177"
                          WIDTH="235"
                          VPOS="1582"
                          HPOS="1401"
                          CONTENT="men"/>
                  <SP HEIGHT="177" WIDTH="34" VPOS="1582" HPOS="1636"/>
                  <String HEIGHT="177"
                          WIDTH="235"
                          VPOS="1582"
                          HPOS="1536"
                          CONTENT="att"/>
                  <SP HEIGHT="177" WIDTH="34" VPOS="1582" HPOS="1771"/>
                  <String HEIGHT="177"
                          WIDTH="235"
                          VPOS="1582"
                          HPOS="1670"
                          CONTENT="han"/>
                  <SP HEIGHT="177" WIDTH="34" VPOS="1582" HPOS="1905"/>
                  <String HEIGHT="177"
                          WIDTH="403"
                          VPOS="1582"
                          HPOS="1804"
                          CONTENT="derefter"/>
                  <SP HEIGHT="177" WIDTH="34" VPOS="1582" HPOS="2208"/>
                  <String HEIGHT="177"
                          WIDTH="269"
                          VPOS="1582"
                          HPOS="2073"
                          CONTENT="skiljt"/>
               </TextLine>
               <TextLine ID="r1l15"
                         BASELINE="492,1838 586,1829 680,1823 774,1816 869,1810 963,1804 1057,1800 1152,1796 1246,1792 1340,1788 1435,1785 1529,1780 1623,1777 1717,1774 1812,1770 1906,1766 2000,1760 2095,1756 2189,1750 2283,1744 2378,1738"
                         HEIGHT="175"
                         WIDTH="1886"
                         VPOS="1688"
                         HPOS="492">
                  <String HEIGHT="175"
                          WIDTH="224"
                          VPOS="1688"
                          HPOS="460"
                          CONTENT="sig"/>
                  <SP HEIGHT="175" WIDTH="32" VPOS="1688" HPOS="684"/>
                  <String HEIGHT="175"
                          WIDTH="256"
                          VPOS="1688"
                          HPOS="588"
                          CONTENT="från"/>
                  <SP HEIGHT="175" WIDTH="32" VPOS="1688" HPOS="844"/>
                  <String HEIGHT="175"
                          WIDTH="288"
                          VPOS="1688"
                          HPOS="748"
                          CONTENT="honom"/>
                  <SP HEIGHT="175" WIDTH="32" VPOS="1688" HPOS="1035"/>
                  <String HEIGHT="175"
                          WIDTH="224"
                          VPOS="1688"
                          HPOS="940"
                          CONTENT="och"/>
                  <SP HEIGHT="175" WIDTH="32" VPOS="1688" HPOS="1163"/>
                  <String HEIGHT="175"
                          WIDTH="288"
                          VPOS="1688"
                          HPOS="1067"
                          CONTENT="ensam"/>
                  <SP HEIGHT="175" WIDTH="32" VPOS="1688" HPOS="1355"/>
                  <String HEIGHT="175"
                          WIDTH="256"
                          VPOS="1688"
                          HPOS="1259"
                          CONTENT="gått"/>
                  <SP HEIGHT="175" WIDTH="32" VPOS="1688" HPOS="1515"/>
                  <String HEIGHT="175"
                          WIDTH="256"
                          VPOS="1688"
                          HPOS="1419"
                          CONTENT="till"/>
                  <SP HEIGHT="175" WIDTH="32" VPOS="1688" HPOS="1675"/>
                  <String HEIGHT="175"
                          WIDTH="448"
                          VPOS="1688"
                          HPOS="1579"
                          CONTENT="torggatan,"/>
                  <SP HEIGHT="175" WIDTH="32" VPOS="1688" HPOS="2026"/>
                  <String HEIGHT="175"
                          WIDTH="352"
                          VPOS="1688"
                          HPOS="1930"
                          CONTENT="hvarest"/>
                  <SP HEIGHT="175" WIDTH="32" VPOS="1688" HPOS="2282"/>
                  <String HEIGHT="175"
                          WIDTH="224"
                          VPOS="1688"
                          HPOS="2186"
                          CONTENT="han"/>
                  <SP HEIGHT="175" WIDTH="32" VPOS="1688" HPOS="2410"/>
                  <String HEIGHT="175" WIDTH="96" VPOS="1688" HPOS="2282" CONTENT="å"/>
               </TextLine>
               <TextLine ID="r1l16"
                         BASELINE="490,1946 585,1938 681,1933 777,1926 873,1920 969,1915 1064,1910 1160,1905 1256,1900 1352,1895 1448,1892 1543,1888 1639,1884 1735,1880 1831,1876 1927,1874 2022,1870 2118,1867 2214,1864 2310,1862 2406,1858"
                         HEIGHT="166"
                         WIDTH="1916"
                         VPOS="1806"
                         HPOS="490">
                  <String HEIGHT="166"
                          WIDTH="213"
                          VPOS="1806"
                          HPOS="460"
                          CONTENT="ett"/>
                  <SP HEIGHT="166" WIDTH="30" VPOS="1806" HPOS="672"/>
                  <String HEIGHT="166"
                          WIDTH="547"
                          VPOS="1806"
                          HPOS="581"
                          CONTENT="bolagsvärdshus"/>
                  <SP HEIGHT="166" WIDTH="30" VPOS="1806" HPOS="1129"/>
                  <String HEIGHT="166"
                          WIDTH="335"
                          VPOS="1806"
                          HPOS="1037"
                          CONTENT="intagit"/>
                  <SP HEIGHT="166" WIDTH="30" VPOS="1806" HPOS="1372"/>
                  <String HEIGHT="166"
                          WIDTH="365"
                          VPOS="1806"
                          HPOS="1281"
                          CONTENT="bränwin;"/>
                  <SP HEIGHT="166" WIDTH="30" VPOS="1806" HPOS="1646"/>
                  <String HEIGHT="166"
                          WIDTH="213"
                          VPOS="1806"
                          HPOS="1554"
                          CONTENT="att"/>
                  <SP HEIGHT="166" WIDTH="30" VPOS="1806" HPOS="1767"/>
                  <String HEIGHT="166"
                          WIDTH="243"
                          VPOS="1806"
                          HPOS="1676"
                          CONTENT="han,"/>
                  <SP HEIGHT="166" WIDTH="30" VPOS="1806" HPOS="1919"/>
                  <String HEIGHT="166"
                          WIDTH="213"
                          VPOS="1806"
                          HPOS="1828"
                          CONTENT="som"/>
                  <SP HEIGHT="166" WIDTH="30" VPOS="1806" HPOS="2041"/>
                  <String HEIGHT="166"
                          WIDTH="213"
                          VPOS="1806"
                          HPOS="1950"
                          CONTENT="der"/>
                  <SP HEIGHT="166" WIDTH="30" VPOS="1806" HPOS="2163"/>
                  <String HEIGHT="166"
                          WIDTH="243"
                          VPOS="1806"
                          HPOS="2071"
                          CONTENT="sett"/>
                  <SP HEIGHT="166" WIDTH="30" VPOS="1806" HPOS="2315"/>
                  <String HEIGHT="166"
                          WIDTH="213"
                          VPOS="1806"
                          HPOS="2193"
                          CONTENT="Berg¬"
                          SUBS_TYPE="HypPart1"
                          SUBS_CONTENT="Bergman,"/>
                  <HYP CONTENT="-"/>
               </TextLine>
               <TextLine ID="r1l17"
                         BASELINE="494,2058 588,2052 682,2046 776,2040 870,2035 965,2029 1059,2024 1153,2018 1247,2013 1341,2009 1436,2005 1530,2000 1624,1996 1718,1992 1812,1988 1907,1984 2001,1980 2095,1978 2189,1976 2283,1972 2378,1968"
                         HEIGHT="168"
                         WIDTH="1884"
                         VPOS="1916"
                         HPOS="494">
                  <String HEIGHT="168"
                          WIDTH="243"
                          VPOS="1916"
                          HPOS="464"
                          CONTENT="man,"
                          SUBS_TYPE="HypPart2"
                          SUBS_CONTENT="Bergman,"/>
                  <SP HEIGHT="168" WIDTH="30" VPOS="1916" HPOS="707"/>
                  <String HEIGHT="168"
                          WIDTH="365"
                          VPOS="1916"
                          HPOS="616"
                          CONTENT="derefter"/>
                  <SP HEIGHT="168" WIDTH="30" VPOS="1916" HPOS="980"/>
                  <String HEIGHT="168"
                          WIDTH="243"
                          VPOS="1916"
                          HPOS="889"
                          CONTENT="gått"/>
                  <SP HEIGHT="168" WIDTH="30" VPOS="1916" HPOS="1132"/>
                  <String HEIGHT="168"
                          WIDTH="243"
                          VPOS="1916"
                          HPOS="1041"
                          CONTENT="till"/>
                  <SP HEIGHT="168" WIDTH="30" VPOS="1916" HPOS="1284"/>
                  <String HEIGHT="168"
                          WIDTH="577"
                          VPOS="1916"
                          HPOS="1193"
                          CONTENT="Grönsakstorget,"/>
                  <SP HEIGHT="168" WIDTH="30" VPOS="1916" HPOS="1770"/>
                  <String HEIGHT="168"
                          WIDTH="334"
                          VPOS="1916"
                          HPOS="1679"
                          CONTENT="hvarest"/>
                  <SP HEIGHT="168" WIDTH="30" VPOS="1916" HPOS="2013"/>
                  <String HEIGHT="168"
                          WIDTH="213"
                          VPOS="1916"
                          HPOS="1922"
                          CONTENT="han"/>
                  <SP HEIGHT="168" WIDTH="30" VPOS="1916" HPOS="2135"/>
                  <String HEIGHT="168"
                          WIDTH="243"
                          VPOS="1916"
                          HPOS="2044"
                          CONTENT="åter"/>
                  <SP HEIGHT="168" WIDTH="30" VPOS="1916" HPOS="2287"/>
                  <String HEIGHT="168"
                          WIDTH="213"
                          VPOS="1916"
                          HPOS="2165"
                          CONTENT="träf¬"
                          SUBS_TYPE="HypPart1"
                          SUBS_CONTENT="träffat"/>
                  <HYP CONTENT="-"/>
               </TextLine>
               <TextLine ID="r1l18"
                         BASELINE="468,2180 563,2175 659,2170 755,2164 850,2158 946,2153 1042,2147 1137,2141 1233,2136 1329,2130 1425,2125 1520,2120 1616,2114 1712,2108 1807,2104 1903,2098 1999,2093 2094,2089 2190,2085 2286,2081 2382,2076"
                         HEIGHT="180"
                         WIDTH="1914"
                         VPOS="2025"
                         HPOS="468">
                  <String HEIGHT="180"
                          WIDTH="248"
                          VPOS="2025"
                          HPOS="433"
                          CONTENT="fat"
                          SUBS_TYPE="HypPart2"
                          SUBS_CONTENT="träffat"/>
                  <SP HEIGHT="180" WIDTH="35" VPOS="2025" HPOS="681"/>
                  <String HEIGHT="180"
                          WIDTH="532"
                          VPOS="2025"
                          HPOS="574"
                          CONTENT="tillsammans"/>
                  <SP HEIGHT="180" WIDTH="35" VPOS="2025" HPOS="1106"/>
                  <String HEIGHT="180"
                          WIDTH="248"
                          VPOS="2025"
                          HPOS="1000"
                          CONTENT="med"/>
                  <SP HEIGHT="180" WIDTH="35" VPOS="2025" HPOS="1248"/>
                  <String HEIGHT="180"
                          WIDTH="496"
                          VPOS="2025"
                          HPOS="1141"
                          CONTENT="Andersson,"/>
                  <SP HEIGHT="180" WIDTH="35" VPOS="2025" HPOS="1638"/>
                  <String HEIGHT="180"
                          WIDTH="248"
                          VPOS="2025"
                          HPOS="1531"
                          CONTENT="men"/>
                  <SP HEIGHT="180" WIDTH="35" VPOS="2025" HPOS="1779"/>
                  <String HEIGHT="180"
                          WIDTH="319"
                          VPOS="2025"
                          HPOS="1673"
                          CONTENT="efter"/>
                  <SP HEIGHT="180" WIDTH="35" VPOS="2025" HPOS="1992"/>
                  <String HEIGHT="180"
                          WIDTH="213"
                          VPOS="2025"
                          HPOS="1886"
                          CONTENT="en"/>
                  <SP HEIGHT="180" WIDTH="35" VPOS="2025" HPOS="2098"/>
                  <String HEIGHT="180"
                          WIDTH="284"
                          VPOS="2025"
                          HPOS="1992"
                          CONTENT="kort"/>
                  <SP HEIGHT="180" WIDTH="35" VPOS="2025" HPOS="2276"/>
                  <String HEIGHT="180"
                          WIDTH="248"
                          VPOS="2025"
                          HPOS="2134"
                          CONTENT="stund"/>
               </TextLine>
               <TextLine ID="r1l19"
                         BASELINE="488,2286 583,2280 678,2275 773,2270 868,2265 963,2260 1058,2254 1153,2248 1248,2242 1343,2236 1438,2230 1533,2224 1628,2220 1723,2214 1818,2208 1913,2203 2008,2199 2103,2194 2198,2189 2293,2184 2388,2180"
                         HEIGHT="182"
                         WIDTH="1900"
                         VPOS="2129"
                         HPOS="488">
                  <String HEIGHT="182"
                          WIDTH="311"
                          VPOS="2129"
                          HPOS="457"
                          CONTENT="skiljt"/>
                  <SP HEIGHT="182" WIDTH="31" VPOS="2129" HPOS="768"/>
                  <String HEIGHT="182"
                          WIDTH="218"
                          VPOS="2129"
                          HPOS="675"
                          CONTENT="sig"/>
                  <SP HEIGHT="182" WIDTH="31" VPOS="2129" HPOS="893"/>
                  <String HEIGHT="182"
                          WIDTH="249"
                          VPOS="2129"
                          HPOS="799"
                          CONTENT="från"/>
                  <SP HEIGHT="182" WIDTH="31" VPOS="2129" HPOS="1049"/>
                  <String HEIGHT="182"
                          WIDTH="280"
                          VPOS="2129"
                          HPOS="955"
                          CONTENT="denne"/>
                  <SP HEIGHT="182" WIDTH="31" VPOS="2129" HPOS="1236"/>
                  <String HEIGHT="182"
                          WIDTH="218"
                          VPOS="2129"
                          HPOS="1142"
                          CONTENT="och"/>
                  <SP HEIGHT="182" WIDTH="31" VPOS="2129" HPOS="1360"/>
                  <String HEIGHT="182"
                          WIDTH="374"
                          VPOS="2129"
                          HPOS="1267"
                          CONTENT="begifvit"/>
                  <SP HEIGHT="182" WIDTH="31" VPOS="2129" HPOS="1640"/>
                  <String HEIGHT="182"
                          WIDTH="218"
                          VPOS="2129"
                          HPOS="1547"
                          CONTENT="sig"/>
                  <SP HEIGHT="182" WIDTH="31" VPOS="2129" HPOS="1765"/>
                  <String HEIGHT="182"
                          WIDTH="218"
                          VPOS="2129"
                          HPOS="1672"
                          CONTENT="hem"/>
                  <SP HEIGHT="182" WIDTH="31" VPOS="2129" HPOS="1890"/>
                  <String HEIGHT="182"
                          WIDTH="249"
                          VPOS="2129"
                          HPOS="1796"
                          CONTENT="till"/>
                  <SP HEIGHT="182" WIDTH="31" VPOS="2129" HPOS="2045"/>
                  <String HEIGHT="182"
                          WIDTH="374"
                          VPOS="2129"
                          HPOS="1952"
                          CONTENT="Majorna,"/>
                  <SP HEIGHT="182" WIDTH="31" VPOS="2129" HPOS="2326"/>
                  <String HEIGHT="182"
                          WIDTH="187"
                          VPOS="2129"
                          HPOS="2201"
                          CONTENT="samt"/>
               </TextLine>
               <TextLine ID="r1l20"
                         BASELINE="486,2398 578,2396 671,2392 764,2386 857,2382 950,2376 1042,2372 1135,2366 1228,2361 1321,2355 1414,2350 1506,2344 1599,2338 1692,2334 1785,2328 1878,2324 1970,2319 2063,2315 2156,2312 2249,2308 2342,2304"
                         HEIGHT="172"
                         WIDTH="1856"
                         VPOS="2252"
                         HPOS="486">
                  <String HEIGHT="172"
                          WIDTH="245"
                          VPOS="2252"
                          HPOS="451"
                          CONTENT="att"/>
                  <SP HEIGHT="172" WIDTH="35" VPOS="2252" HPOS="696"/>
                  <String HEIGHT="172"
                          WIDTH="245"
                          VPOS="2252"
                          HPOS="591"
                          CONTENT="han"/>
                  <SP HEIGHT="172" WIDTH="35" VPOS="2252" HPOS="836"/>
                  <String HEIGHT="172"
                          WIDTH="280"
                          VPOS="2252"
                          HPOS="731"
                          CONTENT="icke"/>
                  <SP HEIGHT="172" WIDTH="35" VPOS="2252" HPOS="1011"/>
                  <String HEIGHT="172"
                          WIDTH="420"
                          VPOS="2252"
                          HPOS="906"
                          CONTENT="innehaft"/>
                  <SP HEIGHT="172" WIDTH="35" VPOS="2252" HPOS="1326"/>
                  <String HEIGHT="172"
                          WIDTH="525"
                          VPOS="2252"
                          HPOS="1221"
                          CONTENT="ifrågakomne"/>
                  <SP HEIGHT="172" WIDTH="35" VPOS="2252" HPOS="1747"/>
                  <String HEIGHT="172"
                          WIDTH="420"
                          VPOS="2252"
                          HPOS="1642"
                          CONTENT="psalmbok"/>
                  <SP HEIGHT="172" WIDTH="35" VPOS="2252" HPOS="2062"/>
                  <String HEIGHT="172"
                          WIDTH="315"
                          VPOS="2252"
                          HPOS="1957"
                          CONTENT="eller"/>
                  <SP HEIGHT="172" WIDTH="35" VPOS="2252" HPOS="2272"/>
                  <String HEIGHT="172"
                          WIDTH="210"
                          VPOS="2252"
                          HPOS="2132"
                          CONTENT="eger"/>
               </TextLine>
               <TextLine ID="r1l21"
                         BASELINE="502,2518 570,2512 639,2508 708,2503 777,2499 846,2495 914,2492 983,2488 1052,2484 1121,2480 1190,2477 1258,2474 1327,2470 1396,2468 1465,2465 1534,2462 1602,2460 1671,2456 1740,2454 1809,2452 1878,2448"
                         HEIGHT="140"
                         WIDTH="1376"
                         VPOS="2401"
                         HPOS="502">
                  <String HEIGHT="140"
                          WIDTH="318"
                          VPOS="2401"
                          HPOS="467"
                          CONTENT="någon"/>
                  <SP HEIGHT="140" WIDTH="35" VPOS="2401" HPOS="784"/>
                  <String HEIGHT="140"
                          WIDTH="423"
                          VPOS="2401"
                          HPOS="678"
                          CONTENT="kännedom"/>
                  <SP HEIGHT="140" WIDTH="35" VPOS="2401" HPOS="1102"/>
                  <String HEIGHT="140"
                          WIDTH="212"
                          VPOS="2401"
                          HPOS="996"
                          CONTENT="om"/>
                  <SP HEIGHT="140" WIDTH="35" VPOS="2401" HPOS="1208"/>
                  <String HEIGHT="140"
                          WIDTH="529"
                          VPOS="2401"
                          HPOS="1102"
                          CONTENT="tillgreppet"/>
                  <SP HEIGHT="140" WIDTH="35" VPOS="2401" HPOS="1631"/>
                  <String HEIGHT="140"
                          WIDTH="212"
                          VPOS="2401"
                          HPOS="1525"
                          CONTENT="af"/>
                  <SP HEIGHT="140" WIDTH="35" VPOS="2401" HPOS="1737"/>
                  <String HEIGHT="140"
                          WIDTH="282"
                          VPOS="2401"
                          HPOS="1596"
                          CONTENT="tinan."/>
               </TextLine>
               <TextLine ID="r1l22"
                         BASELINE="630,2604 718,2598 807,2593 895,2589 984,2584 1073,2580 1161,2576 1250,2572 1338,2569 1427,2566 1516,2564 1604,2560 1693,2557 1781,2554 1870,2551 1959,2547 2047,2544 2136,2539 2224,2534 2313,2529 2402,2522"
                         HEIGHT="152"
                         WIDTH="1772"
                         VPOS="2475"
                         HPOS="630">
                  <String HEIGHT="152"
                          WIDTH="506"
                          VPOS="2475"
                          HPOS="594"
                          CONTENT="Yngligarne"/>
                  <SP HEIGHT="152" WIDTH="36" VPOS="2475" HPOS="1100"/>
                  <String HEIGHT="152"
                          WIDTH="398"
                          VPOS="2475"
                          HPOS="992"
                          CONTENT="Andreas"/>
                  <SP HEIGHT="152" WIDTH="36" VPOS="2475" HPOS="1389"/>
                  <String HEIGHT="152"
                          WIDTH="362"
                          VPOS="2475"
                          HPOS="1281"
                          CONTENT="Magnus"/>
                  <SP HEIGHT="152" WIDTH="36" VPOS="2475" HPOS="1643"/>
                  <String HEIGHT="152"
                          WIDTH="434"
                          VPOS="2475"
                          HPOS="1534"
                          CONTENT="Bergman,"/>
                  <SP HEIGHT="152" WIDTH="36" VPOS="2475" HPOS="1968"/>
                  <String HEIGHT="152"
                          WIDTH="289"
                          VPOS="2475"
                          HPOS="1860"
                          CONTENT="född"/>
                  <SP HEIGHT="152" WIDTH="36" VPOS="2475" HPOS="2149"/>
                  <String HEIGHT="152"
                          WIDTH="253"
                          VPOS="2475"
                          HPOS="2040"
                          CONTENT="den"/>
                  <SP HEIGHT="152" WIDTH="36" VPOS="2475" HPOS="2294"/>
                  <String HEIGHT="152"
                          WIDTH="181"
                          VPOS="2475"
                          HPOS="2185"
                          CONTENT="7"/>
                  <SP HEIGHT="152" WIDTH="36" VPOS="2475" HPOS="2366"/>
                  <String HEIGHT="152"
                          WIDTH="181"
                          VPOS="2475"
                          HPOS="2221"
                          CONTENT="De¬"
                          SUBS_TYPE="HypPart1"
                          SUBS_CONTENT="December"/>
                  <HYP CONTENT="-"/>
               </TextLine>
               <TextLine ID="r1l23"
                         BASELINE="486,2730 580,2724 675,2717 770,2710 865,2704 960,2699 1054,2692 1149,2688 1244,2683 1339,2678 1434,2674 1528,2670 1623,2665 1718,2662 1813,2658 1908,2654 2002,2650 2097,2648 2192,2644 2287,2640 2382,2636"
                         HEIGHT="172"
                         WIDTH="1896"
                         VPOS="2584"
                         HPOS="486">
                  <String HEIGHT="172"
                          WIDTH="358"
                          VPOS="2584"
                          HPOS="450"
                          CONTENT="cember"
                          SUBS_TYPE="HypPart2"
                          SUBS_CONTENT="December"/>
                  <SP HEIGHT="172" WIDTH="36" VPOS="2584" HPOS="808"/>
                  <String HEIGHT="172"
                          WIDTH="286"
                          VPOS="2584"
                          HPOS="701"
                          CONTENT="1863"/>
                  <SP HEIGHT="172" WIDTH="36" VPOS="2584" HPOS="987"/>
                  <String HEIGHT="172"
                          WIDTH="250"
                          VPOS="2584"
                          HPOS="880"
                          CONTENT="och"/>
                  <SP HEIGHT="172" WIDTH="36" VPOS="2584" HPOS="1130"/>
                  <String HEIGHT="172"
                          WIDTH="358"
                          VPOS="2584"
                          HPOS="1023"
                          CONTENT="boende"/>
                  <SP HEIGHT="172" WIDTH="36" VPOS="2584" HPOS="1380"/>
                  <String HEIGHT="172"
                          WIDTH="250"
                          VPOS="2584"
                          HPOS="1273"
                          CONTENT="hos"/>
                  <SP HEIGHT="172" WIDTH="36" VPOS="2584" HPOS="1523"/>
                  <String HEIGHT="172"
                          WIDTH="250"
                          VPOS="2584"
                          HPOS="1416"
                          CONTENT="sin"/>
                  <SP HEIGHT="172" WIDTH="36" VPOS="2584" HPOS="1667"/>
                  <String HEIGHT="172"
                          WIDTH="322"
                          VPOS="2584"
                          HPOS="1559"
                          CONTENT="moder"/>
                  <SP HEIGHT="172" WIDTH="36" VPOS="2584" HPOS="1881"/>
                  <String HEIGHT="172"
                          WIDTH="322"
                          VPOS="2584"
                          HPOS="1774"
                          CONTENT="enkan"/>
                  <SP HEIGHT="172" WIDTH="36" VPOS="2584" HPOS="2096"/>
                  <String HEIGHT="172"
                          WIDTH="286"
                          VPOS="2584"
                          HPOS="1988"
                          CONTENT="Anna"/>
                  <SP HEIGHT="172" WIDTH="36" VPOS="2584" HPOS="2275"/>
                  <String HEIGHT="172"
                          WIDTH="250"
                          VPOS="2584"
                          HPOS="2132"
                          CONTENT="Chri¬"
                          SUBS_TYPE="HypPart1"
                          SUBS_CONTENT="Christina"/>
                  <HYP CONTENT="-"/>
               </TextLine>
               <TextLine ID="r1l24"
                         BASELINE="482,2838 577,2830 672,2824 767,2817 862,2812 957,2806 1052,2800 1147,2794 1242,2790 1337,2784 1432,2780 1527,2776 1622,2772 1717,2768 1812,2764 1907,2760 2002,2757 2097,2753 2192,2750 2287,2747 2382,2744"
                         HEIGHT="172"
                         WIDTH="1900"
                         VPOS="2692"
                         HPOS="482">
                  <String HEIGHT="172"
                          WIDTH="280"
                          VPOS="2692"
                          HPOS="451"
                          CONTENT="stina"
                          SUBS_TYPE="HypPart2"
                          SUBS_CONTENT="Christina"/>
                  <SP HEIGHT="172" WIDTH="31" VPOS="2692" HPOS="731"/>
                  <String HEIGHT="172"
                          WIDTH="311"
                          VPOS="2692"
                          HPOS="638"
                          CONTENT="Olsson"/>
                  <SP HEIGHT="172" WIDTH="31" VPOS="2692" HPOS="949"/>
                  <String HEIGHT="172" WIDTH="156" VPOS="2692" HPOS="856" CONTENT="i"/>
                  <SP HEIGHT="172" WIDTH="31" VPOS="2692" HPOS="1012"/>
                  <String HEIGHT="172"
                          WIDTH="280"
                          VPOS="2692"
                          HPOS="918"
                          CONTENT="huset"/>
                  <SP HEIGHT="172" WIDTH="31" VPOS="2692" HPOS="1198"/>
                  <String HEIGHT="172"
                          WIDTH="187"
                          VPOS="2692"
                          HPOS="1105"
                          CONTENT="No"/>
                  <SP HEIGHT="172" WIDTH="31" VPOS="2692" HPOS="1292"/>
                  <String HEIGHT="172"
                          WIDTH="218"
                          VPOS="2692"
                          HPOS="1198"
                          CONTENT="139"/>
                  <SP HEIGHT="172" WIDTH="31" VPOS="2692" HPOS="1416"/>
                  <String HEIGHT="172"
                          WIDTH="187"
                          VPOS="2692"
                          HPOS="1323"
                          CONTENT="af"/>
                  <SP HEIGHT="172" WIDTH="31" VPOS="2692" HPOS="1510"/>
                  <String HEIGHT="172"
                          WIDTH="374"
                          VPOS="2692"
                          HPOS="1416"
                          CONTENT="Majornas"/>
                  <SP HEIGHT="172" WIDTH="31" VPOS="2692" HPOS="1790"/>
                  <String HEIGHT="172"
                          WIDTH="311"
                          VPOS="2692"
                          HPOS="1697"
                          CONTENT="förste"/>
                  <SP HEIGHT="172" WIDTH="31" VPOS="2692" HPOS="2008"/>
                  <String HEIGHT="172"
                          WIDTH="249"
                          VPOS="2692"
                          HPOS="1915"
                          CONTENT="rote"/>
                  <SP HEIGHT="172" WIDTH="31" VPOS="2692" HPOS="2164"/>
                  <String HEIGHT="172"
                          WIDTH="249"
                          VPOS="2692"
                          HPOS="2071"
                          CONTENT="samt"/>
                  <SP HEIGHT="172" WIDTH="31" VPOS="2692" HPOS="2320"/>
                  <String HEIGHT="172"
                          WIDTH="187"
                          VPOS="2692"
                          HPOS="2195"
                          CONTENT="John"/>
               </TextLine>
               <TextLine ID="r1l25"
                         BASELINE="458,2946 552,2939 647,2932 741,2926 836,2920 931,2916 1025,2910 1120,2906 1214,2900 1309,2897 1404,2892 1498,2888 1593,2884 1687,2880 1782,2874 1877,2868 1971,2864 2066,2858 2160,2852 2255,2845 2350,2836"
                         HEIGHT="188"
                         WIDTH="1892"
                         VPOS="2784"
                         HPOS="458">
                  <String HEIGHT="188"
                          WIDTH="294"
                          VPOS="2784"
                          HPOS="425"
                          CONTENT="Albin"/>
                  <SP HEIGHT="188" WIDTH="33" VPOS="2784" HPOS="719"/>
                  <String HEIGHT="188"
                          WIDTH="326"
                          VPOS="2784"
                          HPOS="621"
                          CONTENT="Olsson"/>
                  <SP HEIGHT="188" WIDTH="33" VPOS="2784" HPOS="947"/>
                  <String HEIGHT="188"
                          WIDTH="261"
                          VPOS="2784"
                          HPOS="849"
                          CONTENT="född"/>
                  <SP HEIGHT="188" WIDTH="33" VPOS="2784" HPOS="1110"/>
                  <String HEIGHT="188"
                          WIDTH="228"
                          VPOS="2784"
                          HPOS="1013"
                          CONTENT="den"/>
                  <SP HEIGHT="188" WIDTH="33" VPOS="2784" HPOS="1241"/>
                  <String HEIGHT="188"
                          WIDTH="163"
                          VPOS="2784"
                          HPOS="1143"
                          CONTENT="7"/>
                  <SP HEIGHT="188" WIDTH="33" VPOS="2784" HPOS="1306"/>
                  <String HEIGHT="188"
                          WIDTH="294"
                          VPOS="2784"
                          HPOS="1208"
                          CONTENT="Sept."/>
                  <SP HEIGHT="188" WIDTH="33" VPOS="2784" HPOS="1502"/>
                  <String HEIGHT="188"
                          WIDTH="261"
                          VPOS="2784"
                          HPOS="1404"
                          CONTENT="1864"/>
                  <SP HEIGHT="188" WIDTH="33" VPOS="2784" HPOS="1665"/>
                  <String HEIGHT="188"
                          WIDTH="228"
                          VPOS="2784"
                          HPOS="1567"
                          CONTENT="och"/>
                  <SP HEIGHT="188" WIDTH="33" VPOS="2784" HPOS="1795"/>
                  <String HEIGHT="188"
                          WIDTH="326"
                          VPOS="2784"
                          HPOS="1698"
                          CONTENT="boende"/>
                  <SP HEIGHT="188" WIDTH="33" VPOS="2784" HPOS="2024"/>
                  <String HEIGHT="188"
                          WIDTH="163"
                          VPOS="2784"
                          HPOS="1926"
                          CONTENT="i"/>
                  <SP HEIGHT="188" WIDTH="33" VPOS="2784" HPOS="2089"/>
                  <String HEIGHT="188"
                          WIDTH="294"
                          VPOS="2784"
                          HPOS="1991"
                          CONTENT="huset"/>
                  <SP HEIGHT="188" WIDTH="33" VPOS="2784" HPOS="2285"/>
                  <String HEIGHT="188"
                          WIDTH="196"
                          VPOS="2784"
                          HPOS="2187"
                          CONTENT="No"/>
                  <SP HEIGHT="188" WIDTH="33" VPOS="2784" HPOS="2383"/>
                  <String HEIGHT="188" WIDTH="98" VPOS="2784" HPOS="2252" CONTENT="1"/>
               </TextLine>
               <TextLine ID="r1l26"
                         BASELINE="474,3048 568,3043 663,3038 757,3033 852,3027 947,3022 1041,3017 1136,3012 1230,3008 1325,3002 1420,2998 1514,2994 1609,2989 1703,2984 1798,2980 1893,2976 1987,2971 2082,2967 2176,2963 2271,2960 2366,2956"
                         HEIGHT="170"
                         WIDTH="1892"
                         VPOS="2904"
                         HPOS="474">
                  <String HEIGHT="170"
                          WIDTH="210"
                          VPOS="2904"
                          HPOS="439"
                          CONTENT="af"/>
                  <SP HEIGHT="170" WIDTH="35" VPOS="2904" HPOS="649"/>
                  <String HEIGHT="170"
                          WIDTH="420"
                          VPOS="2904"
                          HPOS="544"
                          CONTENT="Majornas"/>
                  <SP HEIGHT="170" WIDTH="35" VPOS="2904" HPOS="965"/>
                  <String HEIGHT="170"
                          WIDTH="350"
                          VPOS="2904"
                          HPOS="859"
                          CONTENT="Tredje"/>
                  <SP HEIGHT="170" WIDTH="35" VPOS="2904" HPOS="1210"/>
                  <String HEIGHT="170"
                          WIDTH="280"
                          VPOS="2904"
                          HPOS="1105"
                          CONTENT="rote"/>
                  <SP HEIGHT="170" WIDTH="35" VPOS="2904" HPOS="1385"/>
                  <String HEIGHT="170"
                          WIDTH="315"
                          VPOS="2904"
                          HPOS="1280"
                          CONTENT="hafva"/>
                  <SP HEIGHT="170" WIDTH="35" VPOS="2904" HPOS="1595"/>
                  <String HEIGHT="170"
                          WIDTH="350"
                          VPOS="2904"
                          HPOS="1490"
                          CONTENT="blivit"/>
                  <SP HEIGHT="170" WIDTH="35" VPOS="2904" HPOS="1840"/>
                  <String HEIGHT="170"
                          WIDTH="315"
                          VPOS="2904"
                          HPOS="1735"
                          CONTENT="hörde"/>
                  <SP HEIGHT="170" WIDTH="35" VPOS="2904" HPOS="2051"/>
                  <String HEIGHT="170"
                          WIDTH="245"
                          VPOS="2904"
                          HPOS="1946"
                          CONTENT="och"/>
                  <SP HEIGHT="170" WIDTH="35" VPOS="2904" HPOS="2191"/>
                  <String HEIGHT="170"
                          WIDTH="315"
                          VPOS="2904"
                          HPOS="2051"
                          CONTENT="samman¬"
                          SUBS_TYPE="HypPart1"
                          SUBS_CONTENT="sammanstämmande"/>
                  <HYP CONTENT="-"/>
               </TextLine>
               <TextLine ID="r1l27"
                         BASELINE="466,3152 560,3148 654,3144 748,3138 842,3135 937,3130 1031,3123 1125,3118 1219,3113 1313,3108 1408,3103 1502,3098 1596,3092 1690,3086 1784,3082 1879,3077 1973,3072 2067,3068 2161,3064 2255,3060 2350,3056"
                         HEIGHT="171"
                         WIDTH="1884"
                         VPOS="3006"
                         HPOS="466">
                  <String HEIGHT="171"
                          WIDTH="471"
                          VPOS="3006"
                          HPOS="430"
                          CONTENT="stämmande"
                          SUBS_TYPE="HypPart2"
                          SUBS_CONTENT="sammanstämmande"/>
                  <SP HEIGHT="171" WIDTH="36" VPOS="3006" HPOS="901"/>
                  <String HEIGHT="171"
                          WIDTH="507"
                          VPOS="3006"
                          HPOS="792"
                          CONTENT="uppgifvit,"/>
                  <SP HEIGHT="171" WIDTH="36" VPOS="3006" HPOS="1299"/>
                  <String HEIGHT="171"
                          WIDTH="254"
                          VPOS="3006"
                          HPOS="1191"
                          CONTENT="att"/>
                  <SP HEIGHT="171" WIDTH="36" VPOS="3006" HPOS="1444"/>
                  <String HEIGHT="171"
                          WIDTH="217"
                          VPOS="3006"
                          HPOS="1336"
                          CONTENT="de"/>
                  <SP HEIGHT="171" WIDTH="36" VPOS="3006" HPOS="1553"/>
                  <String HEIGHT="171"
                          WIDTH="435"
                          VPOS="3006"
                          HPOS="1444"
                          CONTENT="Lördagen"/>
                  <SP HEIGHT="171" WIDTH="36" VPOS="3006" HPOS="1879"/>
                  <String HEIGHT="171"
                          WIDTH="254"
                          VPOS="3006"
                          HPOS="1770"
                          CONTENT="den"/>
                  <SP HEIGHT="171" WIDTH="36" VPOS="3006" HPOS="2024"/>
                  <String HEIGHT="171"
                          WIDTH="181"
                          VPOS="3006"
                          HPOS="1915"
                          CONTENT="7"/>
                  <SP HEIGHT="171" WIDTH="36" VPOS="3006" HPOS="2096"/>
                  <String HEIGHT="171"
                          WIDTH="362"
                          VPOS="3006"
                          HPOS="1988"
                          CONTENT="dennes"/>
                  <SP HEIGHT="171" WIDTH="36" VPOS="3006" HPOS="2350"/>
                  <String HEIGHT="171"
                          WIDTH="145"
                          VPOS="3006"
                          HPOS="2205"
                          CONTENT="på"/>
               </TextLine>
               <TextLine ID="r1l28"
                         BASELINE="472,3268 566,3259 661,3251 756,3243 850,3236 945,3232 1040,3225 1134,3220 1229,3216 1324,3211 1419,3206 1513,3203 1608,3200 1703,3196 1797,3194 1892,3190 1987,3188 2081,3186 2176,3184 2271,3182 2366,3180"
                         HEIGHT="163"
                         WIDTH="1894"
                         VPOS="3130"
                         HPOS="472">
                  <String HEIGHT="163"
                          WIDTH="281"
                          VPOS="3130"
                          HPOS="437"
                          CONTENT="e.m."/>
                  <SP HEIGHT="163" WIDTH="35" VPOS="3130" HPOS="718"/>
                  <String HEIGHT="163" WIDTH="175" VPOS="3130" HPOS="612" CONTENT="å"/>
                  <SP HEIGHT="163" WIDTH="35" VPOS="3130" HPOS="788"/>
                  <String HEIGHT="163"
                          WIDTH="491"
                          VPOS="3130"
                          HPOS="682"
                          CONTENT="fisktorget"/>
                  <SP HEIGHT="163" WIDTH="35" VPOS="3130" HPOS="1173"/>
                  <String HEIGHT="163"
                          WIDTH="596"
                          VPOS="3130"
                          HPOS="1068"
                          CONTENT="sammanträffat"/>
                  <SP HEIGHT="163" WIDTH="35" VPOS="3130" HPOS="1665"/>
                  <String HEIGHT="163"
                          WIDTH="246"
                          VPOS="3130"
                          HPOS="1559"
                          CONTENT="med"/>
                  <SP HEIGHT="163" WIDTH="35" VPOS="3130" HPOS="1805"/>
                  <String HEIGHT="163"
                          WIDTH="456"
                          VPOS="3130"
                          HPOS="1700"
                          CONTENT="Andersson"/>
                  <SP HEIGHT="163" WIDTH="35" VPOS="3130" HPOS="2156"/>
                  <String HEIGHT="163"
                          WIDTH="246"
                          VPOS="3130"
                          HPOS="2050"
                          CONTENT="och"/>
                  <SP HEIGHT="163" WIDTH="35" VPOS="3130" HPOS="2296"/>
                  <String HEIGHT="163"
                          WIDTH="210"
                          VPOS="3130"
                          HPOS="2156"
                          CONTENT="Carl"/>
               </TextLine>
               <TextLine ID="r1l29"
                         BASELINE="466,3378 560,3372 655,3365 750,3360 845,3356 940,3350 1034,3344 1129,3340 1224,3334 1319,3330 1414,3326 1508,3321 1603,3317 1698,3312 1793,3309 1888,3304 1982,3302 2077,3298 2172,3294 2267,3292 2362,3290"
                         HEIGHT="166"
                         WIDTH="1896"
                         VPOS="3238"
                         HPOS="466">
                  <String HEIGHT="166"
                          WIDTH="333"
                          VPOS="3238"
                          HPOS="433"
                          CONTENT="Olsson"/>
                  <SP HEIGHT="166" WIDTH="33" VPOS="3238" HPOS="765"/>
                  <String HEIGHT="166"
                          WIDTH="266"
                          VPOS="3238"
                          HPOS="666"
                          CONTENT="samt"/>
                  <SP HEIGHT="166" WIDTH="33" VPOS="3238" HPOS="932"/>
                  <String HEIGHT="166"
                          WIDTH="366"
                          VPOS="3238"
                          HPOS="832"
                          CONTENT="åtföljt"/>
                  <SP HEIGHT="166" WIDTH="33" VPOS="3238" HPOS="1198"/>
                  <String HEIGHT="166"
                          WIDTH="233"
                          VPOS="3238"
                          HPOS="1098"
                          CONTENT="dem"/>
                  <SP HEIGHT="166" WIDTH="33" VPOS="3238" HPOS="1331"/>
                  <String HEIGHT="166"
                          WIDTH="266"
                          VPOS="3238"
                          HPOS="1231"
                          CONTENT="till"/>
                  <SP HEIGHT="166" WIDTH="33" VPOS="3238" HPOS="1497"/>
                  <String HEIGHT="166"
                          WIDTH="466"
                          VPOS="3238"
                          HPOS="1397"
                          CONTENT="Torggatan,"/>
                  <SP HEIGHT="166" WIDTH="33" VPOS="3238" HPOS="1863"/>
                  <String HEIGHT="166"
                          WIDTH="366"
                          VPOS="3238"
                          HPOS="1763"
                          CONTENT="hvarest"/>
                  <SP HEIGHT="166" WIDTH="33" VPOS="3238" HPOS="2129"/>
                  <String HEIGHT="166"
                          WIDTH="366"
                          VPOS="3238"
                          HPOS="1996"
                          CONTENT="Andersson"/>
               </TextLine>
               <TextLine ID="r1l30"
                         BASELINE="446,3484 540,3480 635,3475 730,3471 825,3466 920,3462 1015,3456 1110,3452 1205,3448 1300,3444 1395,3440 1489,3436 1584,3432 1679,3427 1774,3424 1869,3420 1964,3418 2059,3415 2154,3412 2249,3410 2344,3408"
                         HEIGHT="154"
                         WIDTH="1898"
                         VPOS="3356"
                         HPOS="446">
                  <String HEIGHT="154"
                          WIDTH="292"
                          VPOS="3356"
                          HPOS="410"
                          CONTENT="från"/>
                  <SP HEIGHT="154" WIDTH="37" VPOS="3356" HPOS="702"/>
                  <String HEIGHT="154"
                          WIDTH="256"
                          VPOS="3356"
                          HPOS="592"
                          CONTENT="ett"/>
                  <SP HEIGHT="154" WIDTH="37" VPOS="3356" HPOS="848"/>
                  <String HEIGHT="154"
                          WIDTH="365"
                          VPOS="3356"
                          HPOS="738"
                          CONTENT="åkdon,"/>
                  <SP HEIGHT="154" WIDTH="37" VPOS="3356" HPOS="1103"/>
                  <String HEIGHT="154"
                          WIDTH="402"
                          VPOS="3356"
                          HPOS="994"
                          CONTENT="stående"/>
                  <SP HEIGHT="154" WIDTH="37" VPOS="3356" HPOS="1395"/>
                  <String HEIGHT="154"
                          WIDTH="438"
                          VPOS="3356"
                          HPOS="1286"
                          CONTENT="utanföre"/>
                  <SP HEIGHT="154" WIDTH="37" VPOS="3356" HPOS="1724"/>
                  <String HEIGHT="154"
                          WIDTH="329"
                          VPOS="3356"
                          HPOS="1614"
                          CONTENT="huset"/>
                  <SP HEIGHT="154" WIDTH="37" VPOS="3356" HPOS="1943"/>
                  <String HEIGHT="154"
                          WIDTH="219"
                          VPOS="3356"
                          HPOS="1833"
                          CONTENT="No"/>
                  <SP HEIGHT="154" WIDTH="37" VPOS="3356" HPOS="2052"/>
                  <String HEIGHT="154"
                          WIDTH="183"
                          VPOS="3356"
                          HPOS="1943"
                          CONTENT="7"/>
                  <SP HEIGHT="154" WIDTH="37" VPOS="3356" HPOS="2125"/>
                  <String HEIGHT="154"
                          WIDTH="329"
                          VPOS="3356"
                          HPOS="2016"
                          CONTENT="tagit"/>
                  <SP HEIGHT="154" WIDTH="37" VPOS="3356" HPOS="2344"/>
                  <String HEIGHT="154"
                          WIDTH="146"
                          VPOS="3356"
                          HPOS="2198"
                          CONTENT="en"/>
               </TextLine>
               <TextLine ID="r1l31"
                         BASELINE="462,3580 557,3578 652,3576 747,3572 842,3570 937,3566 1032,3562 1127,3558 1222,3554 1317,3550 1412,3546 1507,3542 1602,3538 1697,3534 1792,3532 1887,3528 1982,3525 2077,3522 2172,3520 2267,3518 2362,3518"
                         HEIGHT="140"
                         WIDTH="1900"
                         VPOS="3466"
                         HPOS="462">
                  <String HEIGHT="140"
                          WIDTH="267"
                          VPOS="3466"
                          HPOS="429"
                          CONTENT="tina"/>
                  <SP HEIGHT="140" WIDTH="33" VPOS="3466" HPOS="695"/>
                  <String HEIGHT="140"
                          WIDTH="233"
                          VPOS="3466"
                          HPOS="595"
                          CONTENT="och"/>
                  <SP HEIGHT="140" WIDTH="33" VPOS="3466" HPOS="829"/>
                  <String HEIGHT="140"
                          WIDTH="333"
                          VPOS="3466"
                          HPOS="729"
                          CONTENT="ställt"/>
                  <SP HEIGHT="140" WIDTH="33" VPOS="3466" HPOS="1062"/>
                  <String HEIGHT="140"
                          WIDTH="233"
                          VPOS="3466"
                          HPOS="962"
                          CONTENT="den"/>
                  <SP HEIGHT="140" WIDTH="33" VPOS="3466" HPOS="1195"/>
                  <String HEIGHT="140"
                          WIDTH="167"
                          VPOS="3466"
                          HPOS="1095"
                          CONTENT="i"/>
                  <SP HEIGHT="140" WIDTH="33" VPOS="3466" HPOS="1262"/>
                  <String HEIGHT="140"
                          WIDTH="200"
                          VPOS="3466"
                          HPOS="1162"
                          CONTENT="en"/>
                  <SP HEIGHT="140" WIDTH="33" VPOS="3466" HPOS="1362"/>
                  <String HEIGHT="140"
                          WIDTH="433"
                          VPOS="3466"
                          HPOS="1262"
                          CONTENT="portgång;"/>
                  <SP HEIGHT="140" WIDTH="33" VPOS="3466" HPOS="1695"/>
                  <String HEIGHT="140"
                          WIDTH="233"
                          VPOS="3466"
                          HPOS="1595"
                          CONTENT="att"/>
                  <SP HEIGHT="140" WIDTH="33" VPOS="3466" HPOS="1829"/>
                  <String HEIGHT="140"
                          WIDTH="267"
                          VPOS="3466"
                          HPOS="1729"
                          CONTENT="Carl"/>
                  <SP HEIGHT="140" WIDTH="33" VPOS="3466" HPOS="1995"/>
                  <String HEIGHT="140"
                          WIDTH="333"
                          VPOS="3466"
                          HPOS="1895"
                          CONTENT="Olsson"/>
                  <SP HEIGHT="140" WIDTH="33" VPOS="3466" HPOS="2229"/>
                  <String HEIGHT="140"
                          WIDTH="267"
                          VPOS="3466"
                          HPOS="2095"
                          CONTENT="uppta¬"
                          SUBS_TYPE="HypPart1"
                          SUBS_CONTENT="upptagit"/>
                  <HYP CONTENT="-"/>
               </TextLine>
               <TextLine ID="r1l32"
                         BASELINE="442,3682 539,3682 636,3680 733,3677 830,3674 928,3672 1025,3668 1122,3665 1219,3662 1316,3658 1414,3654 1511,3651 1608,3648 1705,3644 1802,3642 1900,3640 1997,3638 2094,3636 2191,3636 2288,3634 2386,3636"
                         HEIGHT="123"
                         WIDTH="1944"
                         VPOS="3584"
                         HPOS="442">
                  <String HEIGHT="123"
                          WIDTH="239"
                          VPOS="3584"
                          HPOS="408"
                          CONTENT="git"
                          SUBS_TYPE="HypPart2"
                          SUBS_CONTENT="upptagit"/>
                  <SP HEIGHT="123" WIDTH="34" VPOS="3584" HPOS="647"/>
                  <String HEIGHT="123"
                          WIDTH="307"
                          VPOS="3584"
                          HPOS="544"
                          CONTENT="tinan"/>
                  <SP HEIGHT="123" WIDTH="34" VPOS="3584" HPOS="851"/>
                  <String HEIGHT="123"
                          WIDTH="239"
                          VPOS="3584"
                          HPOS="749"
                          CONTENT="och"/>
                  <SP HEIGHT="123" WIDTH="34" VPOS="3584" HPOS="988"/>
                  <String HEIGHT="123"
                          WIDTH="341"
                          VPOS="3584"
                          HPOS="885"
                          CONTENT="ingått"/>
                  <SP HEIGHT="123" WIDTH="34" VPOS="3584" HPOS="1226"/>
                  <String HEIGHT="123"
                          WIDTH="171"
                          VPOS="3584"
                          HPOS="1124"
                          CONTENT="i"/>
                  <SP HEIGHT="123" WIDTH="34" VPOS="3584" HPOS="1295"/>
                  <String HEIGHT="123"
                          WIDTH="341"
                          VPOS="3584"
                          HPOS="1192"
                          CONTENT="huset,"/>
                  <SP HEIGHT="123" WIDTH="34" VPOS="3584" HPOS="1533"/>
                  <String HEIGHT="123"
                          WIDTH="443"
                          VPOS="3584"
                          HPOS="1431"
                          CONTENT="hvarefter"/>
                  <SP HEIGHT="123" WIDTH="34" VPOS="3584" HPOS="1874"/>
                  <String HEIGHT="123"
                          WIDTH="375"
                          VPOS="3584"
                          HPOS="1772"
                          CONTENT="Bergman"/>
                  <SP HEIGHT="123" WIDTH="34" VPOS="3584" HPOS="2147"/>
                  <String HEIGHT="123"
                          WIDTH="239"
                          VPOS="3584"
                          HPOS="2045"
                          CONTENT="och"/>
                  <SP HEIGHT="123" WIDTH="34" VPOS="3584" HPOS="2284"/>
                  <String HEIGHT="123"
                          WIDTH="239"
                          VPOS="3584"
                          HPOS="2147"
                          CONTENT="Johan"/>
               </TextLine>
               <TextLine ID="r1l33"
                         BASELINE="450,3782 548,3782 646,3782 744,3782 842,3781 941,3780 1039,3778 1137,3776 1235,3774 1333,3772 1432,3770 1530,3768 1628,3766 1726,3766 1824,3764 1923,3764 2021,3762 2119,3762 2217,3764 2315,3764 2414,3766"
                         HEIGHT="95"
                         WIDTH="1964"
                         VPOS="3712"
                         HPOS="450">
                  <String HEIGHT="95"
                          WIDTH="300"
                          VPOS="3712"
                          HPOS="417"
                          CONTENT="Albin"/>
                  <SP HEIGHT="95" WIDTH="33" VPOS="3712" HPOS="716"/>
                  <String HEIGHT="95"
                          WIDTH="333"
                          VPOS="3712"
                          HPOS="616"
                          CONTENT="Olsson"/>
                  <SP HEIGHT="95" WIDTH="33" VPOS="3712" HPOS="949"/>
                  <String HEIGHT="95"
                          WIDTH="399"
                          VPOS="3712"
                          HPOS="849"
                          CONTENT="begifvit"/>
                  <SP HEIGHT="95" WIDTH="33" VPOS="3712" HPOS="1249"/>
                  <String HEIGHT="95"
                          WIDTH="233"
                          VPOS="3712"
                          HPOS="1149"
                          CONTENT="sig"/>
                  <SP HEIGHT="95" WIDTH="33" VPOS="3712" HPOS="1382"/>
                  <String HEIGHT="95"
                          WIDTH="233"
                          VPOS="3712"
                          HPOS="1282"
                          CONTENT="hem"/>
                  <SP HEIGHT="95" WIDTH="33" VPOS="3712" HPOS="1515"/>
                  <String HEIGHT="95"
                          WIDTH="266"
                          VPOS="3712"
                          HPOS="1415"
                          CONTENT="till"/>
                  <SP HEIGHT="95" WIDTH="33" VPOS="3712" HPOS="1682"/>
                  <String HEIGHT="95"
                          WIDTH="399"
                          VPOS="3712"
                          HPOS="1582"
                          CONTENT="Majorna;"/>
                  <SP HEIGHT="95" WIDTH="33" VPOS="3712" HPOS="1981"/>
                  <String HEIGHT="95"
                          WIDTH="266"
                          VPOS="3712"
                          HPOS="1881"
                          CONTENT="samt"/>
                  <SP HEIGHT="95" WIDTH="33" VPOS="3712" HPOS="2148"/>
                  <String HEIGHT="95"
                          WIDTH="233"
                          VPOS="3712"
                          HPOS="2048"
                          CONTENT="att"/>
                  <SP HEIGHT="95" WIDTH="33" VPOS="3712" HPOS="2281"/>
                  <String HEIGHT="95"
                          WIDTH="266"
                          VPOS="3712"
                          HPOS="2148"
                          CONTENT="senare"/>
               </TextLine>
            </TextBlock>
            <TextBlock ID="r3" HEIGHT="3610" WIDTH="1892" VPOS="267" HPOS="2682">
               <Shape>
                  <Polygon POINTS="2682,267 2682,3877 4574,3877 4574,267"/>
               </Shape>
               <TextLine ID="r3l1"
                         BASELINE="2718,342 2806,337 2895,333 2984,328 3072,326 3161,323 3250,322 3338,320 3427,320 3516,318 3605,318 3693,318 3782,318 3871,320 3959,320 4048,320 4137,322 4225,322 4314,322 4403,322 4492,324"
                         HEIGHT="100"
                         WIDTH="1774"
                         VPOS="267"
                         HPOS="2718">
                  <String HEIGHT="100"
                          WIDTH="248"
                          VPOS="267"
                          HPOS="2677"
                          CONTENT="på"/>
                  <SP HEIGHT="100" WIDTH="41" VPOS="267" HPOS="2924"/>
                  <String HEIGHT="100"
                          WIDTH="454"
                          VPOS="267"
                          HPOS="2801"
                          CONTENT="aftonen"/>
                  <SP HEIGHT="100" WIDTH="41" VPOS="267" HPOS="3254"/>
                  <String HEIGHT="100"
                          WIDTH="371"
                          VPOS="267"
                          HPOS="3131"
                          CONTENT="samma"/>
                  <SP HEIGHT="100" WIDTH="41" VPOS="267" HPOS="3502"/>
                  <String HEIGHT="100"
                          WIDTH="289"
                          VPOS="267"
                          HPOS="3378"
                          CONTENT="dag"/>
                  <SP HEIGHT="100" WIDTH="41" VPOS="267" HPOS="3667"/>
                  <String HEIGHT="100"
                          WIDTH="330"
                          VPOS="267"
                          HPOS="3543"
                          CONTENT="Carl"/>
                  <SP HEIGHT="100" WIDTH="41" VPOS="267" HPOS="3873"/>
                  <String HEIGHT="100"
                          WIDTH="413"
                          VPOS="267"
                          HPOS="3749"
                          CONTENT="Olsson"/>
                  <SP HEIGHT="100" WIDTH="41" VPOS="267" HPOS="4162"/>
                  <String HEIGHT="100"
                          WIDTH="495"
                          VPOS="267"
                          HPOS="4038"
                          CONTENT="inkommit"/>
                  <SP HEIGHT="100" WIDTH="41" VPOS="267" HPOS="4533"/>
                  <String HEIGHT="100" WIDTH="124" VPOS="267" HPOS="4368" CONTENT="i"/>
               </TextLine>
               <TextLine ID="r3l2"
                         BASELINE="2682,466 2773,457 2864,451 2955,445 3046,440 3138,436 3229,432 3320,428 3411,426 3502,426 3594,424 3685,424 3776,424 3867,424 3958,424 4050,424 4141,424 4232,424 4323,426 4414,426 4506,426"
                         HEIGHT="118"
                         WIDTH="1824"
                         VPOS="373"
                         HPOS="2682">
                  <String HEIGHT="118"
                          WIDTH="316"
                          VPOS="373"
                          HPOS="2647"
                          CONTENT="Johan"/>
                  <SP HEIGHT="118" WIDTH="35" VPOS="373" HPOS="2963"/>
                  <String HEIGHT="118"
                          WIDTH="316"
                          VPOS="373"
                          HPOS="2857"
                          CONTENT="Alvin"/>
                  <SP HEIGHT="118" WIDTH="35" VPOS="373" HPOS="3173"/>
                  <String HEIGHT="118"
                          WIDTH="351"
                          VPOS="373"
                          HPOS="3068"
                          CONTENT="Olsson"/>
                  <SP HEIGHT="118" WIDTH="35" VPOS="373" HPOS="3419"/>
                  <String HEIGHT="118"
                          WIDTH="386"
                          VPOS="373"
                          HPOS="3313"
                          CONTENT="bostad,"/>
                  <SP HEIGHT="118" WIDTH="35" VPOS="373" HPOS="3699"/>
                  <String HEIGHT="118"
                          WIDTH="386"
                          VPOS="373"
                          HPOS="3594"
                          CONTENT="hvarest"/>
                  <SP HEIGHT="118" WIDTH="35" VPOS="373" HPOS="3980"/>
                  <String HEIGHT="118"
                          WIDTH="386"
                          VPOS="373"
                          HPOS="3875"
                          CONTENT="Bergman"/>
                  <SP HEIGHT="118" WIDTH="35" VPOS="373" HPOS="4260"/>
                  <String HEIGHT="118"
                          WIDTH="246"
                          VPOS="373"
                          HPOS="4155"
                          CONTENT="för"/>
                  <SP HEIGHT="118" WIDTH="35" VPOS="373" HPOS="4401"/>
                  <String HEIGHT="118"
                          WIDTH="246"
                          VPOS="373"
                          HPOS="4260"
                          CONTENT="till¬"
                          SUBS_TYPE="HypPart1"
                          SUBS_CONTENT="tillfället"/>
                  <HYP CONTENT="-"/>
               </TextLine>
               <TextLine ID="r3l3"
                         BASELINE="2690,574 2781,567 2873,562 2965,556 3057,552 3149,547 3240,544 3332,542 3424,540 3516,538 3608,536 3699,536 3791,534 3883,534 3975,534 4067,534 4158,534 4250,534 4342,534 4434,534 4526,534"
                         HEIGHT="116"
                         WIDTH="1836"
                         VPOS="483"
                         HPOS="2690">
                  <String HEIGHT="116"
                          WIDTH="340"
                          VPOS="483"
                          HPOS="2656"
                          CONTENT="fället"
                          SUBS_TYPE="HypPart2"
                          SUBS_CONTENT="tillfället"/>
                  <SP HEIGHT="116" WIDTH="34" VPOS="483" HPOS="2996"/>
                  <String HEIGHT="116"
                          WIDTH="408"
                          VPOS="483"
                          HPOS="2894"
                          CONTENT="uppehöll"/>
                  <SP HEIGHT="116" WIDTH="34" VPOS="483" HPOS="3302"/>
                  <String HEIGHT="116"
                          WIDTH="238"
                          VPOS="483"
                          HPOS="3200"
                          CONTENT="sig"/>
                  <SP HEIGHT="116" WIDTH="34" VPOS="483" HPOS="3438"/>
                  <String HEIGHT="116"
                          WIDTH="238"
                          VPOS="483"
                          HPOS="3336"
                          CONTENT="och"/>
                  <SP HEIGHT="116" WIDTH="34" VPOS="483" HPOS="3574"/>
                  <String HEIGHT="116"
                          WIDTH="408"
                          VPOS="483"
                          HPOS="3472"
                          CONTENT="omtalat,"/>
                  <SP HEIGHT="116" WIDTH="34" VPOS="483" HPOS="3880"/>
                  <String HEIGHT="116"
                          WIDTH="238"
                          VPOS="483"
                          HPOS="3778"
                          CONTENT="att"/>
                  <SP HEIGHT="116" WIDTH="34" VPOS="483" HPOS="4016"/>
                  <String HEIGHT="116"
                          WIDTH="238"
                          VPOS="483"
                          HPOS="3914"
                          CONTENT="han"/>
                  <SP HEIGHT="116" WIDTH="34" VPOS="483" HPOS="4152"/>
                  <String HEIGHT="116"
                          WIDTH="238"
                          VPOS="483"
                          HPOS="4050"
                          CONTENT="och"/>
                  <SP HEIGHT="116" WIDTH="34" VPOS="483" HPOS="4288"/>
                  <String HEIGHT="116"
                          WIDTH="374"
                          VPOS="483"
                          HPOS="4152"
                          CONTENT="Andersson"/>
               </TextLine>
               <TextLine ID="r3l4"
                         BASELINE="2698,696 2789,687 2880,678 2971,670 3062,665 3153,660 3244,656 3335,654 3426,652 3517,650 3608,648 3699,648 3790,648 3881,646 3972,646 4063,646 4154,644 4245,644 4336,642 4427,640 4518,636"
                         HEIGHT="136"
                         WIDTH="1820"
                         VPOS="585"
                         HPOS="2698">
                  <String HEIGHT="136"
                          WIDTH="364"
                          VPOS="585"
                          HPOS="2662"
                          CONTENT="ställt"/>
                  <SP HEIGHT="136" WIDTH="36" VPOS="585" HPOS="3026"/>
                  <String HEIGHT="136"
                          WIDTH="582"
                          VPOS="585"
                          HPOS="2916"
                          CONTENT="ifrågavarade"/>
                  <SP HEIGHT="136" WIDTH="36" VPOS="585" HPOS="3499"/>
                  <String HEIGHT="136"
                          WIDTH="291"
                          VPOS="585"
                          HPOS="3390"
                          CONTENT="tina"/>
                  <SP HEIGHT="136" WIDTH="36" VPOS="585" HPOS="3681"/>
                  <String HEIGHT="136" WIDTH="182" VPOS="585" HPOS="3572" CONTENT="i"/>
                  <SP HEIGHT="136" WIDTH="36" VPOS="585" HPOS="3754"/>
                  <String HEIGHT="136"
                          WIDTH="218"
                          VPOS="585"
                          HPOS="3644"
                          CONTENT="en"/>
                  <SP HEIGHT="136" WIDTH="36" VPOS="585" HPOS="3863"/>
                  <String HEIGHT="136"
                          WIDTH="582"
                          VPOS="585"
                          HPOS="3754"
                          CONTENT="trappuppgång"/>
                  <SP HEIGHT="136" WIDTH="36" VPOS="585" HPOS="4336"/>
                  <String HEIGHT="136" WIDTH="182" VPOS="585" HPOS="4227" CONTENT="i"/>
                  <SP HEIGHT="136" WIDTH="36" VPOS="585" HPOS="4409"/>
                  <String HEIGHT="136"
                          WIDTH="255"
                          VPOS="585"
                          HPOS="4263"
                          CONTENT="huset"/>
               </TextLine>
               <TextLine ID="r3l5"
                         BASELINE="2696,810 2788,802 2880,795 2972,787 3064,782 3156,778 3248,773 3340,770 3432,766 3524,763 3617,761 3709,758 3801,758 3893,756 3985,754 4077,754 4169,752 4261,750 4353,750 4445,748 4538,746"
                         HEIGHT="140"
                         WIDTH="1842"
                         VPOS="695"
                         HPOS="2696">
                  <String HEIGHT="140"
                          WIDTH="201"
                          VPOS="695"
                          HPOS="2663"
                          CONTENT="No"/>
                  <SP HEIGHT="140" WIDTH="33" VPOS="695" HPOS="2863"/>
                  <String HEIGHT="140" WIDTH="167" VPOS="695" HPOS="2763" CONTENT="7"/>
                  <SP HEIGHT="140" WIDTH="33" VPOS="695" HPOS="2930"/>
                  <String HEIGHT="140"
                          WIDTH="234"
                          VPOS="695"
                          HPOS="2830"
                          CONTENT="vid"/>
                  <SP HEIGHT="140" WIDTH="33" VPOS="695" HPOS="3064"/>
                  <String HEIGHT="140"
                          WIDTH="469"
                          VPOS="695"
                          HPOS="2964"
                          CONTENT="Torggatan,"/>
                  <SP HEIGHT="140" WIDTH="33" VPOS="695" HPOS="3433"/>
                  <String HEIGHT="140"
                          WIDTH="268"
                          VPOS="695"
                          HPOS="3332"
                          CONTENT="enär"/>
                  <SP HEIGHT="140" WIDTH="33" VPOS="695" HPOS="3600"/>
                  <String HEIGHT="140"
                          WIDTH="201"
                          VPOS="695"
                          HPOS="3500"
                          CONTENT="ej"/>
                  <SP HEIGHT="140" WIDTH="33" VPOS="695" HPOS="3701"/>
                  <String HEIGHT="140" WIDTH="167" VPOS="695" HPOS="3600" CONTENT="i"/>
                  <SP HEIGHT="140" WIDTH="33" VPOS="695" HPOS="3768"/>
                  <String HEIGHT="140"
                          WIDTH="402"
                          VPOS="695"
                          HPOS="3667"
                          CONTENT="densamma"/>
                  <SP HEIGHT="140" WIDTH="33" VPOS="695" HPOS="4069"/>
                  <String HEIGHT="140"
                          WIDTH="368"
                          VPOS="695"
                          HPOS="3969"
                          CONTENT="funnits"/>
                  <SP HEIGHT="140" WIDTH="33" VPOS="695" HPOS="4337"/>
                  <String HEIGHT="140"
                          WIDTH="301"
                          VPOS="695"
                          HPOS="4237"
                          CONTENT="annat"/>
                  <SP HEIGHT="140" WIDTH="33" VPOS="695" HPOS="4538"/>
                  <String HEIGHT="140"
                          WIDTH="134"
                          VPOS="695"
                          HPOS="4404"
                          CONTENT="än"/>
               </TextLine>
               <TextLine ID="r3l6"
                         BASELINE="2694,918 2783,911 2873,904 2962,897 3052,892 3142,888 3231,884 3321,882 3410,880 3500,878 3590,876 3679,876 3769,874 3858,874 3948,872 4038,872 4127,870 4217,870 4306,868 4396,866 4486,864"
                         HEIGHT="130"
                         WIDTH="1792"
                         VPOS="813"
                         HPOS="2694">
                  <String HEIGHT="130"
                          WIDTH="299"
                          VPOS="813"
                          HPOS="2661"
                          CONTENT="jäst,"/>
                  <SP HEIGHT="130" WIDTH="33" VPOS="813" HPOS="2959"/>
                  <String HEIGHT="130"
                          WIDTH="431"
                          VPOS="813"
                          HPOS="2860"
                          CONTENT="hvarjemte"/>
                  <SP HEIGHT="130" WIDTH="33" VPOS="813" HPOS="3291"/>
                  <String HEIGHT="130"
                          WIDTH="265"
                          VPOS="813"
                          HPOS="3192"
                          CONTENT="Carl"/>
                  <SP HEIGHT="130" WIDTH="33" VPOS="813" HPOS="3457"/>
                  <String HEIGHT="130"
                          WIDTH="332"
                          VPOS="813"
                          HPOS="3358"
                          CONTENT="Olsson"/>
                  <SP HEIGHT="130" WIDTH="33" VPOS="813" HPOS="3690"/>
                  <String HEIGHT="130"
                          WIDTH="398"
                          VPOS="813"
                          HPOS="3590"
                          CONTENT="tillagt,"/>
                  <SP HEIGHT="130" WIDTH="33" VPOS="813" HPOS="3988"/>
                  <String HEIGHT="130"
                          WIDTH="232"
                          VPOS="813"
                          HPOS="3889"
                          CONTENT="att"/>
                  <SP HEIGHT="130" WIDTH="33" VPOS="813" HPOS="4121"/>
                  <String HEIGHT="130"
                          WIDTH="199"
                          VPOS="813"
                          HPOS="4021"
                          CONTENT="om"/>
                  <SP HEIGHT="130" WIDTH="33" VPOS="813" HPOS="4221"/>
                  <String HEIGHT="130"
                          WIDTH="265"
                          VPOS="813"
                          HPOS="4121"
                          CONTENT="John"/>
                  <SP HEIGHT="130" WIDTH="33" VPOS="813" HPOS="4386"/>
                  <String HEIGHT="130"
                          WIDTH="232"
                          VPOS="813"
                          HPOS="4254"
                          CONTENT="Albin"/>
               </TextLine>
               <TextLine ID="r3l7"
                         BASELINE="2688,1034 2779,1024 2870,1015 2961,1008 3052,1002 3143,998 3234,994 3325,991 3416,988 3507,986 3599,986 3690,984 3781,984 3872,984 3963,984 4054,982 4145,982 4236,980 4327,978 4418,976 4510,972"
                         HEIGHT="138"
                         WIDTH="1822"
                         VPOS="921"
                         HPOS="2688">
                  <String HEIGHT="138"
                          WIDTH="344"
                          VPOS="921"
                          HPOS="2654"
                          CONTENT="Olsson"/>
                  <SP HEIGHT="138" WIDTH="34" VPOS="921" HPOS="2997"/>
                  <String HEIGHT="138"
                          WIDTH="413"
                          VPOS="921"
                          HPOS="2894"
                          CONTENT="omtalade"/>
                  <SP HEIGHT="138" WIDTH="34" VPOS="921" HPOS="3307"/>
                  <String HEIGHT="138"
                          WIDTH="275"
                          VPOS="921"
                          HPOS="3204"
                          CONTENT="hvad"/>
                  <SP HEIGHT="138" WIDTH="34" VPOS="921" HPOS="3479"/>
                  <String HEIGHT="138"
                          WIDTH="241"
                          VPOS="921"
                          HPOS="3376"
                          CONTENT="han"/>
                  <SP HEIGHT="138" WIDTH="34" VPOS="921" HPOS="3616"/>
                  <String HEIGHT="138"
                          WIDTH="275"
                          VPOS="921"
                          HPOS="3513"
                          CONTENT="sett"/>
                  <SP HEIGHT="138" WIDTH="34" VPOS="921" HPOS="3788"/>
                  <String HEIGHT="138"
                          WIDTH="241"
                          VPOS="921"
                          HPOS="3685"
                          CONTENT="och"/>
                  <SP HEIGHT="138" WIDTH="34" VPOS="921" HPOS="3926"/>
                  <String HEIGHT="138"
                          WIDTH="309"
                          VPOS="921"
                          HPOS="3822"
                          CONTENT="hört,"/>
                  <SP HEIGHT="138" WIDTH="34" VPOS="921" HPOS="4132"/>
                  <String HEIGHT="138"
                          WIDTH="206"
                          VPOS="921"
                          HPOS="4029"
                          CONTENT="så"/>
                  <SP HEIGHT="138" WIDTH="34" VPOS="921" HPOS="4235"/>
                  <String HEIGHT="138"
                          WIDTH="344"
                          VPOS="921"
                          HPOS="4132"
                          CONTENT="skulle"/>
                  <SP HEIGHT="138" WIDTH="34" VPOS="921" HPOS="4476"/>
                  <String HEIGHT="138"
                          WIDTH="172"
                          VPOS="921"
                          HPOS="4338"
                          CONTENT="han"/>
               </TextLine>
               <TextLine ID="r3l8"
                         BASELINE="2712,1146 2801,1140 2891,1134 2981,1128 3071,1122 3161,1118 3250,1113 3340,1109 3430,1105 3520,1102 3610,1098 3699,1096 3789,1094 3879,1092 3969,1090 4059,1088 4148,1086 4238,1086 4328,1084 4418,1084 4508,1084"
                         HEIGHT="138"
                         WIDTH="1796"
                         VPOS="1033"
                         HPOS="2712">
                  <String HEIGHT="138"
                          WIDTH="247"
                          VPOS="1033"
                          HPOS="2677"
                          CONTENT="slå"/>
                  <SP HEIGHT="138" WIDTH="35" VPOS="1033" HPOS="2923"/>
                  <String HEIGHT="138"
                          WIDTH="317"
                          VPOS="1033"
                          HPOS="2818"
                          CONTENT="honom"/>
                  <SP HEIGHT="138" WIDTH="35" VPOS="1033" HPOS="3135"/>
                  <String HEIGHT="138"
                          WIDTH="211"
                          VPOS="1033"
                          HPOS="3029"
                          CONTENT="på"/>
                  <SP HEIGHT="138" WIDTH="35" VPOS="1033" HPOS="3240"/>
                  <String HEIGHT="138"
                          WIDTH="352"
                          VPOS="1033"
                          HPOS="3135"
                          CONTENT="munnen"/>
                  <SP HEIGHT="138" WIDTH="35" VPOS="1033" HPOS="3487"/>
                  <String HEIGHT="138"
                          WIDTH="282"
                          VPOS="1033"
                          HPOS="3381"
                          CONTENT="midt"/>
                  <SP HEIGHT="138" WIDTH="35" VPOS="1033" HPOS="3663"/>
                  <String HEIGHT="138"
                          WIDTH="247"
                          VPOS="1033"
                          HPOS="3557"
                          CONTENT="för"/>
                  <SP HEIGHT="138" WIDTH="35" VPOS="1033" HPOS="3804"/>
                  <String HEIGHT="138"
                          WIDTH="528"
                          VPOS="1033"
                          HPOS="3698"
                          CONTENT="tingsbordet"/>
                  <SP HEIGHT="138" WIDTH="35" VPOS="1033" HPOS="4226"/>
                  <String HEIGHT="138"
                          WIDTH="247"
                          VPOS="1033"
                          HPOS="4121"
                          CONTENT="och"/>
                  <SP HEIGHT="138" WIDTH="35" VPOS="1033" HPOS="4367"/>
                  <String HEIGHT="138"
                          WIDTH="247"
                          VPOS="1033"
                          HPOS="4261"
                          CONTENT="att"/>
                  <SP HEIGHT="138" WIDTH="35" VPOS="1033" HPOS="4508"/>
                  <String HEIGHT="138"
                          WIDTH="141"
                          VPOS="1033"
                          HPOS="4367"
                          CONTENT="om"/>
               </TextLine>
               <TextLine ID="r3l9"
                         BASELINE="2716,1260 2803,1253 2891,1246 2979,1239 3067,1232 3155,1226 3242,1222 3330,1216 3418,1212 3506,1209 3594,1204 3681,1202 3769,1199 3857,1196 3945,1194 4033,1192 4120,1190 4208,1188 4296,1188 4384,1188 4472,1186"
                         HEIGHT="150"
                         WIDTH="1756"
                         VPOS="1135"
                         HPOS="2716">
                  <String HEIGHT="150"
                          WIDTH="267"
                          VPOS="1135"
                          HPOS="2678"
                          CONTENT="det"/>
                  <SP HEIGHT="150" WIDTH="38" VPOS="1135" HPOS="2945"/>
                  <String HEIGHT="150"
                          WIDTH="344"
                          VPOS="1135"
                          HPOS="2831"
                          CONTENT="komme"/>
                  <SP HEIGHT="150" WIDTH="38" VPOS="1135" HPOS="3174"/>
                  <String HEIGHT="150"
                          WIDTH="382"
                          VPOS="1135"
                          HPOS="3060"
                          CONTENT="aldrig"/>
                  <SP HEIGHT="150" WIDTH="38" VPOS="1135" HPOS="3441"/>
                  <String HEIGHT="150"
                          WIDTH="229"
                          VPOS="1135"
                          HPOS="3327"
                          CONTENT="så"/>
                  <SP HEIGHT="150" WIDTH="38" VPOS="1135" HPOS="3556"/>
                  <String HEIGHT="150"
                          WIDTH="344"
                          VPOS="1135"
                          HPOS="3441"
                          CONTENT="många"/>
                  <SP HEIGHT="150" WIDTH="38" VPOS="1135" HPOS="3785"/>
                  <String HEIGHT="150"
                          WIDTH="420"
                          VPOS="1135"
                          HPOS="3670"
                          CONTENT="vittnen"/>
                  <SP HEIGHT="150" WIDTH="38" VPOS="1135" HPOS="4090"/>
                  <String HEIGHT="150"
                          WIDTH="229"
                          VPOS="1135"
                          HPOS="3976"
                          CONTENT="på"/>
                  <SP HEIGHT="150" WIDTH="38" VPOS="1135" HPOS="4205"/>
                  <String HEIGHT="150"
                          WIDTH="382"
                          VPOS="1135"
                          HPOS="4090"
                          CONTENT="honom,"/>
                  <SP HEIGHT="150" WIDTH="38" VPOS="1135" HPOS="4472"/>
                  <String HEIGHT="150"
                          WIDTH="153"
                          VPOS="1135"
                          HPOS="4319"
                          CONTENT="så"/>
               </TextLine>
               <TextLine ID="r3l10"
                         BASELINE="2718,1366 2769,1363 2821,1359 2873,1356 2925,1352 2977,1349 3029,1345 3081,1343 3133,1340 3185,1337 3237,1334 3288,1332 3340,1330 3392,1327 3444,1326 3496,1324 3548,1322 3600,1321 3652,1320 3704,1320 3756,1320"
                         HEIGHT="119"
                         WIDTH="1038"
                         VPOS="1271"
                         HPOS="2718">
                  <String HEIGHT="119"
                          WIDTH="335"
                          VPOS="1271"
                          HPOS="2685"
                          CONTENT="skulle"/>
                  <SP HEIGHT="119" WIDTH="33" VPOS="1271" HPOS="3019"/>
                  <String HEIGHT="119"
                          WIDTH="234"
                          VPOS="1271"
                          HPOS="2919"
                          CONTENT="han"/>
                  <SP HEIGHT="119" WIDTH="33" VPOS="1271" HPOS="3153"/>
                  <String HEIGHT="119"
                          WIDTH="268"
                          VPOS="1271"
                          HPOS="3053"
                          CONTENT="dock"/>
                  <SP HEIGHT="119" WIDTH="33" VPOS="1271" HPOS="3321"/>
                  <String HEIGHT="119"
                          WIDTH="335"
                          VPOS="1271"
                          HPOS="3220"
                          CONTENT="aldrig"/>
                  <SP HEIGHT="119" WIDTH="33" VPOS="1271" HPOS="3555"/>
                  <String HEIGHT="119"
                          WIDTH="335"
                          VPOS="1271"
                          HPOS="3421"
                          CONTENT="erkänna."/>
               </TextLine>
               <TextLine ID="r3l11"
                         BASELINE="2846,1474 2928,1465 3010,1460 3093,1452 3175,1447 3258,1440 3340,1436 3422,1432 3505,1428 3587,1426 3670,1422 3752,1420 3834,1418 3917,1416 3999,1415 4082,1414 4164,1412 4246,1412 4329,1410 4411,1410 4494,1408"
                         HEIGHT="139"
                         WIDTH="1648"
                         VPOS="1359"
                         HPOS="2846">
                  <String HEIGHT="139"
                          WIDTH="316"
                          VPOS="1359"
                          HPOS="2811"
                          CONTENT="Pigan"/>
                  <SP HEIGHT="139" WIDTH="35" VPOS="1359" HPOS="3127"/>
                  <String HEIGHT="139"
                          WIDTH="386"
                          VPOS="1359"
                          HPOS="3021"
                          CONTENT="Augusta"/>
                  <SP HEIGHT="139" WIDTH="35" VPOS="1359" HPOS="3407"/>
                  <String HEIGHT="139"
                          WIDTH="421"
                          VPOS="1359"
                          HPOS="3302"
                          CONTENT="Fjelman,"/>
                  <SP HEIGHT="139" WIDTH="35" VPOS="1359" HPOS="3723"/>
                  <String HEIGHT="139"
                          WIDTH="175"
                          VPOS="1359"
                          HPOS="3617"
                          CONTENT="i"/>
                  <SP HEIGHT="139" WIDTH="35" VPOS="1359" HPOS="3793"/>
                  <String HEIGHT="139"
                          WIDTH="351"
                          VPOS="1359"
                          HPOS="3688"
                          CONTENT="tjenst"/>
                  <SP HEIGHT="139" WIDTH="35" VPOS="1359" HPOS="4038"/>
                  <String HEIGHT="139"
                          WIDTH="245"
                          VPOS="1359"
                          HPOS="3933"
                          CONTENT="hos"/>
                  <SP HEIGHT="139" WIDTH="35" VPOS="1359" HPOS="4178"/>
                  <String HEIGHT="139"
                          WIDTH="456"
                          VPOS="1359"
                          HPOS="4038"
                          CONTENT="Nykterhets¬"
                          SUBS_TYPE="HypPart1"
                          SUBS_CONTENT="Nykterhetsvärdshusidkerskan"/>
                  <HYP CONTENT="-"/>
               </TextLine>
               <TextLine ID="r3l12"
                         BASELINE="2706,1602 2794,1594 2883,1587 2971,1581 3060,1575 3148,1568 3237,1562 3325,1556 3414,1551 3502,1544 3591,1539 3679,1534 3768,1529 3856,1526 3945,1522 4033,1520 4122,1516 4210,1514 4299,1512 4387,1512 4476,1512"
                         HEIGHT="166"
                         WIDTH="1770"
                         VPOS="1461"
                         HPOS="2706">
                  <String HEIGHT="166"
                          WIDTH="791"
                          VPOS="1461"
                          HPOS="2668"
                          CONTENT="värdshusidkerskan"
                          SUBS_TYPE="HypPart2"
                          SUBS_CONTENT="Nykterhetsvärdshusidkerskan"/>
                  <SP HEIGHT="166" WIDTH="38" VPOS="1461" HPOS="3459"/>
                  <String HEIGHT="166"
                          WIDTH="377"
                          VPOS="1461"
                          HPOS="3346"
                          CONTENT="Amalia"/>
                  <SP HEIGHT="166" WIDTH="38" VPOS="1461" HPOS="3723"/>
                  <String HEIGHT="166"
                          WIDTH="565"
                          VPOS="1461"
                          HPOS="3610"
                          CONTENT="Bernhardina"/>
                  <SP HEIGHT="166" WIDTH="38" VPOS="1461" HPOS="4175"/>
                  <String HEIGHT="166"
                          WIDTH="452"
                          VPOS="1461"
                          HPOS="4062"
                          CONTENT="Eliasson"/>
                  <SP HEIGHT="166" WIDTH="38" VPOS="1461" HPOS="4514"/>
                  <String HEIGHT="166"
                          WIDTH="113"
                          VPOS="1461"
                          HPOS="4363"
                          CONTENT="i"/>
               </TextLine>
               <TextLine ID="r3l13"
                         BASELINE="2706,1714 2795,1707 2884,1701 2973,1694 3062,1688 3152,1680 3241,1674 3330,1668 3419,1663 3508,1658 3598,1652 3687,1648 3776,1643 3865,1638 3954,1636 4044,1632 4133,1629 4222,1626 4311,1624 4400,1624 4490,1622"
                         HEIGHT="168"
                         WIDTH="1784"
                         VPOS="1571"
                         HPOS="2706">
                  <String HEIGHT="168"
                          WIDTH="287"
                          VPOS="1571"
                          HPOS="2674"
                          CONTENT="huset"/>
                  <SP HEIGHT="168" WIDTH="32" VPOS="1571" HPOS="2961"/>
                  <String HEIGHT="168"
                          WIDTH="191"
                          VPOS="1571"
                          HPOS="2865"
                          CONTENT="No"/>
                  <SP HEIGHT="168" WIDTH="32" VPOS="1571" HPOS="3056"/>
                  <String HEIGHT="168"
                          WIDTH="159"
                          VPOS="1571"
                          HPOS="2961"
                          CONTENT="1"/>
                  <SP HEIGHT="168" WIDTH="32" VPOS="1571" HPOS="3120"/>
                  <String HEIGHT="168"
                          WIDTH="223"
                          VPOS="1571"
                          HPOS="3025"
                          CONTENT="vid"/>
                  <SP HEIGHT="168" WIDTH="32" VPOS="1571" HPOS="3248"/>
                  <String HEIGHT="168"
                          WIDTH="287"
                          VPOS="1571"
                          HPOS="3152"
                          CONTENT="Lilla"/>
                  <SP HEIGHT="168" WIDTH="32" VPOS="1571" HPOS="3439"/>
                  <String HEIGHT="168"
                          WIDTH="414"
                          VPOS="1571"
                          HPOS="3343"
                          CONTENT="Korsgatan"/>
                  <SP HEIGHT="168" WIDTH="32" VPOS="1571" HPOS="3757"/>
                  <String HEIGHT="168"
                          WIDTH="223"
                          VPOS="1571"
                          HPOS="3662"
                          CONTENT="har"/>
                  <SP HEIGHT="168" WIDTH="32" VPOS="1571" HPOS="3885"/>
                  <String HEIGHT="168"
                          WIDTH="382"
                          VPOS="1571"
                          HPOS="3789"
                          CONTENT="upplyst,"/>
                  <SP HEIGHT="168" WIDTH="32" VPOS="1571" HPOS="4171"/>
                  <String HEIGHT="168"
                          WIDTH="223"
                          VPOS="1571"
                          HPOS="4076"
                          CONTENT="att"/>
                  <SP HEIGHT="168" WIDTH="32" VPOS="1571" HPOS="4299"/>
                  <String HEIGHT="168"
                          WIDTH="319"
                          VPOS="1571"
                          HPOS="4171"
                          CONTENT="Lördagen"/>
               </TextLine>
               <TextLine ID="r3l14"
                         BASELINE="2722,1826 2813,1821 2905,1816 2996,1810 3088,1806 3180,1800 3271,1794 3363,1788 3454,1783 3546,1777 3638,1772 3729,1767 3821,1762 3912,1758 4004,1754 4096,1750 4187,1748 4279,1744 4370,1742 4462,1740 4554,1740"
                         HEIGHT="162"
                         WIDTH="1832"
                         VPOS="1689"
                         HPOS="2722">
                  <String HEIGHT="162"
                          WIDTH="242"
                          VPOS="1689"
                          HPOS="2687"
                          CONTENT="den"/>
                  <SP HEIGHT="162" WIDTH="35" VPOS="1689" HPOS="2929"/>
                  <String HEIGHT="162"
                          WIDTH="173"
                          VPOS="1689"
                          HPOS="2826"
                          CONTENT="7"/>
                  <SP HEIGHT="162" WIDTH="35" VPOS="1689" HPOS="2999"/>
                  <String HEIGHT="162"
                          WIDTH="346"
                          VPOS="1689"
                          HPOS="2895"
                          CONTENT="dennes"/>
                  <SP HEIGHT="162" WIDTH="35" VPOS="1689" HPOS="3240"/>
                  <String HEIGHT="162"
                          WIDTH="207"
                          VPOS="1689"
                          HPOS="3137"
                          CONTENT="på"/>
                  <SP HEIGHT="162" WIDTH="35" VPOS="1689" HPOS="3344"/>
                  <String HEIGHT="162"
                          WIDTH="277"
                          VPOS="1689"
                          HPOS="3240"
                          CONTENT="e.m."/>
                  <SP HEIGHT="162" WIDTH="35" VPOS="1689" HPOS="3517"/>
                  <String HEIGHT="162"
                          WIDTH="277"
                          VPOS="1689"
                          HPOS="3413"
                          CONTENT="Carl"/>
                  <SP HEIGHT="162" WIDTH="35" VPOS="1689" HPOS="3690"/>
                  <String HEIGHT="162"
                          WIDTH="346"
                          VPOS="1689"
                          HPOS="3586"
                          CONTENT="Olsson"/>
                  <SP HEIGHT="162" WIDTH="35" VPOS="1689" HPOS="3932"/>
                  <String HEIGHT="162"
                          WIDTH="415"
                          VPOS="1689"
                          HPOS="3828"
                          CONTENT="inkommit"/>
                  <SP HEIGHT="162" WIDTH="35" VPOS="1689" HPOS="4243"/>
                  <String HEIGHT="162"
                          WIDTH="173"
                          VPOS="1689"
                          HPOS="4139"
                          CONTENT="i"/>
                  <SP HEIGHT="162" WIDTH="35" VPOS="1689" HPOS="4312"/>
                  <String HEIGHT="162"
                          WIDTH="380"
                          VPOS="1689"
                          HPOS="4174"
                          CONTENT="värdshus¬"
                          SUBS_TYPE="HypPart1"
                          SUBS_CONTENT="värdshuslokalen"/>
                  <HYP CONTENT="-"/>
               </TextLine>
               <TextLine ID="r3l15"
                         BASELINE="2724,1946 2812,1939 2900,1932 2988,1925 3076,1919 3164,1914 3252,1907 3340,1902 3428,1897 3516,1891 3605,1886 3693,1882 3781,1878 3869,1873 3957,1870 4045,1866 4133,1862 4221,1858 4309,1856 4397,1852 4486,1850"
                         HEIGHT="171"
                         WIDTH="1762"
                         VPOS="1800"
                         HPOS="2724">
                  <String HEIGHT="171"
                          WIDTH="396"
                          VPOS="1800"
                          HPOS="2688"
                          CONTENT="lokalen"
                          SUBS_TYPE="HypPart2"
                          SUBS_CONTENT="värdshuslokalen"/>
                  <SP HEIGHT="171" WIDTH="36" VPOS="1800" HPOS="3084"/>
                  <String HEIGHT="171"
                          WIDTH="252"
                          VPOS="1800"
                          HPOS="2976"
                          CONTENT="och"/>
                  <SP HEIGHT="171" WIDTH="36" VPOS="1800" HPOS="3227"/>
                  <String HEIGHT="171"
                          WIDTH="288"
                          VPOS="1800"
                          HPOS="3120"
                          CONTENT="till"/>
                  <SP HEIGHT="171" WIDTH="36" VPOS="1800" HPOS="3407"/>
                  <String HEIGHT="171"
                          WIDTH="288"
                          VPOS="1800"
                          HPOS="3299"
                          CONTENT="salu"/>
                  <SP HEIGHT="171" WIDTH="36" VPOS="1800" HPOS="3587"/>
                  <String HEIGHT="171"
                          WIDTH="432"
                          VPOS="1800"
                          HPOS="3479"
                          CONTENT="utbjudit"/>
                  <SP HEIGHT="171" WIDTH="36" VPOS="1800" HPOS="3911"/>
                  <String HEIGHT="171"
                          WIDTH="216"
                          VPOS="1800"
                          HPOS="3803"
                          CONTENT="en"/>
                  <SP HEIGHT="171" WIDTH="36" VPOS="1800" HPOS="4019"/>
                  <String HEIGHT="171"
                          WIDTH="216"
                          VPOS="1800"
                          HPOS="3911"
                          CONTENT="ny"/>
                  <SP HEIGHT="171" WIDTH="36" VPOS="1800" HPOS="4126"/>
                  <String HEIGHT="171"
                          WIDTH="432"
                          VPOS="1800"
                          HPOS="4019"
                          CONTENT="Psalmbok"/>
                  <SP HEIGHT="171" WIDTH="36" VPOS="1800" HPOS="4450"/>
                  <String HEIGHT="171"
                          WIDTH="180"
                          VPOS="1800"
                          HPOS="4306"
                          CONTENT="med"/>
               </TextLine>
               <TextLine ID="r3l16"
                         BASELINE="2714,2048 2804,2040 2894,2033 2984,2027 3074,2021 3164,2015 3254,2009 3344,2004 3434,2000 3524,1996 3614,1992 3704,1988 3794,1983 3884,1980 3974,1976 4064,1972 4154,1968 4244,1965 4334,1962 4424,1958 4514,1954"
                         HEIGHT="169"
                         WIDTH="1800"
                         VPOS="1904"
                         HPOS="2714">
                  <String HEIGHT="169"
                          WIDTH="433"
                          VPOS="1904"
                          HPOS="2681"
                          CONTENT="förgyllda"/>
                  <SP HEIGHT="169" WIDTH="33" VPOS="1904" HPOS="3114"/>
                  <String HEIGHT="169"
                          WIDTH="367"
                          VPOS="1904"
                          HPOS="3014"
                          CONTENT="kanter,"/>
                  <SP HEIGHT="169" WIDTH="33" VPOS="1904" HPOS="3381"/>
                  <String HEIGHT="169"
                          WIDTH="300"
                          VPOS="1904"
                          HPOS="3281"
                          CONTENT="ehuru"/>
                  <SP HEIGHT="169" WIDTH="33" VPOS="1904" HPOS="3581"/>
                  <String HEIGHT="169"
                          WIDTH="233"
                          VPOS="1904"
                          HPOS="3481"
                          CONTENT="hon"/>
                  <SP HEIGHT="169" WIDTH="33" VPOS="1904" HPOS="3714"/>
                  <String HEIGHT="169"
                          WIDTH="200"
                          VPOS="1904"
                          HPOS="3614"
                          CONTENT="ej"/>
                  <SP HEIGHT="169" WIDTH="33" VPOS="1904" HPOS="3814"/>
                  <String HEIGHT="169"
                          WIDTH="233"
                          VPOS="1904"
                          HPOS="3714"
                          CONTENT="vet"/>
                  <SP HEIGHT="169" WIDTH="33" VPOS="1904" HPOS="3947"/>
                  <String HEIGHT="169"
                          WIDTH="200"
                          VPOS="1904"
                          HPOS="3847"
                          CONTENT="om"/>
                  <SP HEIGHT="169" WIDTH="33" VPOS="1904" HPOS="4047"/>
                  <String HEIGHT="169"
                          WIDTH="300"
                          VPOS="1904"
                          HPOS="3947"
                          CONTENT="någon"/>
                  <SP HEIGHT="169" WIDTH="33" VPOS="1904" HPOS="4247"/>
                  <String HEIGHT="169"
                          WIDTH="300"
                          VPOS="1904"
                          HPOS="4147"
                          CONTENT="köpte"/>
                  <SP HEIGHT="169" WIDTH="33" VPOS="1904" HPOS="4447"/>
                  <String HEIGHT="169"
                          WIDTH="200"
                          VPOS="1904"
                          HPOS="4314"
                          CONTENT="den."/>
               </TextLine>
               <TextLine ID="r3l17"
                         BASELINE="2874,2138 2957,2134 3041,2129 3125,2124 3209,2118 3293,2115 3376,2109 3460,2106 3544,2101 3628,2097 3712,2093 3795,2090 3879,2086 3963,2082 4047,2078 4131,2076 4214,2072 4298,2070 4382,2066 4466,2064 4550,2060"
                         HEIGHT="154"
                         WIDTH="1676"
                         VPOS="2009"
                         HPOS="2874">
                  <String HEIGHT="154"
                          WIDTH="235"
                          VPOS="2009"
                          HPOS="2840"
                          CONTENT="Wid"/>
                  <SP HEIGHT="154" WIDTH="34" VPOS="2009" HPOS="3075"/>
                  <String HEIGHT="154"
                          WIDTH="201"
                          VPOS="2009"
                          HPOS="2975"
                          CONTENT="en"/>
                  <SP HEIGHT="154" WIDTH="34" VPOS="2009" HPOS="3176"/>
                  <String HEIGHT="154"
                          WIDTH="201"
                          VPOS="2009"
                          HPOS="3075"
                          CONTENT="af"/>
                  <SP HEIGHT="154" WIDTH="34" VPOS="2009" HPOS="3276"/>
                  <String HEIGHT="154"
                          WIDTH="804"
                          VPOS="2009"
                          HPOS="3176"
                          CONTENT="detektivkonstaplarne"/>
                  <SP HEIGHT="154" WIDTH="34" VPOS="2009" HPOS="3980"/>
                  <String HEIGHT="154"
                          WIDTH="402"
                          VPOS="2009"
                          HPOS="3880"
                          CONTENT="Rönnbäck"/>
                  <SP HEIGHT="154" WIDTH="34" VPOS="2009" HPOS="4282"/>
                  <String HEIGHT="154"
                          WIDTH="235"
                          VPOS="2009"
                          HPOS="4181"
                          CONTENT="och"/>
                  <SP HEIGHT="154" WIDTH="34" VPOS="2009" HPOS="4416"/>
                  <String HEIGHT="154"
                          WIDTH="268"
                          VPOS="2009"
                          HPOS="4282"
                          CONTENT="Andrén"/>
               </TextLine>
               <TextLine ID="r3l18"
                         BASELINE="2714,2270 2805,2265 2896,2260 2987,2254 3078,2248 3170,2242 3261,2237 3352,2232 3443,2226 3534,2221 3626,2217 3717,2212 3808,2206 3899,2202 3990,2198 4082,2192 4173,2188 4264,2183 4355,2179 4446,2174 4538,2170"
                         HEIGHT="176"
                         WIDTH="1824"
                         VPOS="2119"
                         HPOS="2714">
                  <String HEIGHT="176"
                          WIDTH="216"
                          VPOS="2119"
                          HPOS="2683"
                          CONTENT="den"/>
                  <SP HEIGHT="176" WIDTH="31" VPOS="2119" HPOS="2899"/>
                  <String HEIGHT="176"
                          WIDTH="185"
                          VPOS="2119"
                          HPOS="2807"
                          CONTENT="10"/>
                  <SP HEIGHT="176" WIDTH="31" VPOS="2119" HPOS="2992"/>
                  <String HEIGHT="176"
                          WIDTH="309"
                          VPOS="2119"
                          HPOS="2899"
                          CONTENT="dennes"/>
                  <SP HEIGHT="176" WIDTH="31" VPOS="2119" HPOS="3209"/>
                  <String HEIGHT="176"
                          WIDTH="402"
                          VPOS="2119"
                          HPOS="3116"
                          CONTENT="företagen"/>
                  <SP HEIGHT="176" WIDTH="31" VPOS="2119" HPOS="3518"/>
                  <String HEIGHT="176"
                          WIDTH="495"
                          VPOS="2119"
                          HPOS="3425"
                          CONTENT="undersökning"/>
                  <SP HEIGHT="176" WIDTH="31" VPOS="2119" HPOS="3920"/>
                  <String HEIGHT="176"
                          WIDTH="155"
                          VPOS="2119"
                          HPOS="3827"
                          CONTENT="i"/>
                  <SP HEIGHT="176" WIDTH="31" VPOS="2119" HPOS="3982"/>
                  <String HEIGHT="176"
                          WIDTH="247"
                          VPOS="2119"
                          HPOS="3889"
                          CONTENT="Carl"/>
                  <SP HEIGHT="176" WIDTH="31" VPOS="2119" HPOS="4136"/>
                  <String HEIGHT="176"
                          WIDTH="340"
                          VPOS="2119"
                          HPOS="4043"
                          CONTENT="Olssons"/>
                  <SP HEIGHT="176" WIDTH="31" VPOS="2119" HPOS="4383"/>
                  <String HEIGHT="176"
                          WIDTH="278"
                          VPOS="2119"
                          HPOS="4260"
                          CONTENT="bostad,"/>
               </TextLine>
               <TextLine ID="r3l19"
                         BASELINE="2718,2380 2810,2374 2903,2368 2996,2361 3089,2354 3182,2348 3274,2343 3367,2338 3460,2332 3553,2327 3646,2322 3738,2318 3831,2312 3924,2308 4017,2304 4110,2300 4202,2296 4295,2290 4388,2285 4481,2281 4574,2276"
                         HEIGHT="179"
                         WIDTH="1856"
                         VPOS="2226"
                         HPOS="2718">
                  <String HEIGHT="179"
                          WIDTH="274"
                          VPOS="2226"
                          HPOS="2688"
                          CONTENT="hafva"/>
                  <SP HEIGHT="179" WIDTH="30" VPOS="2226" HPOS="2961"/>
                  <String HEIGHT="179"
                          WIDTH="183"
                          VPOS="2226"
                          HPOS="2870"
                          CONTENT="de"/>
                  <SP HEIGHT="179" WIDTH="30" VPOS="2226" HPOS="3053"/>
                  <String HEIGHT="179"
                          WIDTH="213"
                          VPOS="2226"
                          HPOS="2961"
                          CONTENT="der"/>
                  <SP HEIGHT="179" WIDTH="30" VPOS="2226" HPOS="3174"/>
                  <String HEIGHT="179"
                          WIDTH="396"
                          VPOS="2226"
                          HPOS="3083"
                          CONTENT="påträffat"/>
                  <SP HEIGHT="179" WIDTH="30" VPOS="2226" HPOS="3479"/>
                  <String HEIGHT="179"
                          WIDTH="213"
                          VPOS="2226"
                          HPOS="3387"
                          CONTENT="ett"/>
                  <SP HEIGHT="179" WIDTH="30" VPOS="2226" HPOS="3600"/>
                  <String HEIGHT="179"
                          WIDTH="213"
                          VPOS="2226"
                          HPOS="3509"
                          CONTENT="par"/>
                  <SP HEIGHT="179" WIDTH="30" VPOS="2226" HPOS="3722"/>
                  <String HEIGHT="179"
                          WIDTH="274"
                          VPOS="2226"
                          HPOS="3631"
                          CONTENT="något"/>
                  <SP HEIGHT="179" WIDTH="30" VPOS="2226" HPOS="3905"/>
                  <String HEIGHT="179"
                          WIDTH="396"
                          VPOS="2226"
                          HPOS="3813"
                          CONTENT="begagnade"/>
                  <SP HEIGHT="179" WIDTH="30" VPOS="2226" HPOS="4209"/>
                  <String HEIGHT="179"
                          WIDTH="487"
                          VPOS="2226"
                          HPOS="4087"
                          CONTENT="damegaloscher,"/>
               </TextLine>
               <TextLine ID="r3l20"
                         BASELINE="2724,2484 2811,2477 2899,2470 2986,2465 3074,2459 3161,2453 3249,2449 3336,2443 3424,2439 3511,2435 3599,2430 3686,2426 3774,2422 3861,2419 3949,2414 4036,2411 4124,2408 4211,2403 4299,2398 4386,2394 4474,2390"
                         HEIGHT="169"
                         WIDTH="1750"
                         VPOS="2340"
                         HPOS="2724">
                  <String HEIGHT="169"
                          WIDTH="219"
                          VPOS="2340"
                          HPOS="2693"
                          CONTENT="ett"/>
                  <SP HEIGHT="169" WIDTH="31" VPOS="2340" HPOS="2912"/>
                  <String HEIGHT="169"
                          WIDTH="313"
                          VPOS="2340"
                          HPOS="2818"
                          CONTENT="stycke"/>
                  <SP HEIGHT="169" WIDTH="31" VPOS="2340" HPOS="3130"/>
                  <String HEIGHT="169"
                          WIDTH="250"
                          VPOS="2340"
                          HPOS="3037"
                          CONTENT="ost,"/>
                  <SP HEIGHT="169" WIDTH="31" VPOS="2340" HPOS="3287"/>
                  <String HEIGHT="169"
                          WIDTH="344"
                          VPOS="2340"
                          HPOS="3193"
                          CONTENT="vägande"/>
                  <SP HEIGHT="169" WIDTH="31" VPOS="2340" HPOS="3537"/>
                  <String HEIGHT="169"
                          WIDTH="156"
                          VPOS="2340"
                          HPOS="3443"
                          CONTENT="7"/>
                  <SP HEIGHT="169" WIDTH="31" VPOS="2340" HPOS="3599"/>
                  <String HEIGHT="169"
                          WIDTH="156"
                          VPOS="2340"
                          HPOS="3505"
                          CONTENT="℔"/>
                  <SP HEIGHT="169" WIDTH="31" VPOS="2340" HPOS="3662"/>
                  <String HEIGHT="169"
                          WIDTH="188"
                          VPOS="2340"
                          HPOS="3568"
                          CONTENT="90"/>
                  <SP HEIGHT="169" WIDTH="31" VPOS="2340" HPOS="3755"/>
                  <String HEIGHT="169"
                          WIDTH="219"
                          VPOS="2340"
                          HPOS="3662"
                          CONTENT="ort"/>
                  <SP HEIGHT="169" WIDTH="31" VPOS="2340" HPOS="3880"/>
                  <String HEIGHT="169"
                          WIDTH="250"
                          VPOS="2340"
                          HPOS="3787"
                          CONTENT="samt"/>
                  <SP HEIGHT="169" WIDTH="31" VPOS="2340" HPOS="4037"/>
                  <String HEIGHT="169"
                          WIDTH="188"
                          VPOS="2340"
                          HPOS="3943"
                          CONTENT="en"/>
                  <SP HEIGHT="169" WIDTH="31" VPOS="2340" HPOS="4130"/>
                  <String HEIGHT="169"
                          WIDTH="469"
                          VPOS="2340"
                          HPOS="4005"
                          CONTENT="sönderstyckad"/>
               </TextLine>
               <TextLine ID="r3l21"
                         BASELINE="2724,2588 2750,2586 2777,2586 2804,2584 2830,2582 2857,2581 2884,2580 2910,2578 2937,2575 2964,2573 2991,2570 3017,2570 3044,2567 3071,2566 3097,2565 3124,2562 3151,2561 3177,2560 3204,2560 3231,2558 3258,2558"
                         HEIGHT="106"
                         WIDTH="534"
                         VPOS="2507"
                         HPOS="2724">
                  <String HEIGHT="106"
                          WIDTH="208"
                          VPOS="2507"
                          HPOS="2694"
                          CONTENT="och"/>
                  <SP HEIGHT="106" WIDTH="30" VPOS="2507" HPOS="2902"/>
                  <String HEIGHT="106"
                          WIDTH="386"
                          VPOS="2507"
                          HPOS="2813"
                          CONTENT="nedsaltad"/>
                  <SP HEIGHT="106" WIDTH="30" VPOS="2507" HPOS="3199"/>
                  <String HEIGHT="106"
                          WIDTH="178"
                          VPOS="2507"
                          HPOS="3080"
                          CONTENT="gås."/>
               </TextLine>
               <TextLine ID="r3l22"
                         BASELINE="2906,2680 2984,2678 3063,2674 3142,2670 3221,2668 3300,2664 3379,2660 3458,2658 3537,2654 3616,2652 3695,2648 3773,2645 3852,2642 3931,2638 4010,2635 4089,2633 4168,2629 4247,2626 4326,2622 4405,2619 4484,2616"
                         HEIGHT="139"
                         WIDTH="1578"
                         VPOS="2566"
                         HPOS="2906">
                  <String HEIGHT="139"
                          WIDTH="172"
                          VPOS="2566"
                          HPOS="2872"
                          CONTENT="I"/>
                  <SP HEIGHT="139" WIDTH="34" VPOS="2566" HPOS="3043"/>
                  <String HEIGHT="139"
                          WIDTH="446"
                          VPOS="2566"
                          HPOS="2940"
                          CONTENT="anledning"/>
                  <SP HEIGHT="139" WIDTH="34" VPOS="2566" HPOS="3386"/>
                  <String HEIGHT="139"
                          WIDTH="309"
                          VPOS="2566"
                          HPOS="3283"
                          CONTENT="häraf"/>
                  <SP HEIGHT="139" WIDTH="34" VPOS="2566" HPOS="3592"/>
                  <String HEIGHT="139"
                          WIDTH="240"
                          VPOS="2566"
                          HPOS="3489"
                          CONTENT="har"/>
                  <SP HEIGHT="139" WIDTH="34" VPOS="2566" HPOS="3729"/>
                  <String HEIGHT="139"
                          WIDTH="274"
                          VPOS="2566"
                          HPOS="3626"
                          CONTENT="Carl"/>
                  <SP HEIGHT="139" WIDTH="34" VPOS="2566" HPOS="3901"/>
                  <String HEIGHT="139"
                          WIDTH="377"
                          VPOS="2566"
                          HPOS="3798"
                          CONTENT="Olssons"/>
                  <SP HEIGHT="139" WIDTH="34" VPOS="2566" HPOS="4175"/>
                  <String HEIGHT="139"
                          WIDTH="309"
                          VPOS="2566"
                          HPOS="4072"
                          CONTENT="moder"/>
                  <SP HEIGHT="139" WIDTH="34" VPOS="2566" HPOS="4381"/>
                  <String HEIGHT="139"
                          WIDTH="240"
                          VPOS="2566"
                          HPOS="4244"
                          CONTENT="Enkan"/>
               </TextLine>
               <TextLine ID="r3l23"
                         BASELINE="2708,2796 2797,2790 2887,2784 2977,2781 3067,2776 3157,2772 3247,2768 3337,2766 3427,2762 3517,2760 3607,2756 3696,2754 3786,2752 3876,2749 3966,2746 4056,2744 4146,2740 4236,2736 4326,2732 4416,2728 4506,2724"
                         HEIGHT="148"
                         WIDTH="1798"
                         VPOS="2673"
                         HPOS="2708">
                  <String HEIGHT="148"
                          WIDTH="270"
                          VPOS="2673"
                          HPOS="2678"
                          CONTENT="Beata"/>
                  <SP HEIGHT="148" WIDTH="30" VPOS="2673" HPOS="2948"/>
                  <String HEIGHT="148"
                          WIDTH="300"
                          VPOS="2673"
                          HPOS="2858"
                          CONTENT="Olsson"/>
                  <SP HEIGHT="148" WIDTH="30" VPOS="2673" HPOS="3158"/>
                  <String HEIGHT="148"
                          WIDTH="330"
                          VPOS="2673"
                          HPOS="3068"
                          CONTENT="blifvit"/>
                  <SP HEIGHT="148" WIDTH="30" VPOS="2673" HPOS="3397"/>
                  <String HEIGHT="148"
                          WIDTH="270"
                          VPOS="2673"
                          HPOS="3307"
                          CONTENT="hörd,"/>
                  <SP HEIGHT="148" WIDTH="30" VPOS="2673" HPOS="3577"/>
                  <String HEIGHT="148"
                          WIDTH="330"
                          VPOS="2673"
                          HPOS="3487"
                          CONTENT="hvarvid"/>
                  <SP HEIGHT="148" WIDTH="30" VPOS="2673" HPOS="3817"/>
                  <String HEIGHT="148"
                          WIDTH="210"
                          VPOS="2673"
                          HPOS="3727"
                          CONTENT="hon"/>
                  <SP HEIGHT="148" WIDTH="30" VPOS="2673" HPOS="3937"/>
                  <String HEIGHT="148"
                          WIDTH="420"
                          VPOS="2673"
                          HPOS="3847"
                          CONTENT="uppgifvit,"/>
                  <SP HEIGHT="148" WIDTH="30" VPOS="2673" HPOS="4266"/>
                  <String HEIGHT="148"
                          WIDTH="210"
                          VPOS="2673"
                          HPOS="4176"
                          CONTENT="att"/>
                  <SP HEIGHT="148" WIDTH="30" VPOS="2673" HPOS="4386"/>
                  <String HEIGHT="148"
                          WIDTH="180"
                          VPOS="2673"
                          HPOS="4296"
                          CONTENT="en"/>
                  <SP HEIGHT="148" WIDTH="30" VPOS="2673" HPOS="4476"/>
                  <String HEIGHT="148"
                          WIDTH="150"
                          VPOS="2673"
                          HPOS="4356"
                          CONTENT="af¬"
                          SUBS_TYPE="HypPart1"
                          SUBS_CONTENT="afton"/>
                  <HYP CONTENT="-"/>
               </TextLine>
               <TextLine ID="r3l24"
                         BASELINE="2710,2914 2800,2908 2890,2900 2980,2894 3070,2889 3161,2884 3251,2880 3341,2876 3431,2872 3521,2868 3612,2865 3702,2862 3792,2860 3882,2856 3972,2853 4063,2850 4153,2846 4243,2842 4333,2838 4423,2834 4514,2828"
                         HEIGHT="159"
                         WIDTH="1804"
                         VPOS="2779"
                         HPOS="2710">
                  <String HEIGHT="159"
                          WIDTH="230"
                          VPOS="2779"
                          HPOS="2677"
                          CONTENT="ton"
                          SUBS_TYPE="HypPart2"
                          SUBS_CONTENT="afton"/>
                  <SP HEIGHT="159" WIDTH="33" VPOS="2779" HPOS="2907"/>
                  <String HEIGHT="159"
                          WIDTH="230"
                          VPOS="2779"
                          HPOS="2808"
                          CONTENT="för"/>
                  <SP HEIGHT="159" WIDTH="33" VPOS="2779" HPOS="3038"/>
                  <String HEIGHT="159"
                          WIDTH="361"
                          VPOS="2779"
                          HPOS="2940"
                          CONTENT="omkring"/>
                  <SP HEIGHT="159" WIDTH="33" VPOS="2779" HPOS="3300"/>
                  <String HEIGHT="159"
                          WIDTH="230"
                          VPOS="2779"
                          HPOS="3202"
                          CONTENT="tre"/>
                  <SP HEIGHT="159" WIDTH="33" VPOS="2779" HPOS="3432"/>
                  <String HEIGHT="159"
                          WIDTH="328"
                          VPOS="2779"
                          HPOS="3333"
                          CONTENT="veckor"/>
                  <SP HEIGHT="159" WIDTH="33" VPOS="2779" HPOS="3661"/>
                  <String HEIGHT="159"
                          WIDTH="295"
                          VPOS="2779"
                          HPOS="3563"
                          CONTENT="sedan"/>
                  <SP HEIGHT="159" WIDTH="33" VPOS="2779" HPOS="3858"/>
                  <String HEIGHT="159"
                          WIDTH="328"
                          VPOS="2779"
                          HPOS="3760"
                          CONTENT="hennes"/>
                  <SP HEIGHT="159" WIDTH="33" VPOS="2779" HPOS="4088"/>
                  <String HEIGHT="159"
                          WIDTH="230"
                          VPOS="2779"
                          HPOS="3989"
                          CONTENT="son"/>
                  <SP HEIGHT="159" WIDTH="33" VPOS="2779" HPOS="4219"/>
                  <String HEIGHT="159"
                          WIDTH="262"
                          VPOS="2779"
                          HPOS="4120"
                          CONTENT="Carl"/>
                  <SP HEIGHT="159" WIDTH="33" VPOS="2779" HPOS="4383"/>
                  <String HEIGHT="159"
                          WIDTH="262"
                          VPOS="2779"
                          HPOS="4252"
                          CONTENT="Olsson"/>
               </TextLine>
               <TextLine ID="r3l25"
                         BASELINE="2728,3022 2817,3017 2906,3010 2996,3003 3085,3000 3175,2994 3264,2989 3353,2984 3443,2980 3532,2976 3622,2972 3711,2968 3800,2964 3890,2960 3979,2956 4069,2951 4158,2946 4247,2943 4337,2938 4426,2933 4516,2928"
                         HEIGHT="167"
                         WIDTH="1788"
                         VPOS="2879"
                         HPOS="2728">
                  <String HEIGHT="167"
                          WIDTH="236"
                          VPOS="2879"
                          HPOS="2694"
                          CONTENT="och"/>
                  <SP HEIGHT="167" WIDTH="34" VPOS="2879" HPOS="2930"/>
                  <String HEIGHT="167"
                          WIDTH="439"
                          VPOS="2879"
                          HPOS="2829"
                          CONTENT="ynglingen"/>
                  <SP HEIGHT="167" WIDTH="34" VPOS="2879" HPOS="3268"/>
                  <String HEIGHT="167"
                          WIDTH="270"
                          VPOS="2879"
                          HPOS="3167"
                          CONTENT="Carl"/>
                  <SP HEIGHT="167" WIDTH="34" VPOS="2879" HPOS="3436"/>
                  <String HEIGHT="167"
                          WIDTH="337"
                          VPOS="2879"
                          HPOS="3335"
                          CONTENT="Edgard"/>
                  <SP HEIGHT="167" WIDTH="34" VPOS="2879" HPOS="3673"/>
                  <String HEIGHT="167"
                          WIDTH="439"
                          VPOS="2879"
                          HPOS="3571"
                          CONTENT="Ferdinand"/>
                  <SP HEIGHT="167" WIDTH="34" VPOS="2879" HPOS="4010"/>
                  <String HEIGHT="167"
                          WIDTH="405"
                          VPOS="2879"
                          HPOS="3909"
                          CONTENT="Kollberg"/>
                  <SP HEIGHT="167" WIDTH="34" VPOS="2879" HPOS="4314"/>
                  <String HEIGHT="167"
                          WIDTH="337"
                          VPOS="2879"
                          HPOS="4179"
                          CONTENT="inkommit"/>
               </TextLine>
               <TextLine ID="r3l26"
                         BASELINE="2720,3132 2809,3126 2899,3120 2989,3116 3079,3110 3169,3105 3259,3100 3349,3096 3439,3090 3529,3086 3619,3080 3708,3076 3798,3072 3888,3067 3978,3062 4068,3058 4158,3054 4248,3050 4338,3046 4428,3041 4518,3038"
                         HEIGHT="170"
                         WIDTH="1798"
                         VPOS="2987"
                         HPOS="2720">
                  <String HEIGHT="170"
                          WIDTH="161"
                          VPOS="2987"
                          HPOS="2688"
                          CONTENT="i"/>
                  <SP HEIGHT="170" WIDTH="32" VPOS="2987" HPOS="2848"/>
                  <String HEIGHT="170"
                          WIDTH="321"
                          VPOS="2987"
                          HPOS="2752"
                          CONTENT="hennes"/>
                  <SP HEIGHT="170" WIDTH="32" VPOS="2987" HPOS="3073"/>
                  <String HEIGHT="170"
                          WIDTH="321"
                          VPOS="2987"
                          HPOS="2977"
                          CONTENT="bostad"/>
                  <SP HEIGHT="170" WIDTH="32" VPOS="2987" HPOS="3298"/>
                  <String HEIGHT="170"
                          WIDTH="225"
                          VPOS="2987"
                          HPOS="3202"
                          CONTENT="och"/>
                  <SP HEIGHT="170" WIDTH="32" VPOS="2987" HPOS="3426"/>
                  <String HEIGHT="170"
                          WIDTH="385"
                          VPOS="2987"
                          HPOS="3330"
                          CONTENT="omtalat,"/>
                  <SP HEIGHT="170" WIDTH="32" VPOS="2987" HPOS="3715"/>
                  <String HEIGHT="170"
                          WIDTH="225"
                          VPOS="2987"
                          HPOS="3619"
                          CONTENT="att"/>
                  <SP HEIGHT="170" WIDTH="32" VPOS="2987" HPOS="3844"/>
                  <String HEIGHT="170"
                          WIDTH="193"
                          VPOS="2987"
                          HPOS="3747"
                          CONTENT="de"/>
                  <SP HEIGHT="170" WIDTH="32" VPOS="2987" HPOS="3940"/>
                  <String HEIGHT="170"
                          WIDTH="257"
                          VPOS="2987"
                          HPOS="3844"
                          CONTENT="hade"/>
                  <SP HEIGHT="170" WIDTH="32" VPOS="2987" HPOS="4101"/>
                  <String HEIGHT="170"
                          WIDTH="450"
                          VPOS="2987"
                          HPOS="4004"
                          CONTENT="åtskilliga"/>
                  <SP HEIGHT="170" WIDTH="32" VPOS="2987" HPOS="4454"/>
                  <String HEIGHT="170"
                          WIDTH="193"
                          VPOS="2987"
                          HPOS="4325"
                          CONTENT="han¬"
                          SUBS_TYPE="HypPart1"
                          SUBS_CONTENT="handelsvaror"/>
                  <HYP CONTENT="-"/>
               </TextLine>
               <TextLine ID="r3l27"
                         BASELINE="2706,3238 2797,3234 2888,3228 2979,3223 3070,3218 3162,3212 3253,3207 3344,3202 3435,3196 3526,3191 3618,3186 3709,3181 3800,3178 3891,3173 3982,3169 4074,3165 4165,3162 4256,3158 4347,3156 4438,3154 4530,3152"
                         HEIGHT="162"
                         WIDTH="1824"
                         VPOS="3101"
                         HPOS="2706">
                  <String HEIGHT="162"
                          WIDTH="423"
                          VPOS="3101"
                          HPOS="2673"
                          CONTENT="delsvaror"
                          SUBS_TYPE="HypPart2"
                          SUBS_CONTENT="handelsvaror"/>
                  <SP HEIGHT="162" WIDTH="33" VPOS="3101" HPOS="3097"/>
                  <String HEIGHT="162"
                          WIDTH="293"
                          VPOS="3101"
                          HPOS="2999"
                          CONTENT="gömde"/>
                  <SP HEIGHT="162" WIDTH="33" VPOS="3101" HPOS="3292"/>
                  <String HEIGHT="162"
                          WIDTH="163"
                          VPOS="3101"
                          HPOS="3195"
                          CONTENT="i"/>
                  <SP HEIGHT="162" WIDTH="33" VPOS="3101" HPOS="3357"/>
                  <String HEIGHT="162"
                          WIDTH="391"
                          VPOS="3101"
                          HPOS="3260"
                          CONTENT="vedboden"/>
                  <SP HEIGHT="162" WIDTH="33" VPOS="3101" HPOS="3651"/>
                  <String HEIGHT="162"
                          WIDTH="228"
                          VPOS="3101"
                          HPOS="3553"
                          CONTENT="och"/>
                  <SP HEIGHT="162" WIDTH="33" VPOS="3101" HPOS="3781"/>
                  <String HEIGHT="162"
                          WIDTH="326"
                          VPOS="3101"
                          HPOS="3683"
                          CONTENT="hvilka"/>
                  <SP HEIGHT="162" WIDTH="33" VPOS="3101" HPOS="4009"/>
                  <String HEIGHT="162"
                          WIDTH="195"
                          VPOS="3101"
                          HPOS="3911"
                          CONTENT="de"/>
                  <SP HEIGHT="162" WIDTH="33" VPOS="3101" HPOS="4107"/>
                  <String HEIGHT="162"
                          WIDTH="293"
                          VPOS="3101"
                          HPOS="4009"
                          CONTENT="tagit"/>
                  <SP HEIGHT="162" WIDTH="33" VPOS="3101" HPOS="4302"/>
                  <String HEIGHT="162"
                          WIDTH="293"
                          VPOS="3101"
                          HPOS="4204"
                          CONTENT="genom"/>
                  <SP HEIGHT="162" WIDTH="33" VPOS="3101" HPOS="4497"/>
                  <String HEIGHT="162"
                          WIDTH="163"
                          VPOS="3101"
                          HPOS="4367"
                          CONTENT="ett"/>
               </TextLine>
               <TextLine ID="r3l28"
                         BASELINE="2714,3346 2803,3340 2892,3334 2982,3328 3071,3324 3161,3318 3250,3312 3339,3305 3429,3300 3518,3295 3608,3290 3697,3285 3786,3281 3876,3276 3965,3272 4055,3268 4144,3265 4233,3263 4323,3260 4412,3260 4502,3258"
                         HEIGHT="163"
                         WIDTH="1788"
                         VPOS="3208"
                         HPOS="2714">
                  <String HEIGHT="163"
                          WIDTH="282"
                          VPOS="3208"
                          HPOS="2683"
                          CONTENT="öppet"/>
                  <SP HEIGHT="163" WIDTH="31" VPOS="3208" HPOS="2965"/>
                  <String HEIGHT="163"
                          WIDTH="376"
                          VPOS="3208"
                          HPOS="2871"
                          CONTENT="fönster;"/>
                  <SP HEIGHT="163" WIDTH="31" VPOS="3208" HPOS="3247"/>
                  <String HEIGHT="163"
                          WIDTH="220"
                          VPOS="3208"
                          HPOS="3153"
                          CONTENT="att"/>
                  <SP HEIGHT="163" WIDTH="31" VPOS="3208" HPOS="3373"/>
                  <String HEIGHT="163"
                          WIDTH="188"
                          VPOS="3208"
                          HPOS="3279"
                          CONTENT="de"/>
                  <SP HEIGHT="163" WIDTH="31" VPOS="3208" HPOS="3467"/>
                  <String HEIGHT="163"
                          WIDTH="282"
                          VPOS="3208"
                          HPOS="3373"
                          CONTENT="dagen"/>
                  <SP HEIGHT="163" WIDTH="31" VPOS="3208" HPOS="3655"/>
                  <String HEIGHT="163"
                          WIDTH="282"
                          VPOS="3208"
                          HPOS="3561"
                          CONTENT="derpå"/>
                  <SP HEIGHT="163" WIDTH="31" VPOS="3208" HPOS="3843"/>
                  <String HEIGHT="163"
                          WIDTH="251"
                          VPOS="3208"
                          HPOS="3749"
                          CONTENT="från"/>
                  <SP HEIGHT="163" WIDTH="31" VPOS="3208" HPOS="4000"/>
                  <String HEIGHT="163"
                          WIDTH="376"
                          VPOS="3208"
                          HPOS="3906"
                          CONTENT="vedboden"/>
                  <SP HEIGHT="163" WIDTH="31" VPOS="3208" HPOS="4282"/>
                  <String HEIGHT="163"
                          WIDTH="345"
                          VPOS="3208"
                          HPOS="4157"
                          CONTENT="upphemtat"/>
               </TextLine>
               <TextLine ID="r3l29"
                         BASELINE="2702,3444 2792,3438 2882,3432 2973,3426 3063,3421 3154,3416 3244,3412 3334,3406 3425,3401 3515,3398 3606,3394 3696,3390 3786,3386 3877,3382 3967,3378 4058,3374 4148,3372 4238,3368 4329,3365 4419,3361 4510,3358"
                         HEIGHT="161"
                         WIDTH="1808"
                         VPOS="3308"
                         HPOS="2702">
                  <String HEIGHT="161"
                          WIDTH="362"
                          VPOS="3308"
                          HPOS="2672"
                          CONTENT="sakerna,"/>
                  <SP HEIGHT="161" WIDTH="30" VPOS="3308" HPOS="3033"/>
                  <String HEIGHT="161"
                          WIDTH="211"
                          VPOS="3308"
                          HPOS="2943"
                          CONTENT="som"/>
                  <SP HEIGHT="161" WIDTH="30" VPOS="3308" HPOS="3154"/>
                  <String HEIGHT="161"
                          WIDTH="331"
                          VPOS="3308"
                          HPOS="3064"
                          CONTENT="bestått"/>
                  <SP HEIGHT="161" WIDTH="30" VPOS="3308" HPOS="3395"/>
                  <String HEIGHT="161"
                          WIDTH="181"
                          VPOS="3308"
                          HPOS="3305"
                          CONTENT="af"/>
                  <SP HEIGHT="161" WIDTH="30" VPOS="3308" HPOS="3485"/>
                  <String HEIGHT="161"
                          WIDTH="271"
                          VPOS="3308"
                          HPOS="3395"
                          CONTENT="några"/>
                  <SP HEIGHT="161" WIDTH="30" VPOS="3308" HPOS="3666"/>
                  <String HEIGHT="161"
                          WIDTH="482"
                          VPOS="3308"
                          HPOS="3576"
                          CONTENT="cigarrlådor,"/>
                  <SP HEIGHT="161" WIDTH="30" VPOS="3308" HPOS="4058"/>
                  <String HEIGHT="161"
                          WIDTH="392"
                          VPOS="3308"
                          HPOS="3968"
                          CONTENT="skjortor,"/>
                  <SP HEIGHT="161" WIDTH="30" VPOS="3308" HPOS="4359"/>
                  <String HEIGHT="161"
                          WIDTH="271"
                          VPOS="3308"
                          HPOS="4239"
                          CONTENT="kragar,"/>
               </TextLine>
               <TextLine ID="r3l30"
                         BASELINE="2698,3548 2790,3545 2882,3538 2974,3534 3066,3528 3158,3523 3250,3518 3342,3512 3434,3508 3526,3503 3618,3498 3710,3494 3802,3489 3894,3486 3986,3481 4078,3477 4170,3474 4262,3471 4354,3468 4446,3466 4538,3464"
                         HEIGHT="159"
                         WIDTH="1840"
                         VPOS="3414"
                         HPOS="2698">
                  <String HEIGHT="159"
                          WIDTH="417"
                          VPOS="3414"
                          HPOS="2663"
                          CONTENT="spetsar,"/>
                  <SP HEIGHT="159" WIDTH="35" VPOS="3414" HPOS="3080"/>
                  <String HEIGHT="159"
                          WIDTH="312"
                          VPOS="3414"
                          HPOS="2976"
                          CONTENT="krus,"/>
                  <SP HEIGHT="159" WIDTH="35" VPOS="3414" HPOS="3288"/>
                  <String HEIGHT="159"
                          WIDTH="347"
                          VPOS="3414"
                          HPOS="3184"
                          CONTENT="dukar,"/>
                  <SP HEIGHT="159" WIDTH="35" VPOS="3414" HPOS="3531"/>
                  <String HEIGHT="159"
                          WIDTH="555"
                          VPOS="3414"
                          HPOS="3427"
                          CONTENT="portmonnaier"/>
                  <SP HEIGHT="159" WIDTH="35" VPOS="3414" HPOS="3983"/>
                  <String HEIGHT="159"
                          WIDTH="243"
                          VPOS="3414"
                          HPOS="3878"
                          CONTENT="och"/>
                  <SP HEIGHT="159" WIDTH="35" VPOS="3414" HPOS="4121"/>
                  <String HEIGHT="159"
                          WIDTH="243"
                          VPOS="3414"
                          HPOS="4017"
                          CONTENT="ett"/>
                  <SP HEIGHT="159" WIDTH="35" VPOS="3414" HPOS="4260"/>
                  <String HEIGHT="159"
                          WIDTH="243"
                          VPOS="3414"
                          HPOS="4156"
                          CONTENT="par"/>
                  <SP HEIGHT="159" WIDTH="35" VPOS="3414" HPOS="4399"/>
                  <String HEIGHT="159"
                          WIDTH="278"
                          VPOS="3414"
                          HPOS="4260"
                          CONTENT="gummi¬"
                          SUBS_TYPE="HypPart1"
                          SUBS_CONTENT="gummigaloscher;"/>
                  <HYP CONTENT="-"/>
               </TextLine>
               <TextLine ID="r3l31"
                         BASELINE="2706,3654 2798,3646 2891,3640 2983,3634 3076,3630 3169,3623 3261,3618 3354,3614 3446,3608 3539,3605 3632,3601 3724,3596 3817,3594 3909,3590 4002,3588 4095,3585 4187,3582 4280,3580 4372,3578 4465,3576 4558,3576"
                         HEIGHT="150"
                         WIDTH="1852"
                         VPOS="3528"
                         HPOS="2706">
                  <String HEIGHT="150"
                          WIDTH="439"
                          VPOS="3528"
                          HPOS="2675"
                          CONTENT="galoscher;"
                          SUBS_TYPE="HypPart2"
                          SUBS_CONTENT="gummigaloscher;"/>
                  <SP HEIGHT="150" WIDTH="31" VPOS="3528" HPOS="3114"/>
                  <String HEIGHT="150"
                          WIDTH="220"
                          VPOS="3528"
                          HPOS="3020"
                          CONTENT="att"/>
                  <SP HEIGHT="150" WIDTH="31" VPOS="3528" HPOS="3240"/>
                  <String HEIGHT="150"
                          WIDTH="188"
                          VPOS="3528"
                          HPOS="3145"
                          CONTENT="då"/>
                  <SP HEIGHT="150" WIDTH="31" VPOS="3528" HPOS="3334"/>
                  <String HEIGHT="150"
                          WIDTH="220"
                          VPOS="3528"
                          HPOS="3240"
                          CONTENT="hon"/>
                  <SP HEIGHT="150" WIDTH="31" VPOS="3528" HPOS="3459"/>
                  <String HEIGHT="150"
                          WIDTH="377"
                          VPOS="3528"
                          HPOS="3365"
                          CONTENT="tillsagt"/>
                  <SP HEIGHT="150" WIDTH="31" VPOS="3528" HPOS="3742"/>
                  <String HEIGHT="150"
                          WIDTH="251"
                          VPOS="3528"
                          HPOS="3648"
                          CONTENT="dem,"/>
                  <SP HEIGHT="150" WIDTH="31" VPOS="3528" HPOS="3899"/>
                  <String HEIGHT="150"
                          WIDTH="220"
                          VPOS="3528"
                          HPOS="3805"
                          CONTENT="att"/>
                  <SP HEIGHT="150" WIDTH="31" VPOS="3528" HPOS="4024"/>
                  <String HEIGHT="150"
                          WIDTH="188"
                          VPOS="3528"
                          HPOS="3930"
                          CONTENT="de"/>
                  <SP HEIGHT="150" WIDTH="31" VPOS="3528" HPOS="4119"/>
                  <String HEIGHT="150"
                          WIDTH="251"
                          VPOS="3528"
                          HPOS="4024"
                          CONTENT="icke"/>
                  <SP HEIGHT="150" WIDTH="31" VPOS="3528" HPOS="4275"/>
                  <String HEIGHT="150"
                          WIDTH="283"
                          VPOS="3528"
                          HPOS="4181"
                          CONTENT="finge"/>
                  <SP HEIGHT="150" WIDTH="31" VPOS="3528" HPOS="4464"/>
                  <String HEIGHT="150"
                          WIDTH="220"
                          VPOS="3528"
                          HPOS="4338"
                          CONTENT="hafva"/>
               </TextLine>
               <TextLine ID="r3l32"
                         BASELINE="2712,3754 2803,3747 2895,3740 2986,3734 3078,3728 3169,3722 3261,3717 3352,3713 3444,3708 3535,3704 3627,3700 3718,3697 3810,3694 3901,3690 3993,3688 4084,3686 4176,3684 4267,3682 4359,3682 4450,3680 4542,3678"
                         HEIGHT="149"
                         WIDTH="1830"
                         VPOS="3629"
                         HPOS="2712">
                  <String HEIGHT="149"
                          WIDTH="279"
                          VPOS="3629"
                          HPOS="2681"
                          CONTENT="dessa"/>
                  <SP HEIGHT="149" WIDTH="31" VPOS="3629" HPOS="2960"/>
                  <String HEIGHT="149"
                          WIDTH="279"
                          VPOS="3629"
                          HPOS="2867"
                          CONTENT="saker"/>
                  <SP HEIGHT="149" WIDTH="31" VPOS="3629" HPOS="3146"/>
                  <String HEIGHT="149"
                          WIDTH="155"
                          VPOS="3629"
                          HPOS="3053"
                          CONTENT="i"/>
                  <SP HEIGHT="149" WIDTH="31" VPOS="3629" HPOS="3208"/>
                  <String HEIGHT="149"
                          WIDTH="310"
                          VPOS="3629"
                          HPOS="3115"
                          CONTENT="hennes"/>
                  <SP HEIGHT="149" WIDTH="31" VPOS="3629" HPOS="3425"/>
                  <String HEIGHT="149"
                          WIDTH="341"
                          VPOS="3629"
                          HPOS="3332"
                          CONTENT="bostad,"/>
                  <SP HEIGHT="149" WIDTH="31" VPOS="3629" HPOS="3674"/>
                  <String HEIGHT="149"
                          WIDTH="186"
                          VPOS="3629"
                          HPOS="3580"
                          CONTENT="de"/>
                  <SP HEIGHT="149" WIDTH="31" VPOS="3629" HPOS="3767"/>
                  <String HEIGHT="149"
                          WIDTH="248"
                          VPOS="3629"
                          HPOS="3674"
                          CONTENT="lagt"/>
                  <SP HEIGHT="149" WIDTH="31" VPOS="3629" HPOS="3922"/>
                  <String HEIGHT="149"
                          WIDTH="465"
                          VPOS="3629"
                          HPOS="3829"
                          CONTENT="alltsammans"/>
                  <SP HEIGHT="149" WIDTH="31" VPOS="3629" HPOS="4294"/>
                  <String HEIGHT="149"
                          WIDTH="155"
                          VPOS="3629"
                          HPOS="4201"
                          CONTENT="i"/>
                  <SP HEIGHT="149" WIDTH="31" VPOS="3629" HPOS="4356"/>
                  <String HEIGHT="149"
                          WIDTH="186"
                          VPOS="3629"
                          HPOS="4263"
                          CONTENT="en"/>
                  <SP HEIGHT="149" WIDTH="31" VPOS="3629" HPOS="4449"/>
                  <String HEIGHT="149"
                          WIDTH="217"
                          VPOS="3629"
                          HPOS="4325"
                          CONTENT="korg,"/>
               </TextLine>
               <TextLine ID="r3l33"
                         BASELINE="2704,3852 2794,3849 2884,3846 2974,3841 3064,3838 3155,3832 3245,3828 3335,3822 3425,3818 3515,3814 3606,3808 3696,3804 3786,3800 3876,3796 3966,3792 4057,3790 4147,3787 4237,3784 4327,3784 4417,3782 4508,3784"
                         HEIGHT="146"
                         WIDTH="1804"
                         VPOS="3731"
                         HPOS="2704">
                  <String HEIGHT="146"
                          WIDTH="234"
                          VPOS="3731"
                          HPOS="2671"
                          CONTENT="med"/>
                  <SP HEIGHT="146" WIDTH="33" VPOS="3731" HPOS="2904"/>
                  <String HEIGHT="146"
                          WIDTH="401"
                          VPOS="3731"
                          HPOS="2804"
                          CONTENT="undantag"/>
                  <SP HEIGHT="146" WIDTH="33" VPOS="3731" HPOS="3205"/>
                  <String HEIGHT="146"
                          WIDTH="200"
                          VPOS="3731"
                          HPOS="3105"
                          CONTENT="af"/>
                  <SP HEIGHT="146" WIDTH="33" VPOS="3731" HPOS="3305"/>
                  <String HEIGHT="146"
                          WIDTH="535"
                          VPOS="3731"
                          HPOS="3205"
                          CONTENT="galoscherna,"/>
                  <SP HEIGHT="146" WIDTH="33" VPOS="3731" HPOS="3740"/>
                  <String HEIGHT="146"
                          WIDTH="334"
                          VPOS="3731"
                          HPOS="3639"
                          CONTENT="hvilka"/>
                  <SP HEIGHT="146" WIDTH="33" VPOS="3731" HPOS="3973"/>
                  <String HEIGHT="146"
                          WIDTH="267"
                          VPOS="3731"
                          HPOS="3873"
                          CONTENT="Carl"/>
                  <SP HEIGHT="146" WIDTH="33" VPOS="3731" HPOS="4141"/>
                  <String HEIGHT="146"
                          WIDTH="334"
                          VPOS="3731"
                          HPOS="4040"
                          CONTENT="Olsson"/>
                  <SP HEIGHT="146" WIDTH="33" VPOS="3731" HPOS="4374"/>
                  <String HEIGHT="146"
                          WIDTH="267"
                          VPOS="3731"
                          HPOS="4241"
                          CONTENT="lemnat"/>
               </TextLine>
            </TextBlock>
         </PrintSpace>
      </Page>
   </Layout>
</alto>
