5086 4082
525 233 270 158 till
694 233 270 158 hans
863 233 338 158 bostad
1100 233 270 158 från
1269 233 304 158 honom
1471 233 507 158 tillgripits
1877 233 203 158 en
1945 233 574 158 sommaröfverrock

533 327 194 139 af
630 327 291 139 grått
823 327 484 139 diagonaltyg
1211 327 226 139 med
1340 327 291 139 svart
1534 327 452 139 klotfoder,
1889 327 258 139 värd
2051 327 194 139 20
2115 327 291 139 Kronor;

535 450 187 171 3o
628 450 343 171 Hustrun
878 450 405 171 Christina
1190 450 312 171 Kulin,
1408 450 312 171 boende
1626 450 156 171 i
1688 450 281 171 huset
1875 450 187 171 No
1969 450 187 171 17
2063 450 218 171 vid
2156 450 343 171 Pilgatan,

544 567 255 192 att
689 567 255 192 den
835 567 218 192 27
944 567 182 192 i
1017 567 328 192 samma
1235 567 328 192 månad
1453 567 218 192 på
1563 567 328 192 f.m.,
1781 567 218 192 då
1890 567 364 192 hennes
2145 567 182 192 8
2181 567 255 192 åriga

539 672 334 210 dotter
773 672 368 210 Augusta
1040 672 401 210 Constace
1341 672 368 210 Kullin,
1608 672 468 210 uppehållit
1976 672 234 210 sig
2110 672 167 210 å
2143 672 301 210 Spräng¬-

533 801 491 172 kullsgatan
919 801 210 172 en
1024 801 386 172 obekant
1304 801 351 172 qvinna
1550 801 386 172 anmodat
1830 801 386 172 flickan
2110 801 245 172 att
2216 801 210 172 med¬-

534 910 297 182 följa
732 910 264 182 till
897 910 297 182 Östra
1095 910 396 182 Nygatan,
1392 910 231 182 der
1525 910 231 182 han
1657 910 264 182 bedt
1822 910 297 182 henne
2020 910 198 182 gå
2119 910 231 182 upp
2251 910 165 182 i
2284 910 165 182 ett

540 1052 231 169 hus
672 1052 231 169 för
804 1052 231 169 att
935 1052 428 169 efterhöra
1265 1052 395 169 huruvida
1561 1052 461 169 Herrskapet
1923 1052 428 169 Strömberg
2219 1052 231 169 bodde

540 1144 263 179 der;
704 1144 230 179 att
836 1144 197 179 då
934 1144 361 179 flickan
1197 1144 164 179 i
1262 1144 427 179 anledning
1590 1144 295 179 deraf
1787 1144 328 179 skolat
2017 1144 361 179 begifva
2247 1144 164 179 sig

551 1253 207 205 in
654 1253 172 205 i
723 1253 345 205 huset,
964 1253 241 205 den
1102 1253 414 205 obekanta
1413 1253 276 205 bedt
1585 1253 310 205 henne
1792 1253 241 205 att
1930 1253 310 205 under
2137 1253 310 205 tiden
2309 1253 138 205 få

537 1392 314 133 hålla
747 1392 349 133 hennes
991 1392 419 133 paraply;
1306 1392 245 133 att
1446 1392 210 133 då
1550 1392 245 133 hon
1690 1392 280 133 kort
1865 1392 419 133 derefter
2144 1392 280 133 kommit

531 1529 401 136 tillbaka
831 1529 201 136 it
932 1529 267 136 från
1099 1529 334 136 huset,
1333 1529 234 136 den
1467 1529 401 136 obekanta
1768 1529 401 136 qvintnan
2069 1529 301 136 redan
2236 1529 167 136 öf¬-

512 1599 340 214 lägsnat
760 1599 217 214 sig
883 1599 217 214 och
1007 1599 371 214 medtagit
1285 1599 433 214 paraplyet,
1626 1599 217 214 som
1749 1599 278 214 varit
1935 1599 278 214 värdt
2121 1599 155 214 2
2152 1599 278 214 Kronor.

521 1724 196 181 4o
619 1724 523 181 Byggmästaren
1044 1724 196 181 A.
1142 1724 196 181 M.
1240 1724 457 181 Jakobsson,
1599 1724 327 181 boende
1828 1724 163 181 i
1893 1724 294 181 huset
2089 1724 196 181 No
2187 1724 163 181 9
2220 1724 163 181 vid

520 1837 504 190 Vestergatan,
930 1837 221 190 att
1056 1837 441 190 sistnämnde
1403 1837 221 190 dag
1529 1837 189 190 på
1623 1837 252 190 e.m.
1781 1837 252 190 hans
1938 1837 158 190 8
2001 1837 284 190 åriga
2159 1837 252 190 dotter

506 1956 327 166 Agnes
724 1956 619 166 sammanträffat
1233 1956 255 166 med
1379 1956 218 166 en
1488 1956 400 166 obekant
1779 1956 400 166 qvinna,
2070 1956 255 166 som
2179 1956 255 166 anmo¬-

524 2074 232 167 dat
656 2074 298 167 henne
855 2074 232 167 att
987 2074 199 167 gå
1086 2074 232 167 ett
1219 2074 364 167 ärende;
1484 2074 232 167 att
1616 2074 199 167 då
1715 2074 199 167 de
1814 2074 165 167 i
1881 2074 430 167 anledning
2178 2074 232 167 deraf

513 2198 396 181 åtföljts
810 2198 264 181 till
975 2198 529 181 Byggmästaren
1405 2198 297 181 Rapps
1603 2198 231 181 hus
1735 2198 231 181 vid
1867 2198 264 181 Öfra
2000 2198 462 181 Magazinsgar¬-

512 2327 301 169 tan,
700 2327 414 169 flickan
1001 2327 226 169 på
1114 2327 451 169 qvinnans
1452 2327 451 169 anmodan,
1791 2327 301 169 gått
1979 2327 263 169 upp
2129 2327 188 169 i
2167 2327 263 169 huset

500 2390 261 200 för
649 2390 261 200 att
798 2390 485 200 efterhöra
1172 2390 224 200 om
1284 2390 261 200 ett
1433 2390 448 200 herrskap
1769 2390 261 200 vid
1918 2390 299 200 namn
2068 2390 373 200 Strömman

504 2522 288 156 bodde
696 2522 448 156 derstädes,
1048 2522 352 156 hvarvid
1304 2522 224 156 den
1432 2522 320 156 okända
1655 2522 256 156 fått
1815 2522 192 156 af
1911 2522 352 156 flickan
2135 2522 320 156 emottaga

518 2621 238 183 ett
654 2621 204 183 af
756 2621 306 183 denna
960 2621 408 183 medhafdt
1266 2621 408 183 paraply,
1571 2621 272 183 samt
1741 2621 272 183 att,
1911 2621 204 183 då
2013 2621 374 183 flickan
2251 2621 238 183 vändt

509 2743 380 158 tillbaka
794 2743 222 158 ner
921 2743 253 158 till
1080 2743 317 158 gatan,
1301 2743 380 158 qvinnan,
1587 2743 475 158 medhafvande
1967 2743 444 158 paraplyet,
2284 2743 158 158 re¬-

503 2843 237 167 dan
639 2843 440 167 aflägsnat
977 2843 237 167 sig
1113 2843 237 167 och
1248 2843 440 167 sedermera
1587 2843 271 167 icke
1756 2843 305 167 låtit
1960 2843 237 167 sig
2061 2843 305 167 afhöra.

590 2948 323 187 Sedan
805 2948 430 187 Asplunds
1128 2948 287 187 rock
1307 2948 538 187 återfunnits
1738 2948 430 187 pantsatt
2060 2948 251 187 den
2204 2948 215 187 22
2275 2948 108 187 i

511 3092 503 131 sistnämnde
906 3092 323 131 månad
1121 3092 251 131 för
1265 3092 180 131 5
1337 3092 359 131 Kronor
1588 3092 251 131 hos
1732 3092 539 131 Pantlånaren
2163 3092 215 131 C.
2234 3092 144 131 H.

510 3211 366 106 Hallberg
785 3211 153 106 i
846 3211 275 106 huset
1029 3211 183 106 No
1121 3211 183 106 14
1213 3211 214 106 vid
1335 3211 427 106 Husargatan
1670 3211 214 106 och
1793 3211 427 106 Jakobssons
2098 3211 305 106 paraply¬-

499 3264 233 171 den
632 3264 200 171 27
732 3264 400 171 pantsatt
1032 3264 233 171 för
1166 3264 200 171 En
1266 3264 300 171 Krona
1466 3264 233 171 hos
1599 3264 500 171 Pantlånaren
1999 3264 200 171 P.
2099 3264 200 171 J.
2166 3264 267 171 Osberg

498 3372 171 186 i
566 3372 307 186 huset
771 3372 205 186 No
873 3372 171 186 3
942 3372 239 186 vid
1078 3372 512 186 Jerntorget,
1488 3372 307 186 hafva
1659 3372 751 186 detektivkonstaplarne

485 3498 206 135 E.
588 3498 446 135 Hellström
930 3498 240 135 och
1068 3498 206 135 J.
1170 3498 343 135 Bohlin
1410 3498 240 135 den
1548 3498 206 135 29
1650 3498 309 135 sist.
1856 3498 274 135 Juli
2028 3498 309 135 såsom
2199 3498 240 135 miss¬-

506 3597 282 195 tänkt
694 3597 220 195 för
819 3597 282 195 dessa
1007 3597 408 195 tillgrepp
1321 3597 220 195 och
1446 3597 470 195 bedrägerier
1823 3597 376 195 anhållit
2105 3597 314 195 ogifta
2293 3597 157 195 Au¬-

509 3699 278 200 gusta
694 3699 370 200 Josefina
972 3699 401 200 Svensson,
1281 3699 309 200 boende
1497 3699 154 200 i
1559 3699 278 200 huset
1744 3699 185 200 No
1837 3699 185 200 17
1929 3699 216 200 vid
2022 3699 432 200 Snickaregtn.

2807 227 228 209 Wid
2938 227 228 209 det
3068 227 228 209 med
3198 227 391 209 Svensson
3492 227 163 209 i
3557 227 424 209 anledning
3883 227 293 209 häraf
4078 227 424 209 anställda
4371 227 196 209 för¬-

2637 369 229 207 hör
2768 369 229 207 har
2899 369 229 207 hon
3030 369 393 207 vidgått,
3325 369 229 207 att
3456 369 229 207 hon
3587 369 229 207 den
3718 369 197 207 20
3817 369 426 207 sistlidne
4144 369 262 207 Juli
4308 369 164 207 i
4341 369 229 207 något

2633 509 312 177 ärende
2851 509 343 177 uppgått
3101 509 156 177 i
3164 509 312 177 Doktor
3382 509 468 177 Settervalls
3757 509 312 177 bostad
3975 509 219 177 och
4100 509 156 177 i
4163 509 187 177 en
4257 509 281 177 olåst
4413 509 187 177 tam¬-

2655 635 218 178 bur
2779 635 404 178 derstädes
3090 635 435 178 tillgripit
3432 635 218 178 ett
3556 635 280 178 svart
3743 635 528 178 sidenparaply,
4178 635 218 178 som
4302 635 218 178 hon
4396 635 155 178 ge¬-

2637 769 277 206 nast
2810 769 242 206 för
2949 769 173 206 3
3018 769 346 206 Kronor
3260 769 415 206 pantsatt
3571 769 173 206 å
3641 769 415 206 Majornas
3952 769 623 206 Pantlånekontor
4436 769 104 206 i

2653 860 282 197 huset
2841 860 188 197 No
2935 860 188 197 37
3029 860 220 197 vid
3155 860 282 197 Breda
3343 860 314 197 Vägen,
3562 860 408 197 hvarefter
3876 860 220 197 hon
4002 860 502 197 sönderrifvit
4378 860 157 197 det

2638 982 360 226 bekomna
2900 982 524 226 pantqvittot;
3326 982 229 226 att
3457 982 229 226 hon
3588 982 229 226 den
3719 982 196 226 22
3817 982 164 226 i
3882 982 262 226 s.m.
4046 982 426 226 likaledes
4374 982 164 226 i
4406 982 164 226 nå¬-

2645 1103 244 218 got
2784 1103 348 218 ärende
3028 1103 383 218 uppgått
3307 1103 174 218 i
3377 1103 209 218 Dr
3481 1103 418 218 Asplunds
3795 1103 348 218 bostad
4038 1103 244 218 och
4178 1103 174 218 i
4248 1103 209 218 en
4317 1103 244 218 olåst

2653 1255 336 179 tambur
2888 1255 437 179 derstädes
3224 1255 470 179 tillgripit
3594 1255 201 179 en
3694 1255 672 179 sommaröfverrock,
4265 1255 235 179 som
4366 1255 235 179 samma

2661 1339 221 231 dag
2788 1339 189 231 en
2882 1339 441 231 minderårig
3229 1339 315 231 flicka
3449 1339 221 231 för
3575 1339 410 231 Svenssons
3890 1339 347 231 räkning
4142 1339 221 231 för
4268 1339 158 231 5
4300 1339 252 231 Kronor

2658 1485 421 202 pantsatt
2973 1485 245 202 hos
3114 1485 526 202 Pantlånaren
3534 1485 210 202 C.
3640 1485 210 202 H.
3745 1485 421 202 Hallberg
4060 1485 175 202 i
4130 1485 316 202 huset
4341 1485 210 202 No
4411 1485 140 202 14

2672 1615 240 217 vid
2809 1615 515 217 Husargatan,
3221 1615 446 217 hvarefter
3564 1615 240 217 hon
3702 1615 549 217 söndebrifvit
4148 1615 343 217 jemväl
4354 1615 172 217 den

2669 1715 319 181 dervid
2892 1715 382 181 erhållne
3179 1715 478 181 pantsedeln;
3561 1715 223 181 att
3689 1715 287 181 sedan
3880 1715 382 181 Svensson
4167 1715 223 181 den
4294 1715 191 181 27
4390 1715 159 181 i
4422 1715 191 181 sam¬-

2653 1877 231 157 ma
2769 1877 347 157 månad
3001 1877 231 157 på
3116 1877 347 157 f.m.,
3348 1877 231 157 på
3463 1877 309 157 sätt
3656 1877 386 157 hustru
3926 1877 386 157 Kullin
4196 1877 386 157 anmält
4427 1877 116 157 å

2642 1961 686 229 Sprängkullsgatan
3225 1961 377 229 träffat
3499 1961 206 229 en
3602 1961 480 229 minderårig
3980 1961 377 229 flicka,
4254 1961 240 229 hon
4357 1961 206 229 bedt

2651 2088 321 216 denna
2865 2088 428 216 medfölja
3187 2088 285 216 till
3365 2088 321 216 Östra
3579 2088 428 216 Nygatan,
3900 2088 250 216 der
4043 2088 250 216 hon
4186 2088 321 216 sändt
4364 2088 214 216 hen¬-

2668 2238 203 181 ne
2770 2238 236 181 upp
2905 2238 169 181 i
2972 2238 236 181 ett
3107 2238 236 181 hus
3242 2238 236 181 att
3377 2238 439 181 efterhöra
3715 2238 203 181 om
3816 2238 236 181 ett
3951 2238 405 181 herrskap
4222 2238 371 181 Strömberg

2646 2342 293 221 bodde
2842 2342 455 221 derstädes,
3199 2342 358 221 hvarvid
3459 2342 390 221 Svensson
3752 2342 390 221 erbjudit
4045 2342 228 221 sig
4175 2342 293 221 hålla
4337 2342 228 221 flic¬-

2644 2480 270 218 kans
2813 2480 405 218 medhafde
3116 2480 438 218 pmrapaly,
3453 2480 371 218 hvilket
3723 2480 303 218 denna
3925 2480 438 218 tillåtit;
4262 2480 236 218 att
4363 2480 169 218 se¬-

2654 2616 244 211 dan
2794 2616 383 211 flickan
3072 2616 383 211 uppgått
3351 2616 174 211 i
3421 2616 349 211 huset,
3665 2616 418 211 Swensson
3979 2616 349 211 genast
4188 2616 383 211 aflägsnat

2666 2732 264 232 sig,
2831 2732 462 232 medtagande
3193 2732 462 232 paraplyet,
3556 2732 231 232 som
3688 2732 231 232 hon
3820 2732 330 232 genast
4051 2732 231 232 för
4182 2732 198 232 25
4281 2732 231 232 öre
4380 2732 231 232 pant¬-

2654 2866 271 199 satt
2824 2866 238 199 hos
2959 2866 204 199 N.
3061 2866 407 199 Landgren
3367 2866 170 199 i
3434 2866 305 199 huset
3638 2866 204 199 No
3740 2866 204 199 53
3842 2866 238 199 vid
3977 2866 204 199 2a
4079 2866 475 199 Långgatan;
4418 2866 170 199 att

2644 2974 254 192 hon
2789 2974 326 192 samma
3006 2974 254 192 dag
3151 2974 218 192 på
3260 2974 218 192 e.
3369 2974 218 192 m.
3478 2974 181 192 å
3550 2974 544 192 Vestergatan
3985 2974 399 192 träffat
4275 2974 218 192 en
4348 2974 218 192 min¬-

2652 3084 363 204 derårig
2916 3084 330 204 flicka
3147 3084 264 204 och,
3312 3084 198 204 på
3411 3084 264 204 sätt
3576 3084 528 204 Byggmästaren
4005 3084 429 204 Jakobsson
4302 3084 297 204 anmält,

2641 3235 489 188 frånnarrat
3025 3235 349 188 jemväl
3270 3235 314 188 denna
3479 3235 244 188 ett
3619 3235 419 188 paraply,
3933 3235 384 188 hvilket
4213 3235 244 188 hon
4318 3235 279 188 genast

2641 3380 273 166 för
2797 3380 234 166 En
2914 3380 351 166 Krona
3148 3380 468 166 pantsatt
3499 3380 273 166 hos
3655 3380 585 166 Pantlånaren
4084 3380 351 166 Osberg.

2753 3480 399 187 Dessutom
3052 3480 233 187 har
3185 3480 365 187 Augusta
3450 3480 399 187 Svensson
3749 3480 365 187 erkänt,
4015 3480 233 187 att
4148 3480 266 187 hon,
4314 3480 233 187 som
4414 3480 166 187 va¬-

2669 3585 212 218 rit
2790 3585 243 218 utan
2942 3585 576 218 sysselsättning,
3427 3585 152 218 i
3487 3585 303 218 början
3700 3585 182 218 af
3791 3585 273 218 sist.
3973 3585 243 218 Juni
4124 3585 303 218 månad,
4306 3585 273 218 uppgått

2683 3704 156 215 i
2745 3704 406 215 Häradshdg
3057 3704 187 215 C.
3151 3704 187 215 M.
3245 3704 375 215 Nyströms
3526 3704 312 215 bostad
3744 3704 156 215 i
3807 3704 281 215 huset
3994 3704 187 215 No
4088 3704 156 215 9
4150 3704 219 215 vid
4275 3704 281 215 Stora
4431 3704 156 215 Ny¬
