4936 4086
581 182 321 232 till
781 182 240 232 33
901 182 401 232 Kronor
1182 182 240 232 25
1302 182 280 232 öre
1462 182 280 232 och
1623 182 280 232 hos
1783 182 721 232 Restauratrisen
2344 182 120 232 å

552 347 385 190 Tessin
821 347 308 190 till
1013 347 231 190 51
1129 347 385 190 Kronor
1398 347 192 190 5
1475 347 308 190 öre,
1668 347 385 190 jemväl
1937 347 462 190 uppburit
2245 347 231 190 ute¬-

560 461 454 215 stående
890 461 578 215 fordringar
1344 461 289 215 hos
1509 461 495 215 följande
1839 461 413 215 personer

557 572 308 173 Herr
749 572 193 173 J
826 572 231 173 P.
903 572 385 173 Fehrlund

1839 613 477 140 Kronor
2125 613 334 140 28,60

577 700 609 168 Handlanden
1055 700 261 168 C.
1142 700 391 168 Engvall

2114 770 300 100 8.00

564 847 566 196 Maskinisten
1017 847 189 196 å
1093 847 566 196 Ångfartyget
1508 847 378 196 Thorskog

2079 891 362 186 8.00

577 969 237 211 Fru
713 969 440 211 Helgesson
1051 969 169 211 i
1119 969 203 211 No
1220 969 203 211 64
1322 969 271 211 1sta
1457 969 372 211 Långgatan

2103 1026 330 113 6
2169 1026 264 113 00

566 1119 528 206 Konditorn
973 1119 406 206 Gustaf
1217 1119 406 206 Henning,

2075 1173 341 116 13
2189 1173 227 116 55

573 1269 789 154 Restauratrisen
1231 1269 219 154 å
1275 1269 263 154 Särö

2057 1265 366 182 16
2179 1265 244 182 30

1131 1405 238 202 å
1179 1405 524 202 Elffröken

2056 1424 355 165 34
2174 1424 237 165 00

559 1530 343 240 samt
774 1530 301 240 att
945 1530 644 240 ifrågakomne
1461 1530 515 240 personer
1847 1530 558 240 uppgifvit
2233 1530 215 240 att

554 1668 469 239 Olsson,
896 1668 256 239 då
1024 1668 299 239 han
1194 1668 299 239 hos
1365 1668 299 239 dem
1536 1668 512 239 aflemnat
1920 1668 469 239 varorna
2219 1668 213 239 för

550 1846 358 134 dessa
789 1846 478 134 erhållit
1107 1846 478 134 betalning.

593 1959 428 217 Olsson
893 1959 385 217 härom
1149 1959 642 217 ytterligare
1662 1959 385 217 hörd,
1919 1959 299 217 har
2047 1959 428 217 förnekat

549 2124 275 194 att
706 2124 275 194 han
863 2124 472 194 uppburit
1217 2124 314 194 dels
1413 2124 236 194 af
1531 2124 432 194 Mamsell
1845 2124 354 194 Adela
2042 2124 432 194 Andersson

539 2269 324 191 mera
742 2269 243 191 än
864 2269 243 191 27
985 2269 405 191 Kronor
1269 2269 284 191 och
1431 2269 324 191 dels
1634 2269 243 191 af
1756 2269 730 191 Restauratrisen
2323 2269 122 191 å

520 2377 422 257 Tessin
815 2377 338 257 mera
1026 2377 253 257 än
1153 2377 211 257 7
1237 2377 464 257 kronor,
1575 2377 506 257 äfvensom
1955 2377 295 257 att
2124 2377 295 257 han
2250 2377 169 257 af

547 2549 243 225 de
668 2549 404 225 öfriga
951 2549 485 225 erhållit
1315 2549 364 225 någon
1517 2549 445 225 betalning

652 2685 283 227 De
793 2685 330 227 här
982 2685 425 227 ofvan
1265 2685 660 227 omförmälde
1737 2685 613 227 räkningarne

496 2838 456 200 bifogas

721 2972 295 210 På
868 2972 442 210 grund
1163 2972 295 210 af
1310 2972 393 210 hvad
1555 2972 540 210 sålunda
1899 2972 491 210 förekom¬-

514 3110 354 226 mit,
735 3110 443 226 kommer
1045 3110 398 226 Johan
1310 3110 443 226 Olsson
1620 3110 310 226 att
1797 3110 398 226 denna
2063 3110 310 226 dag
2196 3110 221 226 för

550 3281 636 175 Poliskammaren
1073 3281 524 175 inställas.
1485 3281 449 175 Göteborg
1821 3281 262 175 den
1971 3281 187 175 9
2046 3281 299 175 Nov.
2195 3281 262 175 1880.

621 3382 228 181 (Se
719 3382 293 181 bilaga)

145 3390 284 133 No
239 3390 237 133 235

126 3493 309 112 Johan
297 3493 241 112 Peter

81 3596 474 168 Bengtsson

750 3493 417 213 Pigan
1027 3493 417 213 Sofia
1305 3493 602 213 Andersson
1768 3493 231 213 i
1861 3493 463 213 tjenst
2139 3493 231 213 hos

563 3647 611 194 Svarfvaren
1044 3647 218 194 A
1131 3647 611 194 Hinriksson
1611 3647 437 194 boende
1917 3647 218 194 i
1961 3647 349 194 huset.

4456 240 177 147 No
4545 240 207 147 234
4634 240 177 147 1/2.

4433 407 326 85 Johanna
4641 407 207 85 Maria

4408 480 328 133 Fernström.

2621 236 542 262 Segelsömmaren
3068 236 191 262 F.
3163 236 191 262 W.
3259 236 447 262 Johansson,
3610 236 478 262 Bokhållaren
3993 236 191 262 C.
4088 236 191 262 F.
4152 236 287 262 Walther

2581 410 225 182 och
2710 410 547 182 Fiskhandlaren
3160 410 322 182 August
3386 410 483 182 Gustafsson,
3772 410 258 182 alla
3933 410 322 182 boende
4158 410 161 182 i
4191 410 225 182 huset

2576 518 212 209 No
2682 518 212 209 53
2788 518 283 209 Litt
2965 518 177 209 D
3035 518 247 209 vid
3177 518 354 209 Första
3424 518 460 209 Långgatan
3778 518 318 209 hafva
3990 518 389 209 anmält:
4237 518 177 209 att

2586 643 320 171 natten
2810 643 352 171 emellan
3066 643 448 171 Thorsdagen
3419 643 224 171 den
3547 643 160 171 4
3611 643 224 171 och
3739 643 384 171 Fredagen
4028 643 224 171 den
4156 643 160 171 5
4188 643 256 171 dennes

2579 758 371 243 inbrott
2849 758 438 243 föröfvats
3186 758 169 243 i
3253 758 303 243 deras
3456 758 169 243 i
3523 758 303 243 samma
3725 758 236 243 hus
3860 758 270 243 inom
4029 758 202 243 en
4130 758 236 243 och
4231 758 236 243 samma

2586 880 448 227 källaregång
2944 880 418 227 befintlige
3273 880 358 227 vedbodar
3541 880 418 227 derigenom,
3870 880 209 227 att
3989 880 388 227 hänglåsen
4258 880 149 227 för

2589 999 382 170 dörrarne
2876 999 573 170 sönderbrutits,
3353 999 350 170 hvarvid
3608 999 255 170 från
3767 999 223 170 dem
3862 999 414 170 tillgripits

2580 1123 202 196 1o
2681 1123 269 196 fran
2849 1123 571 196 Segelsömmaren
3320 1123 471 196 Johansson:
3690 1123 370 196 omkring
3958 1123 235 196 1/4
4093 1123 269 196 famn
4227 1123 202 196 hug¬-

2582 1270 216 178 gen
2705 1270 308 178 alved,
2921 1270 246 178 värd
3075 1270 154 178 6
3106 1270 277 178 Kronor;

2590 1315 209 226 2o
2695 1315 279 226 från
2869 1315 522 226 Bokhållaren
3287 1315 418 226 Walther,
3600 1315 244 226 ett
3739 1315 348 226 mindre
3983 1315 313 226 parti
4157 1315 279 226 huggen

2556 1501 354 202 björkved;

2553 1530 210 264 3o
2658 1530 281 264 från
2834 1530 596 264 Fiskhandlaren
3325 1530 526 264 Gustafsson:
3745 1530 246 264 ett
3886 1530 351 264 stycke
4096 1530 351 264 sulläder

2600 1664 370 218 omkring
2869 1664 202 218 en
2970 1664 235 218 aln
3105 1664 303 218 långt
3307 1664 235 218 och
3441 1664 168 218 8
3509 1664 235 218 tum
3643 1664 336 218 bredt,
3879 1664 303 218 värdt
4081 1664 168 218 4
4114 1664 303 218 kronor,

2589 1803 434 222 hvarjemte
2923 1803 434 222 Johansson
3257 1803 234 222 och
3391 1803 368 222 Walther
3658 1803 401 222 tillagt,
3959 1803 234 222 den
4092 1803 334 222 förre:
4293 1803 167 222 att

2603 1955 272 183 han
2759 1955 389 183 jemväl
3031 1955 350 183 förut
3264 1955 350 183 under
3498 1955 583 183 innevarande
3964 1955 272 183 års
4081 1955 311 183 sommar

2608 2026 222 235 vid
2735 2026 285 235 flera
2925 2026 444 235 tillfällen
3274 2026 317 235 mistat
3496 2026 317 235 mindre
3718 2026 349 235 partier
3971 2026 317 235 huggen
4161 2026 254 235 björk¬-

2612 2169 224 192 ved
2740 2169 224 192 och
2868 2169 224 192 vid
2995 2169 224 192 ett
3123 2169 415 192 tillfälle
3443 2169 288 192 under
3634 2169 288 192 någon
3826 2169 192 192 af
3922 2169 192 192 de
4018 2169 383 192 sednaste
4273 2169 160 192 må¬-

2604 2296 360 213 naderne
2866 2296 229 213 två
2997 2296 164 213 i
3063 2296 229 213 ett
3193 2296 393 213 brygghus
3488 2296 164 213 i
3554 2296 295 213 samma
3750 2296 262 213 gård
3914 2296 426 213 förvarade
4208 2296 262 213 tvätt¬-

2605 2405 380 215 baljor,
2882 2405 311 215 värda
3089 2405 207 215 En
3193 2405 311 215 Krona
3400 2405 415 215 stycket;
3711 2405 276 215 samt
3884 2405 415 215 Walther;
4195 2405 242 215 att
4298 2405 173 215 han

2616 2535 313 232 flere
2825 2535 348 232 gånger
3069 2535 313 232 under
3278 2535 522 232 innevarande
3696 2535 209 232 år
3800 2535 313 232 tyckt
4009 2535 244 232 sig
4114 2535 313 232 förmär¬-

2620 2650 251 197 ka,
2763 2650 251 197 att
2907 2650 251 197 ved
3050 2650 501 197 bortkommit
3444 2650 287 197 från
3623 2650 287 197 hans
3802 2650 394 197 vedbod;
4089 2650 251 197 och
4196 2650 251 197 hafva

2620 2769 425 226 Johansson
2948 2769 229 226 och
3078 2769 360 226 Walther
3340 2769 458 226 uppgifvit,
3700 2769 229 226 att
3831 2769 196 226 de
3929 2769 229 226 för
4060 2769 295 226 dessa
4224 2769 229 226 till¬-

2610 2889 352 247 grepp
2845 2889 548 247 misstänkte
3275 2889 196 247 i
3353 2889 352 247 samma
3588 2889 274 247 hus
3745 2889 391 247 boende
3979 2889 470 247 Skomakeri¬-

2625 3002 464 225 arbetaren
2982 3002 214 225 J.
3089 3002 499 225 Fernströms
3481 3002 357 225 hustru
3731 3002 392 225 Johanna
4016 3002 321 225 Maria
4195 3002 285 225 Fehrn¬-

2636 3127 345 230 ström,
2877 3127 276 230 enär
3049 3127 241 230 de,
3187 3127 310 230 efter
3393 3127 241 230 det
3531 3127 241 230 hos
3669 3127 379 230 Walther
3945 3127 448 230 anställda
4255 3127 172 230 pi¬-

2619 3267 243 225 gan
2758 3267 347 225 Emelia
3001 3267 452 225 Charlotta
3349 3267 486 225 Vennergren
3731 3267 243 225 den
3870 3267 174 225 5
3939 3267 208 225 ds
4043 3267 208 225 på
4147 3267 208 225 f.
4217 3267 243 225 midd.

2620 3398 402 203 omtalat
2913 3398 256 203 för
3059 3398 439 203 Walther,
3388 3398 256 203 att
3535 3398 329 203 låset
3754 3398 293 203 till
3937 3398 439 203 Walthers
4230 3398 219 203 ved¬-

2626 3551 300 170 bod,
2814 3551 300 170 vore
3002 3551 601 170 sönderbrutit
3490 3551 263 170 och
3640 3551 225 170 de
3752 3551 188 170 i
3827 3551 488 170 anledning
4165 3551 263 170 deraf

2628 3675 310 177 gått
2822 3675 271 177 ned
2977 3675 193 177 i
3054 3675 658 177 källaregången
3596 3675 310 177 samt
3789 3675 271 177 der
3905 3675 542 177 varseblifvit
