5095 4050
459 219 243 120 No
581 219 325 120 6769
784 219 203 120 2
865 219 284 120 1/2
1027 219 365 120 alnar
1271 219 284 120 blå
1433 219 406 120 Eskimå
1717 219 446 120 belånte
2001 219 203 120 den

763 335 226 132 1
853 335 452 132 dennes
1170 335 271 132 af
1305 335 271 132 H.
1441 335 271 132 A.
1576 335 542 132 Hallberg
1983 335 226 132 -
2073 335 316 132 med
2254 335 226 132 6
2299 335 181 132 kr

475 476 215 107 "
561 476 386 107 19253
818 476 300 107 Ett
990 476 429 107 jagtur
1291 476 429 107 belånt
1591 476 300 107 den
1763 476 215 107 2
1848 476 258 107 ds
1934 476 172 107 af

783 590 639 90 Pantlånaren
1295 590 256 90 W.
1422 590 341 90 Kart
1635 590 213 90 i
1721 590 383 90 huset
1934 590 170 90 No

761 689 225 81 5
851 689 315 81 vid
986 689 494 81 Wallgatan

2131 703 377 86 8
2206 703 226 86 "

498 812 212 92 "
582 812 381 92 21707
837 812 297 92 Ett
1006 812 551 92 silfverur
1430 812 424 92 belånt
1727 812 297 92 den
1896 812 212 92 2
1938 812 170 92 ds

767 923 234 69 å
861 923 514 69 Stadens
1234 923 561 69 allmänna
1608 923 514 69 pantlåne¬-

738 1000 480 69 inrättning

2182 991 288 80 10
2278 991 144 80 "

474 1137 369 108 samt
704 1137 277 108 No
843 1137 369 108 1114
1073 1137 323 108 Ett
1258 1137 507 108 ankarur
1627 1137 461 108 belånt
1903 1137 231 108 den

762 1247 202 106 3
842 1247 243 106 ds
964 1247 243 106 af
1085 1247 607 106 pantlånaren
1571 1247 243 106 N.
1692 1247 485 106 Landgren
2056 1247 283 106 med
2218 1247 243 106 10
2299 1247 121 106 "

624 1373 292 128 Wid
791 1373 209 128 i
875 1373 459 128 Werners
1208 1373 417 128 bostad
1500 1373 501 128 anställd
1834 1373 626 128 husvisitation

525 1497 386 110 hafva
783 1497 300 110 der
954 1497 601 110 påträffats
1426 1497 300 110 ett
1598 1497 257 110 af
1727 1497 257 110 de
1855 1497 343 110 från
2027 1497 429 110 Jericho¬-

547 1597 315 120 ver
727 1597 630 120 tillgripne
1222 1597 360 120 uren
1447 1597 315 120 och
1626 1597 270 120 de
1761 1597 315 120 fem
1941 1597 405 120 paren
2166 1597 270 120 gum¬-

522 1712 795 118 migaloschern
1168 1712 397 118 samt
1416 1712 298 118 en
1566 1712 397 118 väst
1814 1712 348 118 och
2013 1712 348 118 tre
2162 1712 248 118 al¬-

522 1820 306 98 nar
697 1820 437 98 rutigt
1003 1820 611 98 yllefoder,
1483 1820 611 98 tillhörigt
1963 1820 480 98 Ahlblad
2269 1820 131 98 &

518 1922 575 104 Groeger
936 1922 471 104 jemte
1250 1922 418 104 fyra
1511 1922 575 104 stycken
1877 1922 523 104 nyfilade

519 2029 1074 114 hufvudnycklar
1403 2029 442 114 och
1656 2029 379 114 en
1782 2029 442 114 dyrk.

631 2143 308 104 Af
785 2143 308 104 de
939 2143 257 104 å
1041 2143 462 104 ofvan
1349 2143 616 104 anmärkte
1760 2143 616 104 pantsedlar

539 2259 569 130 upptagne
965 2259 617 130 persedlar
1440 2259 427 130 hafva
1724 2259 569 130 följande
2104 2259 332 130 igen¬-

536 2373 497 120 kännts
884 2373 448 120 såsom
1183 2373 398 120 från
1431 2373 348 120 dem
1630 2373 696 120 tillgripne
2127 2373 249 120 och

549 2471 584 118 värderats
999 2471 270 118 af
1133 2471 450 118 firman
1448 2471 494 118 Ahlblad
1808 2471 315 118 och
1943 2471 450 118 Groeger:

515 2623 207 64 2
597 2623 373 64 alnar
846 2623 497 64 korderoj
1219 2623 373 64 under
1468 2623 249 64 No
1592 2623 373 64 32702
1841 2623 332 64 till
2048 2623 207 64 -
2131 2623 249 64 14
2214 2623 166 64 kr

525 2727 195 58 2
603 2727 352 58 alnar
798 2727 274 58 svart

1011 2668 255 39 satin

1290 2727 275 76 "
1400 2727 275 76 "
1510 2727 496 76 34811
1841 2727 275 76 "
1951 2727 275 76 -
2061 2727 330 76 16
2171 2727 165 76 "

479 2829 265 96 2
585 2829 371 96 1/2
850 2829 265 96 "
1009 2829 318 96 do
1168 2829 318 96 do
1327 2829 265 96 "
1433 2829 265 96 "
1539 2829 477 96 10168
1857 2829 265 96 "
1963 2829 265 96 -
2069 2829 318 96 16
2175 2829 159 96 "

511 2933 225 110 2
601 2933 315 110 1/2
781 2933 225 110 "
871 2933 225 110 "
961 2933 539 110 diagonal
1365 2933 225 110 "
1455 2933 225 110 "
1545 2933 405 110 35459
1815 2933 225 110 "
1905 2933 225 110 -
1994 2933 405 110 13,50
2219 2933 135 110 "

496 3051 300 102 3
616 3051 300 102 "
736 3051 300 102 "
856 3051 541 102 satin
1217 3051 300 102 "
1337 3051 300 102 "
1457 3051 541 102 21872
1817 3051 300 102 "
1938 3051 300 102 -
2058 3051 360 102 21
2178 3051 180 102 "

471 3179 303 102 2
593 3179 303 102 "
714 3179 303 102 "
835 3179 545 102 kläde
1199 3179 303 102 "
1320 3179 303 102 "
1441 3179 545 102 10514
1805 3179 303 102 "
1926 3179 303 102 -
2047 3179 364 102 16
2168 3179 182 102 "

463 3305 347 96 3
601 3305 347 96 "
740 3305 347 96 "
879 3305 417 96 do
1088 3305 347 96 "
1227 3305 347 96 "
1366 3305 556 96 9905
1713 3305 347 96 "
1852 3305 347 96 -
1991 3305 417 96 24
2130 3305 208 96 "

467 3427 264 98 2
573 3427 264 98 "
678 3427 475 98 grått
995 3427 528 98 byxtyg
1365 3427 264 98 "
1471 3427 264 98 "
1576 3427 475 98 40294
1893 3427 264 98 "
1999 3427 264 98 -
2105 3427 264 98 9
2158 3427 158 98 "

480 3544 220 122 2
568 3544 220 122 "
656 3544 440 122 rutigt
964 3544 661 122 kamgarnstyg
1493 3544 220 122 "
1581 3544 220 122 "
1669 3544 396 122 40435
1934 3544 220 122 "
2022 3544 220 122 -
2110 3544 264 122 16
2198 3544 132 122 "

453 3655 236 130 3
547 3655 330 130 1/4
736 3655 236 130 "
830 3655 330 130 blå
1019 3655 472 130 Eskimå
1350 3655 236 130 -
1444 3655 236 130 "
1539 3655 236 130 "
1633 3655 378 130 7543
1869 3655 236 130 "
1964 3655 236 130 -
2058 3655 283 130 24
2152 3655 142 130 "

2727 303 313 100 Ett
2906 303 313 100 par
3085 303 403 100 byxor
3354 303 403 100 under
3623 303 269 100 No
3757 303 403 100 41359
4026 303 358 100 till
4250 303 224 100 -
4339 303 269 100 20
4429 303 179 100 Kr

2687 427 237 88 2
2781 427 331 88 1/2
2971 427 426 88 alnar
3254 427 331 88 blå
3444 427 473 88 Eskimå
3775 427 237 88 "
3870 427 379 88 6764
4106 427 237 88 "
4201 427 237 88 -
4295 427 284 88 20
4390 427 142 88 "

2718 541 262 84 af
2849 541 916 84 Skräddaremästaren
3591 541 349 84 Lundin

2676 659 322 86 Ett
2860 659 322 86 par
3044 659 414 86 byxor
3320 659 414 86 under
3596 659 276 86 No
3734 659 414 86 38217
4010 659 230 86 -
4102 659 230 86 "
4194 659 230 86 -
4286 659 230 86 5
4378 659 230 86 "
4424 659 230 86 och

2680 769 323 106 En
2842 769 431 106 brun
3111 769 592 106 bonjour
3542 769 269 106 "
3649 769 431 106 4949
3918 769 269 106 -
4026 769 269 106 "
4134 769 269 106 -
4241 769 269 106 6
4349 769 269 106 "
4403 769 269 106 och

2677 883 314 98 och
2856 883 269 98 af
2991 883 448 98 Handl.
3304 883 627 98 Jerichover
3797 883 537 98 samtlige
4155 883 269 98 uren

2687 995 361 84 Wid
2893 995 361 84 det
3099 995 361 84 med
3305 995 515 84 Werner
3665 995 258 84 i
3768 995 670 84 anledning
4232 995 361 84 häraf

2674 1101 598 94 anställde
3134 1101 460 94 förhör
3456 1101 322 94 har
3640 1101 322 94 han
3824 1101 506 94 vidgått
4192 1101 322 94 att
4330 1101 230 94 han

2684 1199 338 102 som
2877 1199 290 102 en
3022 1199 483 102 längre
3360 1199 338 102 tid
3553 1199 483 102 saknat
3891 1199 483 102 arbete
4230 1199 338 102 och
4374 1199 242 102 me¬-

2676 1299 310 92 del
2853 1299 355 92 till
3075 1299 576 92 uppehälle
3518 1299 310 92 för
3696 1299 310 92 sin
3873 1299 443 92 familj
4139 1299 399 92 derföre

2663 1398 511 89 beslutat
3046 1398 298 89 sig
3217 1398 468 89 föröfva
3557 1398 553 89 tillgrepp
3982 1398 298 89 och
4153 1398 298 89 för
4280 1398 298 89 detta

2688 1492 482 97 andamål
3039 1492 394 97 sjelf
3301 1492 613 97 tillverkat
3783 1492 263 97 de
3915 1492 219 97 i
4002 1492 350 97 hans
4178 1492 350 97 bostad

2707 1594 427 105 funna
2991 1594 902 105 hufvudnycklarne
3751 1594 332 105 och
3941 1594 522 105 dyrken,
4274 1594 332 105 hvil¬-

2721 1692 327 101 ken
2908 1692 514 101 sednare
3282 1692 327 101 han
3469 1692 374 101 dock
3702 1692 280 101 ej
3843 1692 514 101 brukat,
4216 1692 327 101 att
4356 1692 234 101 han

2722 1786 347 95 med
2921 1786 298 95 en
3070 1786 298 95 af
3219 1786 943 95 hufvudnycklarne
4013 1786 496 95 öppnat
4310 1786 298 95 dör¬-

2725 1883 328 106 ren
2912 1883 374 106 till
3146 1883 468 106 firman
3474 1883 515 106 Ahlblad
3848 1883 234 106 &
3942 1883 562 106 Groegers
4316 1883 328 106 verk¬-

2718 1980 355 95 stad
2939 1980 310 95 och
3117 1980 310 95 der
3294 1980 399 95 tagit
3560 1980 355 95 Carl
3782 1980 577 95 Carlssons
4181 1980 355 95 byxor,

2706 2070 336 117 som
2898 2070 336 117 han
3090 2070 575 117 pantsatt
3521 2070 336 117 den
3713 2070 288 117 13
3857 2070 479 117 sistl.
4145 2070 479 117 December

2716 2162 238 108 å
2812 2162 572 108 Majornas
3241 2162 572 108 Allmänna
3670 2162 858 108 pantlånekontor
4338 2162 238 108 för

2690 2255 229 116 6
2782 2255 459 116 Kronor
3103 2255 321 116 att
3286 2255 321 116 han
3470 2255 321 116 vid
3653 2255 321 116 tre
3836 2255 642 116 särskildta
4295 2255 321 116 till¬-

2712 2350 437 112 fällen
3018 2350 306 112 med
3193 2350 393 112 falsk
3456 2350 437 112 nyckel
3762 2350 437 112 ingått
4068 2350 219 112 i
4111 2350 525 112 skräddare¬-

2718 2436 382 128 mäst.
2972 2436 466 128 Rundins
3311 2436 382 128 butik
3566 2436 297 128 och
3735 2436 297 128 der
3905 2436 594 128 tillgripit
4329 2436 339 128 första

2731 2523 488 131 gången
3073 2523 342 131 den
3268 2523 391 131 gråa
3513 2523 684 131 korderojen
4050 2523 342 131 och
4196 2523 440 131 kommis¬-

2717 2611 516 111 klädet,
3092 2611 422 111 andra
3374 2611 469 111 gången
3702 2611 751 111 Ulsterrocken
4265 2611 235 111 och

2722 2700 481 121 tredje
3058 2700 481 121 gången
3395 2700 288 121 en
3539 2700 336 121 blå
3731 2700 432 121 kavaj
4019 2700 288 121 en
4115 2700 481 121 bonjour,

2718 2810 287 125 en
2862 2810 622 125 gossjacka
3340 2810 335 125 och
3531 2810 335 125 ett
3723 2810 335 125 par
3914 2810 478 125 byxor,
4201 2810 383 125 hvilka

2705 2912 613 110 persedlar
3176 2912 330 110 han
3365 2912 566 110 pantsatt
3789 2912 283 110 på
3930 2912 377 110 sätt
4119 2912 471 110 pantsed¬-

2695 3003 461 131 larne
3002 3003 563 131 utvisa,
3411 3003 563 131 förutom
3821 3003 512 131 jackan
4179 3003 358 131 som
4332 3003 256 131 han

2667 3103 494 123 sjelf
2996 3103 659 123 begagnat
3490 3103 384 123 och
3710 3103 384 123 den
3929 3103 384 123 blå
4094 3103 494 123 kavajen

2674 3207 379 136 som
2891 3207 379 136 han
3107 3207 433 136 sålt
3378 3207 433 136 till
3649 3207 325 136 en
3811 3207 596 136 obekant
4191 3207 433 136 person

2705 3303 304 162 för
2878 3303 217 162 3
2965 3303 304 162 Kr,
3139 3303 304 162 att
3313 3303 304 162 han
3487 3303 304 162 hos
3661 3303 435 162 firman
3965 3303 478 162 Ahlblad
4312 3303 217 162 &
4356 3303 304 162 Groe¬-

2738 3420 335 127 gers
2948 3420 293 127 med
3115 3420 377 127 falsk
3367 3420 419 127 nyckel
3660 3420 293 127 vid
3828 3420 293 127 två
3995 3420 377 127 olika
4205 3420 419 127 tillfäl¬-

2718 3520 310 103 len
2895 3520 398 103 först
3160 3520 442 103 öppnat
3470 3520 442 103 dörren
3779 3520 354 103 till
4001 3520 487 103 firmans
4310 3520 310 103 verk¬-

2691 3611 378 112 stad
2927 3611 330 112 och
3116 3611 330 112 dit
3304 3611 566 112 inkommen
3729 3611 708 112 ytterligare
4248 3611 378 112 öppnat
