5106 4059
573 183 176 99 å
643 183 353 99 gården
890 183 282 99 till
1067 183 317 99 sagde
1278 183 247 99 hus
1419 183 282 99 från
1596 183 459 99 Bergqvist
1948 183 494 99 tillgripit
2301 183 141 99 en

554 296 462 104 medaljong
910 296 213 104 af
1016 296 533 104 Amerikanskt
1443 296 320 104 guld,
1656 296 284 104 värd
1834 296 213 104 30
1940 296 391 104 Kronor,
2189 296 249 104 hvil¬-

537 403 260 109 ken
685 403 482 109 medaljong
1056 403 519 109 Samuelsson
1464 403 260 109 vid
1612 403 556 109 anhållandet
2020 403 408 109 innehade;

559 510 245 102 och
699 510 245 102 har
839 510 490 102 Samuelsson
1224 510 245 102 vid
1364 510 245 102 det
1504 510 245 102 med
1645 510 315 102 honom
1855 510 175 102 i
1925 510 455 102 anledning
2240 510 210 102 här¬-

572 614 203 106 af
674 614 440 106 anställde
1012 614 339 106 förhör
1249 614 474 106 uppgifvit,
1622 614 237 106 att
1757 614 305 106 sedan
1960 614 237 106 han
2095 614 169 106 å
2129 614 305 106 berörde

554 729 288 107 gård
734 729 396 107 träffat
1022 729 469 107 Bergqvist
1383 729 252 107 och
1527 729 396 107 frågat;
1815 729 216 107 om
1923 729 252 107 han
2068 729 252 107 för
2176 729 252 107 honom

540 849 345 102 finge
769 849 306 102 måla
961 849 306 102 namn
1152 849 230 102 på
1267 849 306 102 hans
1459 849 574 102 reskoffert,
1918 849 268 102 han
2071 849 230 102 af
2148 849 268 102 Berg¬-

564 955 326 116 qvist
781 955 398 116 blifvit
1071 955 290 116 utan
1252 955 434 116 ringaste
1577 955 471 116 anledning
1903 955 507 116 omkullslagen

551 1061 258 131 och
699 1061 443 131 sparkad,
1031 1061 406 131 hvarvid
1326 1061 258 131 han
1474 1061 295 131 fått
1659 1061 258 131 sin
1806 1061 295 131 rock
1954 1061 480 131 sönderriven

564 1181 271 133 samt
733 1181 237 133 att
869 1181 237 133 han
1004 1181 338 133 dervid
1241 1181 271 133 fått
1410 1181 203 133 se
1511 1181 507 133 medaljongen
1917 1181 406 133 liggande
2221 1181 169 133 å
2255 1181 203 133 går¬-

560 1305 235 117 den
695 1305 235 117 och
829 1305 201 117 åd
930 1305 235 117 han
1064 1305 369 117 trodde,
1333 1305 235 117 att
1467 1305 235 117 den
1601 1305 436 117 tillhörde
1937 1305 470 117 Bergqvist,
2273 1305 201 117 upp¬-

562 1413 321 137 tagit
776 1413 428 137 densamme
1098 1413 250 137 och
1240 1413 428 137 tillsagt
1562 1413 500 137 Bergqvist,
1954 1413 250 137 att
2097 1413 250 137 han
2204 1413 250 137 ämna¬-

566 1527 202 135 de
667 1527 370 135 behålla
936 1527 235 135 den
1071 1527 269 135 till
1239 1527 269 135 dess
1407 1527 235 135 han
1542 1527 303 135 finge
1744 1527 336 135 betalt
1979 1527 235 135 för
2114 1527 235 135 sin
2215 1527 235 135 rock.

697 1644 519 116 Bergqvist,
1105 1644 334 116 härom
1328 1644 334 116 hörd,
1550 1644 260 116 har
1699 1644 445 116 bestridt
1996 1644 482 116 Samuelssons

542 1752 410 144 uppgift,
849 1752 307 144 under
1054 1752 410 144 uppgift,
1361 1752 239 144 att
1498 1752 512 144 förklaring,
1908 1752 239 144 att
2044 1752 307 144 sedan
2215 1752 171 144 han

557 1865 367 149 vägrat
814 1865 550 149 Samuelssons
1254 1865 403 149 begäran
1547 1865 257 149 att
1694 1865 220 149 få
1804 1865 293 149 måla
1987 1865 293 149 namn
2171 1865 220 149 på
2244 1865 220 149 kof¬-

549 2002 385 127 ferten,
829 2002 245 127 han
969 2002 385 127 blifvit
1249 2002 210 127 af
1354 2002 490 127 Samuelsson
1739 2002 455 127 tilldelad
2089 2002 245 127 ett
2194 2002 210 127 slag

548 2104 241 127 vid
685 2104 310 127 högra
892 2104 310 127 ögat,
1099 2104 379 127 hvarför
1374 2104 241 127 han
1512 2104 276 127 föst
1684 2104 482 127 Samuelsson
2063 2104 310 127 ifrån
2236 2104 172 127 sig

549 2219 248 122 och
690 2219 283 122 gått
867 2219 354 122 uppför
1115 2219 390 122 trappan
1399 2219 283 122 till
1576 2219 248 122 sin
1718 2219 390 122 bostad,
2001 2219 390 122 hvarvid
2249 2219 177 122 han

533 2329 354 125 saknat
781 2329 248 125 sin
922 2329 496 125 medaljong,
1312 2329 390 125 hvilken
1596 2329 319 125 förut
1808 2329 319 125 hängt
2021 2329 177 125 i
2056 2329 390 125 urkedjan.

742 2458 436 96 Följande
1069 2458 436 96 personer
1395 2458 327 96 hafva
1577 2458 363 96 upplyst:

556 2536 216 122 1o
664 2536 684 122 Poliskonstapeln
1240 2536 216 122 No
1348 2536 180 122 2
1420 2536 396 122 Staberg
1708 2536 252 122 och
1816 2536 612 122 Emigrantombudet

550 2637 203 131 C.
652 2637 203 131 G.
753 2637 339 131 Ahlin,
991 2637 237 131 att
1126 2637 203 131 då
1228 2637 474 131 Samuelsson
1601 2637 237 131 vid
1736 2637 508 131 anhållandet
2109 2637 305 131 blifvit

533 2756 522 119 tillfrågad,
951 2756 209 119 om
1056 2756 244 119 han
1195 2756 418 119 innehade
1508 2756 488 119 Bergqvists
1892 2756 488 119 medaljong,
2240 2756 174 119 han

529 2862 223 115 ur
640 2862 521 115 rockfickan
1050 2862 447 115 upptagit
1385 2862 484 115 densamma,
1757 2862 261 115 men
1906 2862 521 115 förklarat,
2278 2862 186 115 att

521 2981 257 111 den
668 2981 478 111 tillhörde
1036 2981 331 111 honom
1257 2981 257 111 och
1404 2981 478 111 innehölle
1772 2981 294 111 hans
1956 2981 257 111 och
2103 2981 294 111 hans
2250 2981 184 111 hu¬-

518 3105 305 93 strus
721 3105 745 93 fotografiporträtt;
1331 3105 203 93 samt

523 3191 220 113 2o
633 3191 697 113 Måleriarbetaren
1220 3191 330 113 Adolf
1441 3191 404 113 Wilhelm
1734 3191 514 113 Petersson,
2138 3191 367 113 boende
2358 3191 110 113 i

515 3313 311 95 huset
723 3313 207 95 No
826 3313 207 95 21
930 3313 242 95 vid
1068 3313 518 95 Husargatan,
1483 3313 242 95 att
1621 3313 276 95 han,
1794 3313 242 95 som
1932 3313 242 95 vid
2035 3313 415 95 ifrågakom¬-

540 3421 202 103 ne
641 3421 438 103 tillfälle
978 3421 471 103 uppehållit
1348 3421 236 103 sig
1483 3421 168 103 å
1551 3421 337 103 gården
1786 3421 269 103 till
1955 3421 303 103 huset
2157 3421 202 103 No
2258 3421 202 103 28
2325 3421 101 103 8

513 3537 231 99 vid
645 3537 428 99 Götgatan,
974 3537 461 99 iakttagit,
1336 3537 231 99 att
1468 3537 461 99 Samuelsson
1830 3537 461 99 tillfrågat
2160 3537 231 99 Berg¬-

505 3657 369 87 qvist,
764 3657 222 87 om
874 3657 258 87 han
1022 3657 332 87 finge
1244 3657 295 87 måla
1428 3657 295 87 namn
1613 3657 222 87 på
1724 3657 295 87 hans
1908 3657 443 87 koffert,
2204 3657 258 87 hvar¬

2732 223 257 105 till
2893 223 418 105 Bergqvist
3214 223 322 105 svarat
3440 223 225 105 nej
3568 223 225 105 och
3697 223 161 105 i
3761 223 354 105 stället
4019 223 322 105 gifvit
4212 223 386 105 Samuelsson

2733 343 220 89 ett
2858 343 252 89 slag
3016 343 220 89 för
3141 343 377 89 bröstet;
3424 343 220 89 att
3550 343 440 89 Samuelsson
3896 343 189 89 då
3990 343 314 89 fattat
4211 343 220 89 tag
4336 343 157 89 i
4368 343 220 89 Berg¬-

2721 453 325 83 qvist,
2949 453 358 83 hvarvid
3209 453 195 83 de
3307 453 260 83 båda
3470 453 325 83 fallit
3698 453 325 83 omkull
3925 453 228 83 och
4055 453 456 83 Samuelsson
4381 453 195 83 fått

2703 569 230 91 sin
2835 569 263 91 rock
2999 569 526 91 sönderriven;
3427 569 263 91 samt
3591 569 230 91 att
3723 569 461 91 Samuelsson
4085 569 197 91 då
4183 569 263 91 från
4315 569 263 91 gården

2726 685 410 91 upptagit
3033 685 342 91 något,
3272 685 342 91 hvarom
3511 685 239 91 han
3648 685 342 91 yttrat
3887 685 342 91 "detta
4126 685 239 91 får
4263 685 205 91 du
4331 685 205 91 icke

2695 793 293 103 igen
2879 793 367 103 förrän
3135 793 257 103 jag
3282 793 257 103 får
3428 793 367 103 betalt
3685 793 257 103 för
3832 793 257 103 min
3941 793 257 103 rock.

2812 907 538 83 Medaljongen
3243 907 251 83 har
3386 907 395 83 blifvit
3673 907 502 83 återlemnad
4068 907 287 83 till
4211 907 359 83 Målsega¬-

2686 1033 285 81 ren,
2864 1033 249 81 som
3007 1033 356 81 afrest
3256 1033 285 81 till
3398 1033 356 81 Amerika.

2824 1131 204 99 På
2926 1131 306 99 grund
3130 1131 204 99 af
3232 1131 272 99 hvad
3402 1131 374 99 sålunda
3674 1131 510 99 förekommit,
4082 1131 204 99 är
4184 1131 306 99 Johan
4354 1131 204 99 Fre¬-

2708 1237 270 117 drik
2877 1237 472 117 Samuelsson
3248 1237 337 117 kallad
3483 1237 270 117 till
3652 1237 506 117 inställelse
4056 1237 303 117 inför
4259 1237 236 117 PKn
4360 1237 202 117 den¬-

2707 1365 222 103 na
2818 1365 296 103 dag.
3003 1365 444 103 Göteborg
3336 1365 259 103 den
3484 1365 185 103 5
3558 1365 333 103 April
3743 1365 259 103 1880.

4569 1402 268 98 No
4659 1402 223 98 75.

4593 1570 296 100 Andreas
4782 1570 242 100 Jonsson

4549 1684 447 98 Lindqvist

2711 1555 822 85 Poliskonstapeln
3403 1555 260 85 No
3533 1555 260 85 17
3662 1555 562 85 Liljegren
4095 1555 303 85 har
4225 1555 260 85 igår

2742 1669 346 89 afton
2972 1669 269 89 kl.
3126 1669 269 89 1/2
3280 1669 269 89 10.
3434 1669 462 89 anhållit
3780 1669 269 89 för
3934 1669 462 89 snatteri
4242 1669 346 89 straffa

2717 1781 294 101 de
2864 1781 441 101 dömde
3158 1781 343 101 fre
3354 1781 1029 101 Kronoarbetskarlen
4187 1781 441 101 Andreas

2678 1899 530 87 Jonsson
3063 1899 675 87 Lindqvist,
3594 1899 482 87 boende
3931 1899 241 87 i
4028 1899 434 87 huset
4317 1899 289 87 No
4413 1899 193 87 16

2726 2009 365 81 vid
2934 2009 469 81 Stora
3247 2009 834 81 Landalagatan
3925 2009 365 81 för
4133 2009 365 81 det
4289 2009 261 81 han

2712 2119 420 77 kort
2974 2119 472 77 förut
3289 2119 315 77 ur
3446 2119 315 77 en
3604 2119 262 77 å
3708 2119 472 77 kajen
4023 2119 367 77 vid
4181 2119 367 77 Jern¬-

2721 2221 497 85 vågen
3052 2221 608 85 upplagd
3494 2221 387 85 hög
3715 2221 387 85 med
3881 2221 663 85 jerntackor

2730 2337 593 83 tillhöriga
3195 2337 720 83 Handelsfirman
3788 2337 296 83 Aug
3957 2337 466 83 Fröding
4296 2337 212 83 &
4381 2337 254 83 Co

2712 2441 334 84 som
2903 2441 334 84 har
3094 2441 382 84 sitt
3333 2441 478 84 kontor
3668 2441 239 84 i
3763 2441 430 84 huset
4050 2441 287 84 No
4194 2441 287 84 13
4289 2441 239 84 vid

2709 2535 780 102 Drottninggatan
3359 2535 607 102 tillgripit
3836 2535 303 102 två
4009 2535 433 102 dylika
4269 2535 347 102 tackor

2720 2637 265 97 af
2852 2637 486 97 omkring
3205 2637 265 97 93
3338 2637 221 97 ℔
3426 2637 353 97 vigt
3647 2637 309 97 och
3823 2637 397 97 värde
4088 2637 221 97 3
4176 2637 265 97 Kr
4309 2637 265 97 70
4397 2637 265 97 öre.

2743 2755 328 91 Vid
2930 2755 328 91 det
3118 2755 328 91 med
3305 2755 609 91 Lindqvist
3773 2755 234 91 i
3867 2755 609 91 anledning
4288 2755 328 91 häraf

2701 2871 611 81 anstälde
3159 2871 509 81 förhör
3516 2871 356 81 har
3719 2871 356 81 han
3923 2871 560 81 erkänt,
4279 2871 255 81 att

2707 2973 331 85 han
2896 2973 662 85 tillgripit
3416 2973 710 85 ifrågakomne
3937 2973 615 85 jerntackor,

2704 3091 349 79 som
2904 3091 349 79 han
3103 3091 399 79 haft
3353 3091 349 79 för
3552 3091 499 79 afsigt
3851 3091 549 79 försälja.

2703 3229 345 61 Det
2900 3229 493 61 skulle
3245 3229 345 61 här
3442 3229 690 61 antecknas,
3984 3229 345 61 att
4182 3229 345 61 Pkn
4330 3229 246 61 den

2705 3346 276 42 16.
2862 3346 394 42 sistl.
3138 3346 315 42 Mars
3334 3346 276 42 och
3453 3346 157 42 24

3683 3298 370 40 sistl.
3942 3298 296 40 Mars

4307 3355 225 41 till

2675 3427 332 90 RRn
2864 3427 712 90 öfverlemnat
3434 3427 332 90 den
3624 3427 475 90 vidare
3909 3427 665 90 ransakningen

2705 3528 536 98 angående
3108 3528 581 98 Lindqvist
3555 3528 313 98 för
3733 3528 313 98 två
3912 3528 626 98 särskildta
4359 3528 179 98 af

2692 3634 377 85 honom
2944 3634 545 85 föröfvade
3363 3634 503 85 oloflige
3740 3634 587 85 tillgrepp,
4159 3634 335 85 hvilka

2693 3712 317 81 mål
2874 3712 363 81 åter
3101 3712 589 81 derstädes
3554 3712 589 81 förekomma
4007 3712 317 81 den
4188 3712 272 81 14
4279 3712 181 81 ds
