4998 4078
459 178 261 211 25
589 178 304 211 öre
763 178 478 211 försålt
1110 178 261 211 en
1240 178 304 211 del
1414 178 261 211 af
1501 178 347 211 veden.

502 307 281 182 Den
662 307 601 182 återstående
1143 307 361 182 veden
1384 307 281 182 har
1544 307 441 182 blifvit
1865 307 321 182 till
2025 307 401 182 målsega¬-

461 401 346 133 ren
609 401 642 133 återlemnad.

554 485 267 185 På
687 485 400 185 grund
953 485 267 185 af
1087 485 355 185 hvad
1309 485 489 185 sålunda
1664 485 622 185 förekommit
2109 485 222 185 äro

437 622 406 189 Pontus
721 622 568 189 Andersson,
1168 622 406 189 August
1452 622 446 189 Hansson
1776 622 284 189 och
1939 622 365 189 Edgar
2142 622 243 189 Wil¬-

432 720 353 167 helm
652 720 441 167 Möller
961 720 485 167 kallade
1314 720 353 167 till
1535 720 662 167 inställelse
2064 720 309 167 för
2196 720 221 167 PKn

399 831 428 206 denna
684 831 380 206 dag.
921 831 570 206 Göteborg
1349 831 333 206 den
1539 831 238 206 7
1634 831 380 206 Aug.
1824 831 333 206 1880.

33 947 306 155 No
135 947 255 155 170

56 1080 275 145 Peter
208 1080 244 145 Alfred

25 1197 380 98 Petersson

590 1017 749 213 Handelsfirman
1207 1017 264 213 C.
1339 1017 264 213 A.
1471 1017 485 213 Jonsson
1824 1017 220 213 &
1912 1017 309 213 Co,
2088 1017 309 213 som
2221 1017 220 213 har

457 1132 563 234 jernhandel
899 1132 201 234 i
979 1132 362 234 huset
1220 1132 241 234 No
1341 1132 201 234 1
1421 1132 281 234 vid
1582 1132 603 234 Jerntorget,
2064 1132 281 234 har
2185 1132 241 234 Tis¬-

406 1260 491 214 dagen
733 1260 382 214 den
951 1260 273 214 3
1060 1260 273 214 i
1169 1260 491 214 denna
1496 1260 491 214 månad
1823 1260 545 214 anmält
2150 1260 273 214 att

421 1373 768 190 derförutgångne
1062 1373 341 190 natt
1275 1373 213 190 i
1360 1373 470 190 butiken
1702 1373 341 190 till
1915 1373 384 190 samma
2129 1373 213 190 hus

425 1499 628 190 tillgripits
927 1499 460 190 omkring
1262 1499 251 190 20
1388 1499 418 190 dussin
1680 1499 628 190 bordknifvar
2141 1499 209 190 och

451 1602 574 219 gafflar,
882 1602 431 219 deraf
1169 1602 287 219 en
1312 1602 335 219 del
1504 1602 335 219 med
1647 1602 766 219 elfenbensskaft

413 1720 356 188 och
616 1720 305 188 en
769 1720 356 188 del
972 1720 406 188 dels
1226 1720 356 188 med
1429 1720 457 188 hvita
1734 1720 356 188 och
1937 1720 406 188 dels
2140 1720 254 188 med

415 1846 538 150 svarta
792 1846 646 150 benskaft
1276 1846 484 150 värde
1599 1846 592 150 omkring
2029 1846 377 150 200
2191 1846 215 150 kr

463 1957 413 174 några
738 1957 504 174 paketer
1105 1957 780 174 infällslåsar,
1747 1957 413 174 värde
1976 1957 413 174 omkring

461 2069 249 189 8
561 2069 299 189 Kr
710 2069 398 189 samt
959 2069 299 189 36
1108 2069 498 189 Kronor
1457 2069 249 189 i
1556 2069 697 189 penningar,
2054 2069 348 189 hvil¬-

468 2176 289 173 ka
612 2176 675 173 sistnämnde
1143 2176 675 173 förvarades
1673 2176 241 173 i
1769 2176 289 173 en
1914 2176 337 173 gul
2058 2176 386 173 skinn¬-

419 2288 833 204 portmonnaie,
1096 2288 365 204 som
1304 2288 469 204 legat
1617 2288 260 204 i
1721 2288 312 204 en
1877 2288 469 204 olåst
2138 2288 260 204 lå¬-

426 2404 283 199 da
567 2404 236 199 i
662 2404 567 199 butiken;
1087 2404 378 199 samt
1323 2404 331 199 att
1512 2404 520 199 tjufven
1890 2404 331 199 dit
2032 2404 378 199 beredt

420 2515 378 152 sig
636 2515 593 152 inträde
1067 2515 593 152 medelst
1499 2515 378 152 att
1715 2515 701 152 sönderslå
2200 2515 216 152 en

448 2631 710 184 fönsterruta
1016 2631 379 184 till
1253 2631 331 184 ett
1442 2631 521 184 utanför
1821 2631 521 184 butiken
2152 2631 237 184 be¬-

455 2745 412 173 läget
730 2745 549 173 Magasin,
1142 2745 503 173 emellan
1508 2745 503 173 hvilket
1874 2745 320 173 och
2011 2745 412 173 butiken

437 2834 618 184 befunnits
913 2834 285 184 en
1056 2834 428 184 öppen
1293 2834 333 184 dörr.

585 2917 569 208 Tisdagen
1011 2917 332 208 den
1201 2917 237 208 3
1296 2917 474 208 dennes
1628 2917 379 208 blef
1865 2917 332 208 för
2007 2917 285 208 1sta

417 3047 484 194 resan
740 3047 484 194 stöld
1062 3047 699 194 straffade
1546 3047 807 194 Bleckslageri¬-

434 3223 545 140 arbetaren
854 3223 378 140 Peter
1105 3223 420 140 Alfred
1399 3223 545 140 Petersson
1819 3223 294 140 för
1944 3223 378 140 fylleri

437 3305 455 159 införd
755 3305 227 159 å
846 3305 364 159 2dra
1073 3305 682 159 distriktets
1619 3305 637 159 vaktkontor
2119 3305 227 159 i
2165 3305 227 159 Ba¬-

435 3402 439 216 zaren
728 3402 341 216 och
923 3402 536 216 befanns
1313 3402 634 216 Petersson
1800 3402 292 216 då
1898 3402 487 216 innehaf¬-

408 3499 288 189 va
552 3499 288 189 23
696 3499 481 189 kronor
1033 3499 288 189 64
1177 3499 336 189 öre
1369 3499 336 189 för
1561 3499 529 189 åtkomst
1898 3499 481 189 hvartill

394 3624 350 161 han
594 3624 300 161 ej
744 3624 450 161 kunde
994 3624 550 161 redogöra.

2698 247 330 192 Wid
2886 247 330 192 det
3075 247 330 192 med
3263 247 612 192 Petersson
3734 247 235 192 i
3828 247 612 192 anledning
4251 247 330 192 häraf

2569 394 556 137 anställda
2997 394 428 137 förhör
3297 394 300 137 har
3468 394 300 137 han
3639 394 342 137 till
3853 394 257 137 en
3982 394 428 137 början
4239 394 342 137 förne¬-

2556 507 360 183 kat
2761 507 360 183 all
2967 507 617 183 kännedom
3430 507 309 183 om
3584 507 771 183 ifrågakomne
4150 507 360 183 till¬-

2588 622 499 186 grepp;
2937 622 349 186 men
3137 622 649 186 sedermera
3636 622 599 186 vidgått,
4085 622 349 186 att
4235 622 249 186 han

2571 732 509 159 natten
2928 732 408 159 till
3182 732 357 159 den
3386 732 255 159 3
3488 732 509 159 dennes
3845 732 255 159 i
3947 732 509 159 afsigt
4252 732 255 159 att

2585 852 464 188 stjäla,
2923 852 507 188 begifvit
3302 852 296 188 sin
3471 852 338 188 till
3682 852 591 188 jerntorget
4147 852 296 188 och
4273 852 296 188 sedan

2594 957 328 199 han
2782 957 375 199 gått
3016 957 375 199 fram
3251 957 375 199 till
3486 957 563 199 fönstret
3908 957 235 199 å
3955 957 563 199 förenämnde

2574 1113 557 138 magasin
2979 1113 810 138 sönderslagit
3638 1113 304 138 en
3790 1113 405 138 ruta
4043 1113 253 138 i
4093 1113 456 138 detsam¬-

2586 1240 340 146 ma,
2781 1240 631 146 hvarefter
3266 1240 340 146 han
3461 1240 583 146 aflyftat
3898 1240 534 146 hakarne
4238 1240 291 146 till

2578 1286 676 193 fönstret,
3098 1286 520 193 krupit
3462 1286 312 193 in
3618 1286 468 193 genom
3930 1286 624 193 detsamma
4346 1286 156 193 i

2548 1442 646 165 magasinet
3045 1442 348 165 och
3244 1442 596 165 derifrån
3691 1442 497 165 ingått
4039 1442 248 165 i
4088 1442 497 165 butiken,

2551 1564 315 166 der
2731 1564 315 166 han
2911 1564 629 166 tillgripit
3405 1564 494 166 omkring
3765 1564 225 166 8
3855 1564 225 166 à
3945 1564 270 166 10
4079 1564 315 166 st.
4214 1564 315 166 pake¬-

2568 1678 295 149 ter
2737 1678 422 149 hvaraf
3032 1678 253 149 en
3158 1678 295 149 del
3327 1678 591 149 innehållit
3791 1678 633 149 bordknifvar
4255 1678 211 149 och

2575 1790 540 160 gafflar;
2980 1790 315 160 men
3160 1790 270 160 de
3295 1790 495 160 öfriges
3655 1790 540 160 innehåll
4060 1790 360 160 vore
4240 1790 315 160 honom

2510 1874 538 189 okändt,
2902 1874 392 189 samt
3146 1874 294 189 36
3293 1874 490 189 Kronor
3636 1874 245 189 i
3734 1874 636 189 penningar
4174 1874 392 189 hvilka

2565 2034 482 159 dervid
2902 2034 627 159 förvarats
3385 2034 241 159 i
3481 2034 289 159 en
3626 2034 338 159 gul
3771 2034 723 159 skinnportmon¬-

2578 2100 441 203 naie;
2872 2100 343 203 att
3068 2100 441 203 sedan
3361 2100 343 203 han
3557 2100 587 203 inknutit
3949 2100 538 203 paketerna

2579 2216 220 224 i
2667 2216 264 224 en
2799 2216 264 224 af
2931 2216 396 224 honom
3194 2216 483 224 medförd
3546 2216 352 224 duk,
3766 2216 308 224 han
3942 2216 527 224 begifvit
4293 2216 220 224 sig

2564 2312 362 223 till
2790 2312 272 223 s.
2926 2312 272 223 k.
3062 2312 680 223 Kråkstaden,
3606 2312 317 223 der
3787 2312 317 223 han
3968 2312 227 223 å
4059 2312 272 223 en
4150 2312 362 223 bergs¬-

2572 2460 437 181 kulle
2864 2460 389 181 lagt
3107 2460 486 181 knytet
3447 2460 340 181 med
3642 2460 681 181 paketerna,
4128 2460 486 181 harefter

2568 2527 295 183 han
2736 2527 337 183 gått
2947 2527 295 183 hem
3115 2527 337 183 till
3326 2527 295 183 sin
3494 2527 631 183 tillfälliga
3999 2527 421 183 bostad
4252 2527 210 183 vid

2573 2630 977 219 Rangströmsliden;
3404 2630 342 219 att
3599 2630 342 219 han
3794 2630 440 219 under
4087 2630 440 219 vägen
4332 2630 244 219 dit

2568 2792 514 169 tagit
2910 2792 856 169 penningarne
3595 2792 342 169 ur
3709 2792 799 169 portmonnaien

2578 2864 416 184 och
2815 2864 833 184 bortkastat
3470 2864 773 184 densamme;
4064 2864 416 184 att
4243 2864 297 184 han

2582 2975 339 186 en
2751 2975 508 186 stund
3090 2975 678 186 derefter
3598 2975 452 186 åter
3824 2975 621 186 återvändt

2566 3087 416 182 till
2826 3087 780 182 Kråkstaden,
3450 3087 364 182 der
3658 3087 364 182 han
3866 3087 468 182 ämnat
4126 3087 364 182 hemta

2579 3238 500 184 knytet
2929 3238 350 184 med
3129 3238 650 184 paketerna
3630 3238 350 184 för
3830 3238 350 184 att
4030 3238 450 184 dölja
4280 3238 300 184 god¬-

2557 3317 382 220 set
2776 3317 328 220 på
2940 3317 492 220 någon
3267 3317 437 220 mera
3541 3317 710 220 undangömd
4032 3317 437 220 plats,

2571 3419 367 191 men
2780 3419 315 191 då
2937 3419 419 191 icke
3200 3419 524 191 kunnat
3567 3419 681 191 återfinna
4038 3419 472 191 stället

2559 3546 374 241 der
2772 3546 374 241 han
2986 3546 428 241 gömt
3253 3546 695 241 detsamma,
3788 3546 641 241 hvarföre
4216 3546 267 241 han
