5015 4042
86 175 233 123 No
164 175 233 123 215.

77 291 253 129 Olof
204 291 253 129 Magnus

32 382 394 124 Johansson

537 123 561 197 Följande
958 123 561 197 personer
1378 123 420 197 hafva
1612 123 420 197 anmält:

453 277 286 173 1o
596 277 524 173 drängen
977 277 381 173 Carl
1216 277 429 173 Johan
1502 277 619 173 Hällström
1978 277 238 173 i
2026 277 381 173 tjenst

455 370 332 233 hos
644 370 806 233 Hemmansegaren
1308 370 285 233 A.
1451 370 617 233 Bergqvist
1925 370 237 233 å
1973 370 474 233 Nybygget

469 562 194 173 i
547 562 466 173 Angereds
896 562 388 173 socken
1168 562 272 173 att
1323 562 272 173 den
1478 562 233 173 20
1595 562 388 173 sistl.
1867 562 349 173 Juni.
2099 562 233 173 på
2177 562 233 173 f.m.

458 630 258 214 i
562 630 876 214 drängkammaren
1283 630 670 214 derstädes
1799 630 412 214 från
2005 630 361 214 honom

460 809 603 132 tillgripits
902 809 161 132 en

447 897 275 187 En
585 897 597 187 skörtrock
1044 897 275 187 af
1182 897 321 187 grå
1365 897 459 187 doffel
1687 897 321 187 med
1870 897 321 187 små
2008 897 413 187 otydli¬-

454 1023 256 168 ga
582 1023 426 168 rutor,
880 1023 298 168 två
1051 1023 383 168 rader
1306 1023 596 168 tygknappar
1775 1023 298 168 och
1903 1023 298 168 svart

456 1152 659 149 klotfoder
913 1152 304 149 vard

1956 1170 341 112 Kr
2070 1170 227 112 10

470 1263 291 214 Ett
637 1263 291 214 par
803 1263 374 214 byxor
1053 1263 250 214 af
1178 1263 333 214 hvit
1386 1263 291 214 och
1552 1263 582 214 gråspäklig
1968 1263 416 214 korderoj

474 1350 289 228 med
639 1350 413 228 svarta
928 1350 413 228 ränder
1218 1350 289 228 vid
1383 1350 496 228 sidorna,
1755 1350 248 228 en
1879 1350 331 228 väst
2085 1350 248 228 af
2168 1350 248 228 sam¬-

476 1495 281 199 na
617 1495 421 199 slags
897 1495 327 199 tyg
1084 1495 702 199 tillsammans
1599 1495 327 199 värdt

2021 1515 304 136 Kr
2123 1515 202 136 15

464 1609 330 206 Ett
652 1609 471 206 fickur
982 1609 283 206 af
1076 1609 942 206 Kompositionsmetall

483 1736 293 189 med
650 1736 627 189 vidhängande
1152 1736 711 189 messingskedja
1695 1736 293 189 värdt

2096 1782 256 127 5.

469 1848 256 205 En
597 1848 512 205 kappsäck
981 1848 256 205 af
1109 1848 384 205 svart
1365 1848 426 205 vaxduk
1621 1848 426 205 innehål¬-

461 1991 356 179 lande
699 1991 198 179 4
778 1991 277 179 st.
936 1991 711 179 bomullskjortor
1529 1991 277 179 och
1687 1991 277 179 ett
1805 1991 198 179 par

440 2112 605 180 kallsonger,
924 2112 363 180 några
1166 2112 404 180 kragar
1449 2112 565 180 nattkappor
1852 2112 202 180 och

439 2223 683 161 manchetter
927 2223 634 161 alltsammans

1881 2264 388 155 värdt
2096 2264 216 155 10.

474 2375 507 199 äfvensom
854 2375 211 199 i
939 2375 592 199 nattsäcken
1404 2375 507 199 förvarad
1742 2375 676 199 annotationsbok

458 2500 728 183 innehållande
1049 2500 410 183 betyg
1322 2500 319 183 för
1504 2500 637 183 Hallström;
2005 2500 364 183 samt
2187 2500 228 183 att

435 2660 301 128 han
607 2660 301 128 för
779 2660 387 128 detta
1037 2660 559 128 tillgrepp
1468 2660 602 128 misstänkte
1941 2660 258 128 en
2027 2660 387 128 Arbets¬-

441 2725 363 211 karl
667 2725 317 211 vid
849 2725 363 211 namn
1076 2725 363 211 Carl
1302 2725 453 211 Magnus
1620 2725 590 211 Jonasson,
2028 2725 408 211 hvilken

438 2843 360 244 under
678 2843 240 244 en
798 2843 320 244 kort
998 2843 280 244 tid
1158 2843 440 244 arbetat
1479 2843 280 244 hos
1639 2843 520 244 Bergqvist
2039 2843 280 244 men
2159 2843 240 244 sam¬-

431 3025 245 199 ma
554 3025 285 199 dag
717 3025 285 199 som
880 3025 611 199 tillgreppet
1369 3025 408 199 skedde
1654 3025 489 199 hemligen
1980 3025 367 199 aflägs¬-

423 3106 290 163 nat
588 3106 290 163 sig
754 3106 538 163 derifrån,
1126 3106 207 163 och

392 3197 272 234 2o
528 3197 544 234 Torparen
936 3197 363 234 Carl
1162 3197 453 234 Edvard
1480 3197 680 234 Reutgersson
2024 3197 363 234 från
2205 3197 227 234 ett

414 3364 376 152 torp
649 3364 423 152 under
931 3364 470 152 Lossby
1260 3364 658 152 Innegården
1777 3364 235 152 i
1824 3364 517 152 Björlanda

423 3532 443 134 socken
733 3532 222 134 å
821 3532 532 134 Hisingen
1220 3532 310 134 att
1397 3532 532 134 Fredagen
1796 3532 310 134 den
1973 3532 222 134 1
2018 3532 354 134 dennes

435 3603 265 182 på
567 3603 397 182 f.m.,
832 3603 397 182 under
1097 3603 309 182 det
1273 3603 309 182 han
1450 3603 309 182 med
1626 3603 309 182 sin
1802 3603 441 182 hustru
2067 3603 309 182 varit

428 3751 449 196 borta
728 3751 399 196 från
977 3751 499 196 hemmet
1327 3751 649 196 förofvats
1776 3751 449 196 inbrott

2622 138 197 174 i
2700 138 315 174 hans
2897 138 354 174 stuga
3134 138 236 174 på
3252 138 276 174 det
3409 138 315 174 sätt
3606 138 276 174 att
3764 138 276 174 ett
3921 138 433 174 fönster
4197 138 354 174 öppnats

2617 274 542 183 hvarefter
3034 274 417 183 inneti
3326 274 208 183 i
3409 274 417 183 stugan
3701 274 333 183 från
3909 274 375 183 honom
4118 274 500 183 tillgripit

2588 413 529 178 följande
2985 413 838 178 klädesparsedlar
3647 413 485 178 nemligen:

2579 543 262 180 En
2710 543 569 180 öfverrock
3148 543 262 180 af
3279 543 306 180 blå
3410 543 350 180 doffel

4087 531 317 125 värd
4286 531 238 125 Kr
4365 531 119 125 8

2586 686 287 177 En
2730 686 431 177 svart
2969 686 479 177 filthatt

4290 689 192 109 2.

2596 769 290 209 Ett
2761 769 290 209 par
2927 769 579 209 mörkrutiga
3382 769 372 209 byxor
3630 769 290 209 och
3795 769 331 209 väst
3961 769 165 209 af

2580 927 567 132 korderoj
2958 927 614 132 tillsammans

4107 902 390 171 16

2609 1017 234 213 En
2726 1017 506 213 skörtrock
3115 1017 234 213 af
3232 1017 428 213 mörkgrå
3543 1017 467 213 smårutig
3855 1017 311 213 korde¬-

2605 1159 284 212 roj
2768 1159 284 212 med
2930 1159 284 212 två
3093 1159 365 212 rader
3336 1159 406 212 svarta
3580 1159 487 212 tygknappar

2606 1301 263 185 och
2757 1301 338 185 svart
2982 1301 526 185 klotfoder,
3396 1301 338 185 jemte
3622 1301 226 185 en
3734 1301 188 185 i
3810 1301 263 185 ena
3922 1301 226 185 bak¬-

2615 1443 380 204 fickan
2881 1443 228 204 af
2995 1443 380 204 rocken
3261 1443 456 204 förvarad
3602 1443 304 204 hvit
3754 1443 304 204 näsduk

2590 1536 292 236 Ett
2757 1536 292 236 par
2924 1536 292 236 nya
3090 1536 417 236 svarta
3382 1536 625 236 klädesbyxor
3882 1536 292 236 och
4007 1536 167 236 en

2604 1687 329 200 väst
2809 1687 247 200 af
2933 1687 370 200 samma
3179 1687 370 200 slags
3426 1687 288 200 tyg
3550 1687 534 200 tillsammans

4253 1670 262 143 20.

2578 1797 268 191 att
2731 1797 191 191 i
2807 1797 268 191 ett
2960 1797 268 191 rum
3113 1797 459 191 innanför
3457 1797 344 191 köket
3686 1797 268 191 det
3839 1797 229 191 ur
3954 1797 268 191 der
4069 1797 420 191 befintlig

2583 1930 276 180 låst
2756 1930 311 180 kista
2963 1930 380 180 öppnats
3240 1930 242 180 och
3378 1930 311 180 derur
3585 1930 484 180 tillgripit
3965 1930 415 180 följande
4242 1930 207 180 gods

2601 2052 239 240 Ett
2737 2052 477 240 cylinderur
3112 2052 205 240 af
3215 2052 375 240 silfver
3487 2052 239 240 med
3624 2052 648 240 förvaringsboett
4169 2052 273 240 värd
4339 2052 205 240 Kr
4408 2052 136 240 15

2585 2189 218 230 En
2694 2189 182 230 6
2766 2189 255 230 fot
2912 2189 291 230 lång
3094 2189 255 230 och
3239 2189 182 230 7
3312 2189 255 230 tum
3457 2189 291 230 bred
3639 2189 436 230 yllesjal
3966 2189 255 230 med
4075 2189 255 230 svart

2587 2388 376 129 botten
2851 2388 263 129 och
3001 2388 301 129 röda
3152 2388 338 129 preckar

4336 2287 174 157 3.

2580 2464 239 249 En
2700 2464 517 249 fyrkantig
3097 2464 477 249 halfylle
3455 2464 318 249 sjal
3654 2464 278 249 med
3813 2464 278 249 grå
3933 2464 318 249 botten

2591 2632 275 173 gula
2763 2632 241 173 och
2900 2632 275 173 röda
3072 2632 344 173 ränder
3313 2632 172 173 i
3382 2632 310 173 rutor
3589 2632 275 173 samt
3726 2632 310 173 fransar

4168 2562 266 154 4.

2579 2725 264 279 fyra
2744 2725 231 279 st.
2876 2725 297 279 hvita
3074 2725 297 279 linne
3271 2725 231 279 och
3370 2725 528 279 bomullskjortor

4177 2700 206 150 8.

2583 2893 267 198 två
2735 2893 267 198 blå
2888 2893 267 198 och
3041 2893 572 198 hvitrandiga
3460 2893 382 198 skjortor

4089 2853 291 120 4

2577 2994 242 211 En
2698 2994 283 211 blå
2859 2994 283 211 och
3021 2994 323 211 hvit
3223 2994 323 211 mans
3385 2994 525 211 yllehalsduk

4032 2961 339 142 1

2563 3177 274 209 Ett
2720 3177 274 209 par
2876 3177 353 209 gamla
3112 3177 353 209 hvita
3308 3177 470 209 Kallsonger

4314 3156 225 109 25.

2588 3263 303 180 dels
2777 3263 265 180 och
2929 3263 227 180 ur
3042 3263 227 180 en
3155 3263 340 180 annan
3382 3263 340 180 kista
3609 3263 189 180 i
3685 3263 416 180 hvilken
3987 3263 416 180 nyckeln
4252 3263 227 180 till

2580 3425 384 173 låset
2836 3425 469 173 blifvit
3177 3425 597 173 qvarlemnad
3603 3425 554 173 tillgripits

2577 3539 202 180 En
2678 3539 303 180 svart
2880 3539 235 180 och
3014 3539 269 180 hvit
3183 3539 471 180 tvärrandig
3552 3539 639 180 ylleundertrörja
4090 3539 269 180 värd
4258 3539 202 180 Kr
4326 3539 134 180 15

2584 3692 286 186 Ett
2748 3692 286 186 par
2911 3692 286 186 nya
3075 3692 286 186 grå
3197 3692 532 186 ullstrumpor

4062 3671 293 142 värd
4245 3671 183 142 K
4319 3671 183 142 1
4355 3671 183 142 25.
