5090 4101
417 154 222 197 vid
544 154 476 197 Smedjegatan
925 154 412 197 utfärdad,
1242 154 190 197 af
1337 154 349 197 bemälde
1590 154 412 197 Rasmussen
1907 154 222 197 och
2034 154 412 197 Simonsson
2319 154 159 197 be¬-

427 298 328 180 vittnad
665 298 655 180 borgesförbindelse,
1231 298 328 180 hvarvid
1470 298 238 180 Berg
1618 298 417 180 förklarat,
1946 298 208 180 att
2065 298 208 180 han
2184 298 208 180 väl
2274 298 208 180 kände

424 411 201 181 en
524 411 335 181 Artist
758 411 234 181 vid
892 411 268 181 namn
1059 411 435 181 Richarde,
1394 411 234 181 men
1527 411 234 181 att
1661 411 234 181 han
1795 411 268 181 icke
1962 411 268 181 vore
2130 411 234 181 sig
2230 411 234 181 sjelf

414 542 365 126 skrifvit
687 542 273 126 eller
869 542 273 126 låtit
1052 542 334 126 skrifva
1295 542 243 126 sitt
1447 542 243 126 namn
1599 542 152 126 å
1660 542 182 126 de
1751 542 517 126 ifrågavarande
2146 542 334 126 lånehand¬-

403 621 455 187 lingarne,
753 621 210 187 om
858 621 350 187 hvilka
1103 621 245 187 han
1243 621 280 187 icke
1418 621 280 187 egde
1593 621 315 187 någon
1768 621 385 187 kännedom.

587 753 164 153 I
653 753 425 153 anledning
980 753 294 153 häraf
1176 753 294 153 hafva
1372 753 785 153 detektivkonstaplarne
2059 753 392 153 Rönnbäck
2320 753 164 153 och

413 852 299 160 Bruun
612 852 499 160 förstnämnde
1011 852 233 160 dag
1144 852 399 160 anhållit
1443 852 399 160 Artisten
1743 852 266 160 Otto
1909 852 332 160 Ludvig
2108 852 366 160 Richarde,

438 972 305 136 boende
651 972 153 136 i
712 972 275 136 huset
895 972 183 136 No
987 972 153 136 8
1048 972 214 136 vid
1170 972 458 136 Brunnsgatan
1536 972 153 136 i
1597 972 366 136 Annedal,
1871 972 336 136 hvilken
2115 972 214 136 vid
2237 972 214 136 det
2329 972 153 136 med

417 1052 291 163 honom
611 1052 421 163 anställda
935 1052 324 163 förhör
1162 1052 453 163 uppgifvit,
1518 1052 227 163 att
1647 1052 259 163 han,
1809 1052 227 163 som
1939 1052 259 163 vore
2101 1052 259 163 född
2263 1052 227 163 den
2360 1052 97 163 3

408 1175 273 160 Juni
579 1175 273 160 1862
749 1175 239 160 här
886 1175 171 160 i
954 1175 342 160 staden
1193 1175 239 160 och
1330 1175 239 160 son
1467 1175 205 160 af
1569 1175 512 160 Skolläraren
1979 1175 273 160 Olof
2115 1175 342 160 Svensson

418 1280 276 135 samt
590 1280 345 135 dennes
831 1280 345 135 hustru
1072 1280 310 135 Maria
1279 1280 448 135 Svensson,
1624 1280 207 135 af
1727 1280 345 135 hvilka
1968 1280 345 135 fadern
2209 1280 207 135 år
2278 1280 207 135 1870

421 1386 394 185 aflidit,
717 1386 230 185 men
848 1386 328 185 modern
1078 1386 263 185 ännu
1242 1386 328 185 lefde,
1472 1386 493 185 uppfostrats
1866 1386 164 185 å
1932 1386 460 185 härvarande
2260 1386 230 185 barn¬-

432 1505 244 174 hus,
584 1505 213 174 der
706 1505 213 174 han
828 1505 335 174 vistats
1072 1505 244 174 till
1224 1505 183 174 år
1316 1505 274 174 1877;
1498 1505 213 174 att
1620 1505 213 174 han
1742 1505 366 174 derefter
2017 1505 274 174 någon
2200 1505 213 174 tid
2291 1505 183 174 nju¬-

397 1612 218 153 tit
521 1612 498 153 undervisning
926 1612 218 153 vid
1050 1612 405 153 Teckniska
1362 1612 311 153 skolan
1579 1612 156 153 i
1642 1612 436 153 Stockholm:
1984 1612 218 153 att
2109 1612 218 153 han
2233 1612 156 153 å
2264 1612 218 153 såväl

406 1726 211 168 de
511 1726 246 168 hos
652 1726 491 168 Folkbanken
1038 1726 176 168 i
1108 1726 456 168 sistlidne
1459 1726 246 168 Maj
1599 1726 316 168 månad
1810 1726 421 168 belånade
2126 1726 246 168 två
2231 1726 246 168 hand¬-

408 1821 403 187 lingarne,
718 1821 217 187 för
842 1821 310 187 hvilka
1059 1821 217 187 han
1183 1821 248 187 till
1338 1821 248 187 låns
1494 1821 372 187 erhållit
1773 1821 248 187 deri
1928 1821 434 187 förskrifna
2238 1821 279 187 belopp,

392 1942 237 146 300
528 1942 373 146 Kronor,
799 1942 237 146 som
935 1942 237 146 ock
1070 1942 170 146 å
1138 1942 203 146 de
1240 1942 203 146 af
1341 1942 441 146 Kameraren
1680 1942 373 146 Hansson
1952 1942 475 146 omförmälde
2291 1942 170 146 två

404 2051 485 178 handlingar,
792 2051 323 178 hvilka
1018 2051 388 178 Richarde
1309 2051 226 178 den
1439 2051 162 178 2
1504 2051 323 178 dennes
1730 2051 226 178 för
1859 2051 388 178 belåning
2151 2051 259 178 till
2280 2051 194 178 Ban¬-

392 2164 229 163 ken
523 2164 425 163 inlemnat,
850 2164 491 163 falskeligen
1243 2164 393 163 skrifvit
1538 2164 556 163 borgesmännens
1996 2164 229 163 och
2094 2164 360 163 vittnenas

388 2246 292 191 namn;
582 2246 227 191 att
712 2246 260 191 han,
874 2246 227 191 som
1004 2246 292 191 varit
1199 2246 162 191 i
1264 2246 324 191 saknad
1491 2246 195 191 af
1588 2246 324 191 arbete
1815 2246 227 191 och
1945 2246 292 191 medel
2140 2246 260 191 till
2269 2246 195 191 sitt

405 2361 403 186 uppehälle
715 2361 248 186 samt
870 2361 372 186 dessutom
1149 2361 248 186 haft
1304 2361 434 186 åtskillige
1646 2361 372 186 skulder,
1925 2361 341 186 användt
2173 2361 186 186 en
2266 2361 217 186 del
2359 2361 124 186 af

403 2503 212 130 de
509 2503 458 130 lånfångne
861 2503 529 130 penningarne
1284 2503 282 130 till
1461 2503 458 130 betalning
1813 2503 212 130 af
1919 2503 494 130 skulderna;
2271 2503 212 130 samt

383 2564 276 168 att,
556 2564 207 168 då
660 2564 242 168 han
798 2564 242 168 den
936 2564 173 168 2
1005 2564 346 168 dennes
1247 2564 242 168 vid
1385 2564 518 168 inlemnandet
1800 2564 207 168 af
1869 2564 622 168 lånehandlingarne

405 2675 304 150 icke
595 2675 380 150 genast
861 2675 456 150 bekommit
1203 2675 532 150 penningar,
1620 2675 304 150 utan
1810 2675 456 150 anmodats
2114 2675 342 150 sednare

388 2784 195 177 på
485 2784 292 177 dagen
680 2784 454 177 återvända,
1036 2784 227 177 han
1166 2784 324 177 börjat
1393 2784 357 177 frukta,
1653 2784 227 177 att
1783 2784 552 177 handlingarnes
2204 2784 260 177 äkthet

401 2875 509 144 misstänktes
808 2875 237 144 och
944 2875 170 144 i
1011 2875 441 144 anledning
1350 2875 305 144 deraf
1554 2875 271 144 icke
1723 2875 305 144 vågat
1927 2875 170 144 å
1994 2875 339 144 Banken
2198 2875 271 144 inhem¬-

370 3018 233 124 ta
487 3018 388 124 besked
758 3018 427 124 rörande
1069 3018 466 124 utgången
1418 3018 233 124 af
1534 3018 272 124 sin
1651 3018 388 124 ansökan.

503 3077 514 188 Kamereraren
914 3077 308 188 Wilh.
1119 3077 308 188 Berg,
1325 3077 548 188 Byggmästaren
1770 3077 206 188 L.
1873 3077 206 188 N.
1976 3077 445 188 Tinnberg,
2284 3077 171 188 Må¬-

393 3225 551 146 laremästaren
840 3225 207 146 O.
944 3225 207 146 L.
1047 3225 413 146 Lundgren
1357 3225 241 146 och
1495 3225 379 146 Målaren
1771 3225 241 146 Th.
1909 3225 448 146 Rasmussen
2219 3225 241 146 hafva

358 3325 423 147 samtlige
675 3325 282 147 fått
852 3325 282 147 påse
1028 3325 212 147 de
1134 3325 529 147 ifrågarande
1557 3325 564 147 handlingarne
2016 3325 247 147 och
2122 3325 282 147 dervid

368 3398 466 179 förklarat,
734 3398 233 179 att
867 3398 200 179 de
967 3398 266 179 icke
1167 3398 399 179 skrifvit
1466 3398 300 179 eller
1666 3398 300 179 låtit
1866 3398 366 179 skrifva
2132 3398 266 179 sina
2265 3398 200 179 namn

370 3517 178 173 å
442 3517 427 173 desamma,
762 3517 427 173 hvaremot
1082 3517 534 173 Bokhållaren
1509 3517 214 173 E.
1616 3517 178 173 A
1687 3517 463 173 Svensson,
2043 3517 356 173 enligt
2256 3517 214 173 upp¬-

372 3624 271 171 gift
542 3624 203 171 af
643 3624 542 171 Byggmästaren
1084 3624 441 171 Tinnberg,
1423 3624 237 171 den
1559 3624 203 171 26
1660 3624 305 171 sist.
1864 3624 271 171 Juni
2033 3624 339 171 afrest
2237 3624 203 171 till

377 3724 384 174 Amerika
656 3724 244 174 och
796 3724 663 174 Byggnadsritaren
1354 3724 314 174 Oskar
1563 3724 488 174 Simonsson,
1947 3724 349 174 enligt
2156 3724 314 174 uppgift

2633 217 204 233 af
2735 217 543 233 Byggmästaren
3176 217 204 233 J.
3278 217 204 233 O.
3380 217 475 233 Petersson,
3753 217 238 233 som
3889 217 238 233 har
4024 217 271 233 sitt
4194 217 339 233 kontor
4432 217 170 233 i
4465 217 238 233 huset

2642 328 213 211 No
2749 328 213 211 12
2856 328 249 211 vid
2998 328 533 211 Kyrkogatan,
3424 328 284 211 från
3601 328 320 211 honom
3815 328 497 211 afflyttat,
4205 328 284 211 utan
4383 328 249 211 att
4489 328 178 211 Pe¬-

2613 436 383 215 tersson
2892 436 278 215 hade
3066 436 244 215 sig
3205 436 348 215 bekant
3449 436 313 215 hvart
3657 436 244 215 han
3797 436 418 215 begifvit
4075 436 209 215 sig.

2791 544 247 183 De
2914 544 411 183 falska
3202 544 822 183 lånehandlingarne
3859 544 452 183 vidfogas.

2799 636 225 178 På
2911 636 337 178 grund
3136 636 225 178 af
3248 636 300 178 hvad
3435 636 412 178 sålunda
3735 636 562 178 förekommit,
4184 636 374 178 kommer
4408 636 225 178 Otto

2644 734 321 224 Ludvig
2868 734 417 224 Richarde,
3189 734 353 224 hvilken
3446 734 353 224 blifvit
3703 734 257 224 till
3863 734 545 224 cellfängelset
4280 734 449 224 införpassad,

2627 875 271 218 att
2782 875 348 218 denna
3014 875 271 218 dag
3169 875 271 218 för
3323 875 657 218 Poliskammaren
3826 875 464 218 inställas.

3091 1005 435 189 Göteborg
3417 1005 254 189 den
3562 1005 181 189 9
3635 1005 290 189 Juli
3780 1005 254 189 1880.

4669 1025 235 144 No
4747 1025 235 144 152.

4642 1153 208 179 Elias
4758 1153 254 179 Petersson

2707 1065 519 237 Skepparen
3107 1065 440 237 Andreas
3426 1065 440 237 Persson
3746 1065 320 237 från
3946 1065 280 237 Bua
4106 1065 200 237 i
4186 1065 320 237 Värö
4345 1065 320 237 Socken

2634 1182 382 196 Hallands
2921 1182 255 196 län,
3080 1182 351 196 förande
3335 1182 287 196 båten
3527 1182 446 196 "Fursten",
3877 1182 223 196 har
4005 1182 223 196 den
4132 1182 159 196 8
4196 1182 319 196 dennes
4387 1182 255 196 anmält

2629 1272 212 255 att
2750 1272 212 255 han
2871 1272 545 255 derförutgångne
3326 1272 212 255 dag
3447 1272 182 255 på
3538 1272 182 255 f.
3629 1272 273 255 midd.
3810 1272 212 255 här
3932 1272 151 255 i
3992 1272 303 255 staden
4204 1272 182 255 på
4295 1272 333 255 obekant
4507 1272 182 255 sätt

2631 1391 344 227 förlorat
2889 1391 201 227 310
3004 1391 315 227 Kronor,
3233 1391 373 227 bestående
3520 1391 172 227 af
3606 1391 172 227 en
3692 1391 258 227 sedel
3864 1391 143 227 å
3922 1391 201 227 100
4036 1391 315 227 Kronor,
4266 1391 172 227 en
4352 1391 258 227 sedel
4524 1391 143 227 å
4552 1391 115 227 50

2630 1501 305 179 Kronor
2844 1501 214 179 och
2966 1501 214 179 det
3088 1501 305 179 öfriga
3302 1501 153 179 i
3363 1501 305 179 mindre
3577 1501 336 179 sedlar;
3821 1501 183 179 af
3912 1501 305 179 hvilka
4126 1501 397 179 penningar
4431 1501 214 179 han
4523 1501 183 179 haft

2612 1591 219 201 305
2737 1591 313 201 Kronor
2956 1591 407 201 förvarade
3270 1591 157 201 i
3332 1591 188 201 en
3426 1591 376 201 plånbok,
3709 1591 376 201 liggande
3991 1591 157 201 i
4053 1591 188 201 en
4147 1591 188 201 på
4241 1591 251 201 inre
4398 1591 282 201 sidan
4555 1591 125 201 af

2614 1702 242 206 hans
2765 1702 333 206 påhafde
3008 1702 242 206 väst
3159 1702 394 206 befintlig
3462 1702 273 206 ficka
3644 1702 212 206 och
3765 1702 182 206 en
3856 1702 273 206 sedel
4038 1702 152 206 å
4099 1702 152 206 5
4159 1702 303 206 Kronor
4372 1702 152 206 i
4432 1702 182 206 en
4493 1702 212 206 port¬-

2602 1848 412 182 monnai
2890 1848 206 182 i
2973 1848 289 182 ena
3096 1848 495 182 byxfickan.

2838 1866 277 233 Sedan
3023 1866 215 233 vid
3146 1866 184 233 af
3238 1866 738 233 detektivkonstaplarne
3884 1866 184 233 C.
3976 1866 184 233 G.
4068 1866 307 233 Andrén
4283 1866 215 233 och
4406 1866 184 233 C.
4468 1866 215 233 Hell¬-

2610 1975 271 231 ström
2791 1975 151 231 I
2851 1975 392 231 anledning
3152 1975 271 231 häraf
3333 1975 392 231 företagen
3634 1975 482 231 undersökning
4025 1975 211 231 det
4146 1975 331 231 blifvit
4357 1975 301 231 upplyst,

2616 2089 220 234 att
2741 2089 440 234 Målsegaren
3087 2089 220 234 som
3213 2089 346 234 berörde
3465 2089 220 234 dag
3590 2089 283 234 varit
3779 2089 314 234 mycket
3968 2089 314 234 drucken.

4691 1904 77 126 å
4721 1904 216 126 åtskilliga
4876 1904 123 126 värds¬-

4668 2005 123 82 hus
4739 2005 246 82 sällskapat
4914 2005 88 82 med

4661 2052 137 77 förre
4737 2052 288 77 Besättningskarlen

4670 2093 144 88 Elias
4766 2093 207 88 Petersson
4909 2093 96 88 från

4665 2147 172 80 Styrsö
4785 2147 86 80 i
4819 2147 172 80 Askims
4922 2147 86 80 hd,

4661 2200 162 77 hafva
4769 2200 197 77 bemälde
4894 2200 108 77 kon¬-

4648 2250 183 84 staplar
4782 2250 117 84 den
4848 2250 83 84 8
4865 2250 133 84 dennes

4657 2302 106 90 på
4710 2302 177 90 Styrsö
4817 2302 177 90 anhållit

4662 2357 173 81 bemälde
4788 2357 220 81 Petersson,
4945 2357 78 81 som

4662 2408 204 83 undergått
4804 2408 220 83 bestraffning

4663 2447 113 91 för
4727 2447 145 91 andra
4824 2447 145 91 resan
4905 2447 113 91 snat¬-

4664 2515 157 89 teri,
4768 2515 122 89 och
4820 2515 157 89 hvilken

4647 2563 160 103 vid
4716 2563 114 103 etc

4283 2098 199 138 vid
4368 2098 313 138 anhållan¬-

2615 2194 217 247 det
2739 2194 373 247 innehade
3019 2194 217 247 den
3143 2194 248 247 från
3298 2194 342 247 Andreas
3547 2194 342 247 Persson
3795 2194 435 247 tillgripna
4137 2194 497 247 portmonnaien
4510 2194 155 247 med

2616 2311 479 249 inneliggande
3005 2311 180 249 En
3095 2311 270 249 Krona
3275 2311 180 249 53
3365 2311 240 249 öre,
3515 2311 389 249 hvarjemte
3814 2311 210 249 den
3934 2311 240 249 från
4084 2311 330 249 Persson
4294 2311 359 249 tillgripna

2631 2411 435 216 Plånboken
2965 2411 536 216 innehållande
3400 2411 234 216 300
3534 2411 368 216 Kronor,
3802 2411 234 216 som
3936 2411 469 216 påträffats
4304 2411 268 216 gömd
4472 2411 167 216 i
4505 2411 134 216 en

2616 2478 183 244 åt
2707 2478 366 244 baksidan
2981 2478 244 244 till
3134 2478 427 244 Peterssons
3469 2478 305 244 bostad
3682 2478 152 244 å
3743 2478 305 244 Styrsö
3957 2478 396 244 vettande,
4262 2478 183 244 af
4353 2478 183 244 en
4414 2478 244 244 vedbod

2599 2701 547 177 öfverbygd
2978 2701 252 177 mur.

2767 2658 227 263 Vid
2896 2658 227 263 det
3026 2658 227 263 med
3155 2658 421 263 Petersson
3479 2658 421 263 anställde
3804 2658 324 263 förhör
4030 2658 227 263 har
4160 2658 227 263 han
4257 2658 389 263 medgifvit,

2611 2806 219 239 det
2736 2806 219 239 han
2861 2806 281 239 varit
3048 2806 156 239 i
3111 2806 375 239 sällskap
3392 2806 219 239 med
3517 2806 344 239 Andreas
3767 2806 375 239 Persson,
4048 2806 219 239 som
4173 2806 188 239 då
4267 2806 406 239 innevarit
4548 2806 94 239 i

2617 2902 915 278 Nykterhetsvärdshusidkaren
3438 2902 284 278 David
3627 2902 379 278 Larssons
3911 2902 284 278 lokal
4101 2902 158 278 i
4164 2902 284 278 huset
4353 2902 189 278 No
4448 2902 158 278 2
4479 2902 158 278 vid

2635 3052 440 195 Salutorget,
2987 3052 206 195 der
3104 3052 176 195 de
3193 3052 323 195 intagit
3427 3052 411 195 förtäring,
3750 3052 352 195 äfvensom
4015 3052 206 195 att
4132 3052 176 195 då
4220 3052 440 195 Målsegaren,
4543 3052 147 195 som

2614 3165 267 182 varit
2792 3165 355 182 drucken,
3059 3165 296 182 vägrat
3266 3165 326 182 betala,
3503 3165 385 182 Petersson
3799 3165 178 182 då
3888 3165 267 182 sjelf
4065 3165 355 182 upptagit
4332 3165 237 182 dels
4480 3165 178 182 ur
4539 3165 178 182 hans

2633 3276 258 192 inre
2794 3276 420 192 västficka
3117 3276 420 192 plånboken
3440 3276 226 192 och
3569 3276 258 192 dels
3730 3276 194 192 ur
3827 3276 258 192 hans
3989 3276 387 192 byxficka
4247 3276 452 192 portmonnaien

2613 3338 160 218 i
2677 3338 320 218 afsigt
2901 3338 224 218 att
3029 3338 352 218 behålla
3285 3338 256 218 deri
3445 3338 416 218 förvarade
3765 3338 448 218 penningar,
4117 3338 416 218 hvarefter
4437 3338 224 218 han
4533 3338 128 218 af

2616 3452 276 213 desse
2800 3452 307 213 betalt
3015 3452 215 213 den
3138 3452 338 213 intagna
3383 3452 491 213 förtäringen;
3782 3452 215 213 att
3905 3452 184 213 de
3997 3452 368 213 derefter
4273 3452 245 213 båda
4396 3452 276 213 derfrån

2606 3539 308 209 utgått
2822 3539 215 209 och
2945 3539 369 209 åtföljts
3222 3539 246 209 till
3376 3539 523 209 Brunnsparken;
3806 3539 215 209 att
3930 3539 277 209 sedan
4114 3539 185 209 de
4207 3539 400 209 derstädes
4484 3539 215 209 någon

2612 3667 263 202 stund
2787 3667 292 202 suttit
2992 3667 175 202 på
3080 3667 175 202 en
3167 3667 292 202 soffa,
3372 3667 380 202 Petersson
3665 3667 380 202 aflägsnat
3957 3667 205 202 sig
4074 3667 263 202 ifrån
4249 3667 351 202 Persson,
4483 3667 205 202 hvar¬
