5030 4055
534 190 391 174 fintlige
827 190 358 174 pulpet,
1088 190 228 174 der
1218 190 456 174 assurerade
1576 190 521 174 försändelser
1999 190 488 174 aflemnades;
2357 190 163 174 att

518 334 439 178 Erlandsson
863 334 470 178 veterligen,
1239 334 220 178 han
1364 334 251 178 icke
1521 334 376 178 någonsin
1804 334 251 178 sett
1960 334 220 178 det
2055 334 470 178 ifrågavarande

533 441 432 187 assurerade
873 441 370 187 brefvet;
1151 441 216 187 att
1274 441 370 187 Frodlund
1552 441 216 187 kl.
1675 441 247 187 2,40
1830 441 247 187 e.m.
1984 441 340 187 anländt
2231 441 247 187 till
2355 441 154 187 ex¬-

531 597 653 135 peditionsrummet;
1087 597 229 135 att
1217 597 327 135 emedan
1446 597 229 135 han
1576 597 261 135 bort
1740 597 359 135 infinna
2001 597 229 135 sig
2132 597 229 135 kl.
2262 597 196 135 2,
2328 597 163 135 Er¬-

524 684 415 197 landsson
836 684 346 197 kommit
1078 684 242 197 att
1216 684 242 197 vid
1355 684 277 197 hans
1528 684 380 197 inträde
1804 684 173 197 i
1873 684 346 197 rummet
2116 684 208 197 se
2219 684 208 197 på
2288 684 208 197 sitt

525 833 195 161 ur
622 833 227 161 och
752 833 325 161 derför
979 833 195 161 på
1076 833 357 161 minuten
1336 833 325 161 visste
1563 833 292 161 tiden
1758 833 227 161 för
1887 833 422 161 Frodlunds
2180 833 325 161 ankomst,

537 931 282 193 helst
725 931 439 193 Erlandsson
1069 931 345 193 erinrat
1320 931 376 193 Frodlund
1602 931 313 193 derom,
1821 931 219 193 att
1946 931 219 193 han
2071 931 282 193 komme
2228 931 282 193 försent

528 1071 230 185 för
660 1071 558 185 expedierandet
1119 1071 197 185 af
1218 1071 591 185 middagsposten;
1711 1071 230 185 att
1842 1071 427 185 Frodlund,
2171 1071 230 185 som
2269 1071 230 185 före¬-

526 1178 322 174 fallit
751 1178 450 174 Erlandsson
1105 1178 290 174 slapp
1298 1178 225 174 och
1427 1178 257 174 sjuk
1587 1178 257 174 samt
1748 1178 322 174 luktat
1973 1178 483 174 spirituosa;
2327 1178 161 174 att

537 1292 282 185 efter
725 1292 219 185 att
850 1292 282 185 någon
1038 1292 282 185 stund
1226 1292 282 185 hafva
1414 1292 376 185 samtalat
1696 1292 219 185 med
1822 1292 470 185 Erlandsson,
2167 1292 313 185 begifvit

536 1436 223 185 sig
663 1436 255 185 bort
823 1436 255 185 till
982 1436 223 185 den
1109 1436 286 185 andre
1300 1436 445 185 förenämnde
1650 1436 414 185 pulpeten,
1968 1436 223 185 der
2095 1436 223 185 han
2191 1436 286 185 sysslat

519 1535 199 171 en
618 1535 331 171 stund;
850 1535 232 171 att
982 1535 199 171 då
1082 1535 662 171 breflådetömmarne
1644 1535 232 171 vid
1777 1535 265 171 half
1942 1535 166 171 5
2008 1535 298 171 tiden
2174 1535 331 171 anländt;

534 1658 449 150 Erlandsson
886 1658 449 150 iakttagit,
1239 1658 224 150 att
1367 1658 385 150 Frodlund
1656 1658 288 150 redan
1848 1658 417 150 aflägsnat
2168 1658 256 150 sig,
2297 1658 224 150 ehuru

524 1765 472 180 Erlandsson
895 1765 270 180 icke
1064 1765 371 180 bemärkt
1334 1765 236 180 när
1468 1765 236 180 han
1603 1765 438 180 bortgått,
1940 1765 337 180 emedan
2143 1765 337 180 Erlands¬-

517 1883 232 212 son
650 1883 299 212 varit
849 1883 332 212 träget
1081 1883 498 212 sysselsatt;
1480 1883 232 212 att
1613 1883 365 212 förutom
1878 1883 365 212 bemälde
2111 1883 365 212 breflåde¬-

528 2026 400 143 tömmare
819 2026 510 143 antagligen
1219 2026 364 143 jemväl
1474 2026 218 143 en
1583 2026 328 143 eller
1802 2026 328 143 annan
1984 2026 473 143 vaktmästare

540 2122 440 164 innevarit
879 2122 169 164 i
946 2122 372 164 lokalen
1217 2122 237 164 kl.
1353 2122 372 164 emellan
1624 2122 169 164 2
1691 2122 237 164 och
1827 2122 237 164 1/2
1962 2122 203 164 6,
2064 2122 237 164 vid
2165 2122 305 164 hvilken

547 2243 451 201 sistnämnde
901 2243 225 201 tid
1030 2243 451 201 Erlandsson
1384 2243 258 201 fått
1545 2243 290 201 höra,
1738 2243 225 201 att
1867 2243 547 201 ifrågavarande
2286 2243 193 201 bref

469 2372 458 134 saknades.

518 2416 218 216 5o
627 2416 218 216 E.
735 2416 218 216 O.
844 2416 761 216 Kontorsskrifvaren
1497 2416 218 216 G.
1605 2416 218 216 M.
1714 2416 435 216 Haggren:
2040 2416 254 216 att
2185 2416 218 216 då
2258 2416 181 216 han

526 2570 557 196 ifrågavarande
985 2570 229 196 dag
1116 2570 229 196 kl.
1247 2570 197 196 10
1345 2570 360 196 minuter
1607 2570 262 196 före
1771 2570 164 196 5
1837 2570 197 196 e.
1935 2570 197 196 m.
2033 2570 360 196 anländt
2262 2570 197 196 till

483 2668 734 208 expeditionsrummet,
1117 2668 234 208 han
1250 2668 334 208 genast
1484 2668 400 208 begifvit
1784 2668 234 208 sig
1918 2668 267 208 till
2085 2668 234 208 den
2185 2668 300 208 pulpet,

542 2790 239 178 der
678 2790 615 178 rekommenderade
1191 2790 273 178 bref
1361 2790 478 178 aflemnades
1737 2790 239 178 och
1874 2790 444 178 derstädes
2181 2790 273 178 genast

547 2909 348 179 blifvit
801 2909 317 179 träget
1022 2909 475 179 sysselsätt;
1402 2909 222 179 att
1529 2909 222 179 han
1656 2909 253 179 icke
1814 2909 253 179 från
1972 2909 222 179 det
2099 2909 222 179 han
2194 2909 285 179 anlände

535 3036 259 172 till
697 3036 259 172 dess
859 3036 227 172 han
988 3036 227 172 vid
1118 3036 389 172 sjutiden
1410 3036 389 172 erhållit
1701 3036 389 172 kännedom
1993 3036 194 172 om
2090 3036 227 172 att
2187 3036 292 172 ifråga¬-

532 3150 393 165 varande
818 3150 286 165 bref
997 3150 465 165 saknades,
1355 3150 322 165 varit
1569 3150 358 165 framme
1819 3150 250 165 vid
1962 3150 250 165 den
2105 3150 179 165 i
2141 3150 322 165 rummets

519 3255 287 185 andra
711 3255 255 185 ända
870 3255 447 185 befintliga
1221 3255 415 185 pulpeten,
1540 3255 223 185 der
1668 3255 447 185 assurerade
2018 3255 255 185 bref
2146 3255 351 185 mottages,

454 3372 233 118 och

517 3416 198 185 6o
616 3416 693 185 Kontorsskrifvaren
1210 3416 264 185 Sven
1375 3416 231 185 Uno
1507 3416 429 185 Frodlund:
1836 3416 231 185 att
1968 3416 231 185 han
2067 3416 396 185 Thorsdagen

519 3563 221 170 den
646 3563 190 170 16
741 3563 347 170 dennes,
993 3563 253 170 utan
1151 3563 221 170 att
1277 3563 253 170 han,
1435 3563 221 170 som
1562 3563 253 170 vore
1720 3563 379 170 särdeles
2004 3563 221 170 slö
2130 3563 253 170 till
2257 3563 190 170 min¬-

526 3672 255 175 net,
686 3672 287 175 kunde
877 3672 319 175 erinra
1100 3672 223 175 sig
1228 3672 191 175 om
1323 3672 223 175 det
1451 3672 287 175 varit
1642 3672 191 175 på
1738 3672 255 175 för-
1897 3672 287 175 eller
2088 3672 255 175 eft.
2216 3672 255 175 midd.,

2529 203 418 227 infunnit
2843 203 244 227 sig
2982 203 174 227 å
3052 203 732 227 expeditionsrummet
3679 203 244 227 för
3819 203 418 227 afgående
4132 203 279 227 bref
4272 203 209 227 och,

2530 341 277 199 efter
2715 341 216 199 att
2838 341 277 199 hafva
3023 341 370 199 tillsagt
3301 341 247 199 e.o.
3455 341 647 199 kontorsskrifvaren
4010 341 216 199 von
4102 341 401 199 Proschwitz,

2538 459 238 216 som
2674 459 306 216 ämnat
2878 459 476 216 tjenstgöra
3252 459 238 216 för
3388 459 442 216 Frodlund;
3728 459 238 216 att
3864 459 408 216 Frodlund
4170 459 306 216 sagde
4340 459 170 216 dag

2542 589 306 169 sjelf
2746 589 340 169 ämnade
2984 589 306 169 sköta
3188 589 238 169 sin
3324 589 374 169 tjenst,
3595 589 170 169 å
3663 589 408 169 kontoret
3969 589 408 169 stämplat
4241 589 238 169 några

2538 715 310 147 kartor
2755 715 248 147 samt
2910 715 341 147 "ordnat
3157 715 217 147 för
3281 715 743 147 eftermiddagsposten";
3932 715 217 147 att
4055 715 217 147 han
4179 715 279 147 under
4334 715 186 147 sitt

2529 827 384 173 uppehåll
2817 827 160 173 å
2881 827 384 173 kontoret
3168 827 256 173 icke
3328 827 256 173 sett
3488 827 224 173 det
3616 827 543 173 ifrågavarande
4063 827 384 173 brefvet,
4319 827 192 173 der¬-

2521 935 210 206 om
2626 935 245 206 han
2766 935 280 206 icke
2940 935 280 206 egde
3115 935 315 206 någon
3325 935 454 206 kännedom;
3674 935 245 206 att
3814 935 315 206 sedan
4024 935 245 206 han
4164 935 315 206 efter
4338 935 175 206 om¬-

2534 1078 292 203 kring
2728 1078 195 203 en
2825 1078 259 203 half
2988 1078 324 203 timmes
3215 1078 389 203 uppehåll
3507 1078 162 203 å
3571 1078 422 203 kontoret,
3896 1078 389 203 derifrån
4155 1078 357 203 aflägsnat

2531 1192 261 217 sig,
2694 1192 228 217 han
2825 1192 261 217 icke
2988 1192 326 217 vidare
3216 1192 293 217 sagde
3412 1192 228 217 dag
3542 1192 228 217 dit
3673 1192 456 217 återvändt;
4031 1192 261 217 samt
4194 1192 228 217 att
4292 1192 163 217 det

2523 1294 203 219 en
2625 1294 237 219 och
2760 1294 304 219 annan
2963 1294 271 219 gång
3132 1294 338 219 hände;
3369 1294 237 219 att
3504 1294 271 219 bref
3673 1294 304 219 komme
3876 1294 237 219 att
4012 1294 203 219 af
4113 1294 372 219 misstag
4350 1294 169 219 af¬-

2521 1418 330 206 sändas
2752 1418 264 206 till
2917 1418 297 206 annan
3114 1418 198 206 än
3213 1418 527 206 adressorten,
3642 1418 363 206 hvilket
3906 1418 330 206 jemväl
4136 1418 297 206 torde
4301 1418 198 206 haf¬-

2529 1551 188 182 va
2623 1551 282 182 skett
2811 1551 219 182 med
2936 1551 219 182 det
3061 1551 533 182 ifrågavarande
3500 1551 376 182 brefvet;
3782 1551 470 182 tilläggande
4126 1551 345 182 Frodlund,

2537 1649 167 186 i
2603 1649 434 186 anledning
2937 1649 200 186 af
3037 1649 367 186 frågor,
3304 1649 234 186 att
3437 1649 234 186 han
3571 1649 267 186 icke
3738 1649 300 186 kunde
3938 1649 400 186 uppgifva
4205 1649 234 186 något

2540 1753 293 220 skäl,
2736 1753 390 220 hvarföre
3028 1753 228 220 han
3158 1753 423 220 aflägsnat
3483 1753 228 220 sig
3614 1753 260 220 från
3776 1753 585 220 tjenstgöringen
4231 1753 228 220 innan

2544 1868 395 231 densamma
2840 1868 592 231 tilländalupit,
3334 1868 428 231 hvarjemte
3663 1868 296 231 sedan
3860 1868 230 231 vid
3959 1868 493 231 kroppsvisita¬-

2545 1966 281 221 tion,
2732 1966 219 221 den
2857 1966 375 221 Frödlund
3138 1966 312 221 medgaf
3357 1966 281 221 finge
3544 1966 156 221 å
3607 1966 281 221 honom
3794 1966 437 221 företagas,
4138 1966 156 221 i
4169 1966 281 221 fickor¬-

2533 2105 202 198 na
2634 2105 202 198 af
2735 2105 269 198 hans
2904 2105 404 198 påhafvde
3207 2105 337 198 kläder
3442 2105 370 198 funnits
3711 2105 236 198 ett
3846 2105 606 198 penningebelopp
4317 2105 135 198 af

2526 2199 378 216 tillhopa
2810 2199 189 216 35
2905 2199 315 216 Kronor
3126 2199 189 216 52
3220 2199 252 216 öre,
3378 2199 378 216 Frodlund
3662 2199 410 216 förklarat
3977 2199 221 216 det
4103 2199 221 216 han
4198 2199 252 216 ansåge

2541 2323 207 266 sig
2660 2323 236 266 icke
2807 2323 266 266 "böra
2984 2323 266 266 eller
3161 2323 354 266 behöfva"
3427 2323 354 266 redogöra
3692 2323 207 266 för
3810 2323 384 266 åtkomsten
4105 2323 236 266 till
4223 2323 266 266 berörde

2514 2537 433 121 penningar.

2768 2529 223 240 Wid
2895 2529 413 240 sedermera
3213 2529 223 240 med
3340 2529 381 240 Frodlund
3627 2529 413 240 företaget
3944 2529 381 240 förnyadt
4199 2529 254 240 förhör

2550 2666 233 261 har
2683 2666 233 261 han
2816 2666 400 261 vidgått,
3116 2666 233 261 att
3249 2666 200 261 då
3349 2666 233 261 han
3483 2666 466 261 Thorsdagen
3849 2666 233 261 den
3982 2666 200 261 16
4049 2666 433 261 innevarande

2554 2791 417 211 September
2875 2791 192 211 på
2971 2791 257 211 e.m.
3131 2791 417 211 innevarit
3452 2791 160 211 å
3516 2791 449 211 förenämnde
3869 2791 609 211 expeditionsrum,
4350 2791 160 211 han

2557 2904 196 202 ur
2655 2904 229 202 ett
2786 2904 262 202 fack
2950 2904 164 202 i
3015 2904 229 202 den
3146 2904 164 202 i
3211 2904 327 202 rummet
3440 2904 458 202 befintliga
3800 2904 360 202 pulpet,
4062 2904 229 202 vid
4160 2904 294 202 hvilken

2534 3018 410 232 härifrån
2841 3018 410 232 afgående
3148 3018 478 232 assurerade
3524 3018 273 232 bref
3694 3018 512 232 aflemnades,
4070 3018 375 232 tillegnat

2550 3145 226 230 sig
2679 3145 226 230 det
2808 3145 548 230 ifrågavarande
3259 3145 355 230 brefvet
3517 3145 226 230 och
3646 3145 258 230 kort
3807 3145 419 230 derefter,
4097 3145 419 230 medhafvande

2567 3264 452 176 detsamma,
2915 3264 382 176 hvilket
3193 3264 243 176 han
3332 3264 382 176 nedlagt
3610 3264 174 176 i
3679 3264 209 176 en
3784 3264 209 176 af
3888 3264 417 176 fickorna
4201 3264 209 176 af
4270 3264 174 176 sin

2562 3404 405 202 påhafvde
2866 3404 303 202 rock,
3068 3404 438 202 aflägsnat
3405 3404 236 202 sig
3540 3404 270 202 från
3709 3404 472 202 Posthuset;
4080 3404 169 202 i
4113 3404 405 202 sammanhang

2559 3500 345 242 hvarmed
2810 3500 376 242 Frodlund
3092 3500 408 242 uppgifvit
3406 3500 220 242 och
3531 3500 439 242 förklarat,
3876 3500 220 242 att
4002 3500 251 242 han,
4158 3500 220 242 som
4252 3500 220 242 efter

2569 3625 476 224 tillgreppets
2956 3625 417 224 föröfvande
3284 3625 357 224 begifvit
3551 3625 208 224 sig
3670 3625 238 224 till
3819 3625 208 224 sin
3938 3625 327 224 bostad,
4147 3625 327 224 derstädes
