5023 4072
470 173 355 137 nämnde
718 173 284 137 hus,
895 173 284 137 från
1072 173 319 137 honom
1285 173 532 137 tillgripits
1711 173 213 137 en
1817 173 213 137 af
1924 173 461 137 Göteborgs
2243 173 177 137 och

450 290 333 199 Bohus
672 290 296 199 läns
857 290 444 199 sparbank
1190 290 444 199 utgifven
1523 290 629 199 sparbanksbok,
2041 290 185 199 å
2078 290 333 199 hvilken

467 403 229 199 var
598 403 327 199 insatt
827 403 196 199 15
925 403 359 199 Kronor,
1186 403 261 199 samt
1350 403 229 199 att
1480 403 425 199 kofferten
1807 403 457 199 antagligen
2134 403 294 199 öppnats

483 537 245 173 med
623 537 315 173 falsk
833 537 350 173 nyckel
1078 537 315 173 eller
1288 537 315 173 dyrk,
1498 537 245 173 men
1638 537 315 173 efter
1848 537 245 173 det
1953 537 455 173 tillgreppet

468 649 438 200 föröfvats,
812 649 250 200 åter
968 649 344 200 blifvit
1187 649 313 200 tillåst.

685 746 328 181 Sedan
903 746 292 181 från
1086 746 547 181 ifrågakomne
1523 746 437 181 Sparbank
1851 746 510 181 upplysning
2216 746 182 181 er¬-

482 869 383 128 hållits,
770 869 224 128 att
897 869 479 128 ifrågakomne
1281 869 543 128 sparbanksbok,
1728 869 288 128 hvars
1920 869 192 128 No
2016 869 288 128 varit
2175 869 256 128 38,303

477 969 237 162 den
613 969 203 162 27
714 969 305 162 sist.
917 969 372 162 Augusti
1188 969 203 162 af
1289 969 203 162 en
1391 969 372 162 obekant
1662 969 338 162 person
1898 969 169 162 i
1966 969 372 162 Olssons
2203 969 203 162 namn

463 1144 561 103 utqvitterats
918 1144 210 103 12
1024 1144 350 103 Kronor
1269 1144 210 103 af
1374 1144 210 103 de
1479 1144 175 103 å
1549 1144 420 103 densamma
1864 1144 385 103 insatte
2110 1144 315 103 medlen,

471 1197 298 180 hafva
670 1197 795 180 detektivkonstaplarne
1366 1197 199 180 C.
1465 1197 199 180 V.
1564 1197 464 180 Söderqvist
1929 1197 232 180 och
2062 1197 199 180 J.
2128 1197 265 180 Bohlin

480 1308 527 202 förstberörde
908 1308 263 202 dag,
1073 1308 296 202 såsom
1270 1308 428 202 misstänkt
1599 1308 230 202 för
1731 1308 296 202 detta
1928 1308 428 202 tillgrepp
2224 1308 165 202 an¬-

451 1422 396 195 hållit
729 1422 238 195 fe
848 1422 515 195 Sjömannen
1244 1422 396 195 Samuel
1521 1422 357 195 Johan
1759 1422 396 195 Eklund
2036 1422 317 195 från
2194 1422 238 195 Ukna

461 1543 370 163 Socken
720 1543 185 163 i
794 1543 370 163 Kalmar
1053 1543 296 163 län;
1238 1543 259 163 och
1386 1543 259 163 har
1535 1543 370 163 Eklund
1794 1543 259 163 vid
1942 1543 259 163 det
2090 1543 259 163 med
2201 1543 185 163 ho¬-

474 1665 249 134 nom
617 1665 462 134 anställde
972 1665 355 134 förhör
1221 1665 497 134 uppgifvit,
1611 1665 249 134 att
1753 1665 249 134 han
1896 1665 284 134 vore
2073 1665 284 134 född
2215 1665 178 134 den

476 1771 213 173 24
583 1771 462 173 September
938 1771 284 173 1860
1116 1771 178 173 i
1187 1771 426 173 Hessleby
1507 1771 355 173 Socken
1755 1771 213 173 af
1862 1771 497 173 Jönköpings
2217 1771 178 173 län

466 1878 256 150 och
613 1878 256 150 den
759 1878 220 150 11
869 1878 476 150 sistlidne
1236 1878 403 150 Augusti
1529 1878 366 150 kommit
1785 1878 256 150 hit
1931 1878 293 150 till
2078 1878 293 150 staden

437 2007 263 169 för
588 2007 263 169 att
738 2007 301 169 söka
926 2007 564 169 läkarevärd;
1378 2007 263 169 att
1528 2007 226 169 då
1641 2007 263 169 han
1792 2007 414 169 omsider
2055 2007 301 169 saknat

471 2115 323 175 medel
686 2115 287 175 till
866 2115 467 175 uppehälle
1225 2115 251 175 och
1368 2115 215 175 af
1476 2115 502 175 Målsegaren
1871 2115 287 175 fått
2050 2115 287 175 veta
2194 2115 179 175 att

462 2229 359 185 denne
701 2229 319 185 hade
900 2229 518 185 penningar
1299 2229 438 185 insatte
1618 2229 199 185 å
1697 2229 239 185 en
1817 2229 478 185 Sparbank
2136 2229 199 185 här

457 2360 194 186 i
535 2360 426 186 staden,
845 2360 387 186 Eklund
1116 2360 271 186 uti
1271 2360 232 186 en
1387 2360 194 186 i
1464 2360 349 186 samma
1697 2360 271 186 hus
1852 2360 426 186 belägen
2123 2360 271 186 lump¬-

453 2462 450 146 handel;
780 2462 245 146 på
903 2462 450 146 begäran
1230 2462 327 146 fått
1435 2462 327 146 låna
1640 2462 245 146 en
1762 2462 450 146 nyckel,
2049 2462 286 146 under

470 2573 398 196 uppgift
759 2573 289 196 att,
940 2573 217 196 om
1049 2573 326 196 denna
1266 2573 398 196 passade
1555 2573 289 196 till
1736 2573 253 196 det
1881 2573 289 196 lås,
2025 2573 362 196 hvartill

446 2698 274 185 han
602 2698 391 185 skulle
876 2698 508 185 användas,
1267 2698 391 185 Eklund
1540 2698 391 185 ämnade
1814 2698 313 185 köpa
1970 2698 391 185 nyckeln,

456 2822 287 176 men
620 2822 205 176 i
702 2822 369 176 annat
948 2822 328 176 fall
1153 2822 533 176 återlemna
1562 2822 533 176 densamma;
1972 2822 287 176 att
2095 2822 287 176 sedan

461 2933 254 133 han
606 2933 436 133 derefter
933 2933 436 133 begifvit
1260 2933 254 133 sig
1405 2933 291 133 till
1586 2933 254 133 det
1732 2933 291 133 rum,
1913 2933 254 133 der
2022 2933 327 133 Olssons

445 3031 412 199 koffert
744 3031 487 199 förvarats
1119 3031 262 199 och
1269 3031 262 199 med
1419 3031 562 199 ifrågakomne
1869 3031 375 199 nyckel
2094 3031 300 199 öppnat

454 3169 498 159 kofferten,
846 3169 249 159 han
988 3169 320 159 derur
1201 3169 498 159 tillgripit
1593 3169 676 159 Sparbanksboken,
2126 3169 249 159 hvar¬-

454 3317 324 148 efter
670 3317 252 148 han
814 3317 288 148 åter
994 3317 396 148 tillåst
1282 3317 468 148 kofferten
1643 3317 252 148 och
1787 3317 504 148 återlemnat
2147 3317 216 148 nyc¬-

459 3412 296 168 keln
644 3412 296 168 till
828 3412 406 168 egaren;
1124 3412 259 168 att
1272 3412 369 168 Eklund
1530 3412 222 168 en
1641 3412 332 168 stund
1863 3412 443 168 derefter
2158 3412 185 168 be¬-

446 3528 363 184 gifvit
700 3528 254 184 sig
845 3528 290 184 till
1026 3528 544 184 ofvannämnde
1461 3528 471 184 sparbank,
1823 3528 254 184 der
1968 3528 254 184 han
2113 3528 181 184 i
2150 3528 218 184 Ols¬-

415 3651 310 172 sons
609 3651 310 172 namn
802 3651 581 172 falskeligen
1267 3651 581 172 utqvitterat
1732 3651 232 172 12
1848 3651 426 172 Kronor,
2119 3651 232 172 samt

2571 215 311 168 att
2748 215 311 168 han
2926 215 400 168 ämnat
3193 215 311 168 att
3371 215 578 168 sedermera
3816 215 222 168 å
3904 215 400 168 samma
4171 215 311 168 bok
4305 215 222 168 in¬-

2563 354 325 204 sätta
2780 354 397 204 berörde
3069 354 361 204 belopp
3322 354 253 204 och
3466 354 434 204 påföljde
3791 354 253 204 dag
3936 354 253 204 för
4080 354 325 204 detta
4261 354 253 204 ända¬-

2580 470 302 178 mål
2752 470 259 178 af
2882 470 259 178 en
3011 470 431 178 bekant
3312 470 431 178 person
3614 470 388 178 lånat
3873 470 603 178 penningar,
4304 470 215 178 men

2587 605 256 208 då
2715 605 555 208 upptäckt,
3143 605 299 208 att
3314 605 299 208 han
3484 605 427 208 tappat
3741 605 726 208 sparbanksboken.

2749 743 251 196 På
2875 743 376 196 grund
3125 743 251 196 af
3250 743 334 196 hvad
3459 743 459 196 sålunda
3793 743 626 196 förekommit,
4252 743 251 196 kom¬-

2573 877 297 184 mer
2742 877 424 184 Samuel
3039 877 382 184 Johan
3294 877 424 184 Eklund
3591 877 297 184 att
3760 877 382 184 denna
4015 877 297 184 dag
4185 877 297 184 för
4312 877 212 184 PKn

2587 965 581 224 inställas.
3044 965 498 224 Göteborg
3418 965 291 224 den
3584 965 208 224 1
3667 965 374 224 Sept.
3874 965 291 224 1880.

4502 1089 248 178 No
4584 1089 248 178 187.

4487 1237 292 84 Anton
4649 1237 259 84 Robert

4468 1312 336 151 Larsson.

2725 1115 451 206 Skepparen
3072 1115 208 206 P.
3176 1115 208 206 A.
3280 1115 520 206 Berndtsson,
3696 1115 381 206 förande
3973 1115 347 206 jakten
4181 1115 312 206 "Linde"

2609 1219 307 222 från
2801 1219 384 222 Smögen
3070 1219 192 222 i
3146 1219 384 222 Askims
3415 1219 384 222 Socken
3684 1219 269 222 och
3838 1219 231 222 nu
3953 1219 461 222 liggande
4261 1219 231 222 för¬-

2615 1369 305 206 töjd
2805 1369 191 206 i
2882 1369 838 206 Rosenlundskanalen,
3606 1369 267 206 har
3758 1369 267 206 den
3910 1369 191 206 2
3987 1369 381 206 dennes
4215 1369 343 206 anmält,

2615 1524 269 147 att
2768 1524 691 147 derförutgångne
3344 1524 307 147 natt
3536 1524 230 147 på
3651 1524 384 147 däcket
3920 1524 384 147 ombord
4189 1524 192 147 å
4227 1524 307 147 nämnde

2620 1625 264 185 bot
2771 1625 302 185 från
2960 1625 339 185 honom
3186 1625 566 185 tillgripits
3639 1625 226 185 en
3752 1625 566 185 kaffekittel
4204 1625 226 185 af
4280 1625 226 185 kop¬-

2605 1757 299 188 par,
2791 1757 448 188 rymmande
3128 1757 411 188 omkring
3426 1757 224 188 en
3538 1757 336 188 kanna
3762 1757 261 188 och
3912 1757 299 188 värd
4099 1757 187 188 5
4136 1757 336 188 Kronor.

2787 1854 643 183 Poliskonstapeln
3329 1854 203 183 No
3430 1854 169 183 5
3498 1854 440 183 Thornberg
3837 1854 237 183 har
3972 1854 508 183 ofvannämnde
4345 1854 169 183 dag

2627 1966 189 199 på
2721 1966 189 199 f.
2815 1966 189 199 m.
2910 1966 377 199 anhållit
3192 1966 220 199 för
3318 1966 377 199 snatteri
3601 1966 409 199 straffade
3916 1966 189 199 fe
3979 1966 534 199 Tobaksspinnaren

2613 2073 280 172 Anton
2800 2073 312 172 Robert
3018 2073 374 172 Larsson,
3298 2073 249 172 utan
3454 2073 343 172 bestämd
3703 2073 343 172 bostad,
3952 2073 218 172 för
4077 2073 218 172 det
4202 2073 218 172 han
4295 2073 187 172 till

2611 2193 250 184 salu
2767 2193 374 184 utbjudit
3048 2193 187 184 en
3141 2193 468 184 kaffekittel
3516 2193 187 184 af
3609 2193 343 184 koppar,
3859 2193 218 184 för
3984 2193 343 184 åtkomst
4202 2193 312 184 hvartill

2612 2315 222 185 han
2739 2315 190 185 ej
2834 2315 285 185 kunde
3024 2315 380 185 redogöra
3310 2315 222 185 och
3437 2315 349 185 hvilken
3690 2315 412 185 sedermera
4007 2315 412 185 befunnits
4293 2315 190 185 vara

2622 2403 223 218 den
2750 2403 255 218 från
2909 2403 447 218 Berndtsson
3261 2403 447 218 tillgripne
3580 2403 319 218 kitteln.

2772 2503 221 199 Vid
2899 2503 221 199 det
3025 2503 221 199 med
3151 2503 347 199 Larsson
3403 2503 158 199 i
3466 2503 410 199 anledning
3782 2503 284 199 häraf
3971 2503 410 199 anställda
4255 2503 252 199 förhör

2617 2651 239 175 har
2754 2651 239 175 han
2890 2651 479 175 uppgifvit,
3267 2651 239 175 att
3404 2651 239 175 han
3540 2651 513 175 förstnämnde
3951 2651 239 175 dag
4088 2651 205 175 på
4156 2651 308 175 morgnen

2586 2772 596 204 sammanträffat
3077 2772 245 204 med
3217 2772 210 204 en
3322 2772 245 204 för
3462 2772 316 204 honom
3673 2772 386 204 obekant
3953 2772 526 204 mansperson,
4339 2772 175 204 som

2604 2858 314 185 lemnat
2823 2858 283 185 honom
3012 2858 534 185 ifrågavarande
3452 2858 314 185 kittel
3671 2858 251 185 till
3828 2858 503 185 försäljning,
4237 2858 220 185 men
4331 2858 157 185 att

2598 3003 418 167 Larsson,
2912 3003 314 167 innan
3121 3003 244 167 han
3260 3003 348 167 hunnit
3504 3003 383 167 afyttra
3782 3003 453 167 densamma,
4131 3003 383 167 blifvit
4375 3003 139 167 af

2621 3126 624 138 Poliskonstapeln
3146 3126 427 138 Thornberg
3442 3126 361 138 anhållen.

2672 3182 219 206 På
2782 3182 329 206 grund
3001 3182 219 206 af
3111 3182 292 206 hvad
3294 3182 402 206 sålunda
3586 3182 548 206 förekommit,
4025 3182 366 206 kommer
4244 3182 256 206 Anton

2636 3301 343 192 Robert
2876 3301 378 192 Larsson
3150 3301 240 192 att
3288 3301 309 192 denna
3494 3301 240 192 dag
3631 3301 240 192 för
3768 3301 240 192 Pkn
3871 3301 412 192 inställas.

2907 3410 421 171 Göteborg
3223 3410 246 171 den
3363 3410 175 171 2
3433 3410 281 171 Sept
3573 3410 246 171 1880.

4503 3438 215 159 No
4575 3438 215 159 188.

4477 3624 278 100 Julius
4644 3624 250 100 Hansson

4471 3700 182 102 och
4575 3700 208 102 Carl
4679 3700 208 102 August

4442 3782 331 99 Lindgren.

2706 3489 312 197 Sedan
2914 3489 486 197 upplysning
3296 3489 381 197 vunnits
3573 3489 243 197 att
3712 3489 381 197 Kyparne
3989 3489 347 197 Julius
4198 3489 277 197 Hansen

2635 3611 217 194 och
2759 3611 248 194 Carl
2914 3611 310 194 August
3131 3611 403 194 Lindgren,
3441 3611 248 194 båda
3597 3611 403 194 anställde
3907 3611 217 194 hos
4000 3611 465 194 Restauratören
