5041 4041
461 207 246 103 samt
615 207 185 103 en
708 207 277 103 sedel
892 207 154 103 å
954 207 154 103 5
985 207 277 103 Kronor.

634 314 302 117 Såsom
836 314 436 117 misstänkt
1171 314 235 117 för
1305 314 470 117 sistnämnde
1674 314 470 117 tillgrepp,
2043 314 235 117 har
2144 314 268 117 Detek¬-

477 416 568 135 tivkonstapeln
945 416 201 135 C.
1045 416 435 135 Hellström
1379 416 401 135 Måndagen
1680 416 234 135 den
1814 416 201 135 12
1914 416 334 135 dennes
2115 416 267 135 anhål¬-

475 522 231 140 lit
607 522 428 140 ynglingen
936 522 297 140 Albin
1134 522 297 140 Georg
1332 522 297 140 Eugén
1529 522 329 140 Torén,
1760 522 264 140 född
1925 522 231 140 den
2057 522 198 140 24
2122 522 264 140 Decem¬-

484 626 227 139 ber
613 626 260 139 1865
776 626 227 139 och
906 626 325 139 boende
1133 626 227 139 hos
1263 626 227 139 sin
1393 626 487 139 fosterfader
1783 626 455 139 Målsegaren
2108 626 292 139 Bengts¬-

496 745 254 133 son;
655 745 222 133 och
782 745 222 133 har
909 745 286 133 Torén
1100 745 222 133 vid
1227 745 222 133 det
1354 745 222 133 med
1481 745 286 133 honom
1671 745 413 133 anställde
1989 745 318 133 förhör
2179 745 191 133 upp¬-

496 859 352 145 gifvit,
752 859 224 145 att
880 859 224 145 han
1008 859 192 145 en
1104 859 224 145 dag
1232 859 224 145 för
1360 859 352 145 omkring
1616 859 224 145 tre
1744 859 320 145 veckor
1968 859 288 145 sedan
2160 859 224 145 med
2256 859 128 145 en

497 969 341 143 nyckel,
745 969 217 143 som
869 969 279 143 hörde
1055 969 248 143 till
1210 969 186 143 en
1303 969 279 143 låda,
1488 969 341 143 upplåst
1736 969 434 143 Bengtssons
2046 969 372 143 chiffonier

491 1085 217 139 och
615 1085 279 139 derur
801 1085 433 139 tillgripit
1141 1085 186 139 en
1234 1085 279 139 sedel
1420 1085 155 139 å
1481 1085 217 139 Fem
1605 1085 340 139 Kronor;
1853 1085 217 139 att
1977 1085 217 139 han
2100 1085 279 139 några
2255 1085 155 139 da¬-

496 1203 209 137 gar
616 1203 358 137 derefter
884 1203 179 137 ur
974 1203 478 137 chiffonieren
1362 1203 418 137 tillgripit
1691 1203 448 137 ytterligare
2049 1203 209 137 två
2139 1203 239 137 sedlar

505 1317 157 133 å
567 1317 189 133 10
662 1317 314 133 Kronor
882 1317 377 133 hvardera
1164 1317 220 133 och
1290 1317 377 133 Lördagen
1573 1317 220 133 den
1699 1317 189 133 10
1793 1317 314 133 dennes
2013 1317 189 133 på
2076 1317 314 133 enahanda

494 1433 237 131 sätt
642 1433 178 131 en
731 1433 267 131 sedel
909 1433 148 131 å
968 1433 178 131 50
1057 1433 326 131 Kronor,
1294 1433 296 131 hvaraf
1501 1433 207 131 han
1620 1433 237 131 hade
1768 1433 148 131 i
1827 1433 296 131 behåll
2035 1433 207 131 tre
2123 1433 267 131 Kronor,

495 1544 263 134 samt
659 1544 230 134 att
791 1544 230 134 han
922 1544 197 134 af
1020 1544 197 134 de
1119 1544 460 134 tillgripne
1480 1544 492 134 penningarne
1874 1544 460 134 bortskänkt
2202 1544 164 134 Tre

495 1668 307 116 Kronor
710 1668 246 116 till
864 1668 368 116 hvardera
1140 1668 184 116 af
1232 1668 460 116 ynglingarne
1600 1668 246 116 Nils
1754 1668 307 116 Gustaf
1968 1668 399 116 Andersson
2245 1668 153 116 och

482 1779 343 119 Gustaf
722 1779 446 119 Alexander
1065 1779 549 119 Christensson
1510 1779 274 119 samt
1682 1779 206 119 En
1785 1779 309 119 Krona
1991 1779 206 119 50
2093 1779 240 119 öre
2196 1779 206 119 till

521 1895 406 115 Ynglingen
833 1895 281 115 Johan
1020 1895 281 115 Peter
1208 1895 281 115 Hult,
1395 1895 250 115 köpt
1551 1895 219 115 ett
1676 1895 187 115 s.
1770 1895 187 115 k.
1863 1895 406 115 klubbspel
2175 1895 219 115 för
2269 1895 125 115 En

513 2001 281 121 Krona
700 2001 188 121 50
794 2001 250 121 öre,
951 2001 219 121 tre
1076 2001 219 121 st.
1201 2001 407 121 trädpipor
1514 2001 219 121 för
1639 2001 188 121 En
1732 2001 281 121 Krona
1920 2001 188 121 50
2014 2001 219 121 öre
2139 2001 219 121 och
2233 2001 125 121 en

483 2109 424 125 munharpa
801 2109 247 125 för
942 2109 212 125 En
1048 2109 318 125 Krona
1260 2109 212 125 50
1366 2109 247 125 öre
1507 2109 283 125 samt
1684 2109 389 125 användt
1966 2109 494 125 återstoden

495 2229 263 116 till
660 2229 428 116 förtäring
989 2229 230 116 och
1120 2229 329 116 nöjen,
1350 2229 296 116 hvarå
1548 2229 230 116 han
1679 2229 329 116 jemväl
1910 2229 329 116 bjudit
2107 2229 263 116 ofvan¬-

489 2361 391 100 nämnde
723 2361 469 100 ynglingar.

675 2445 242 113 Med
814 2445 449 113 anledning
1159 2445 311 113 häraf
1366 2445 311 113 hafva
1573 2445 829 113 dektektivkonstplarne
2264 2445 138 113 C.

504 2555 410 133 Hellström
820 2555 221 133 och
946 2555 379 133 Rönnbäck
1230 2555 221 133 den
1356 2555 189 133 13
1451 2555 315 133 dennes
1672 2555 379 133 anhållit
1924 2555 410 133 ynglingarne

487 2667 232 133 Nils
632 2667 290 133 Gustaf
835 2667 406 133 Andersson,
1153 2667 232 133 född
1298 2667 203 133 den
1414 2667 174 133 12
1501 2667 261 133 Sept.
1675 2667 232 133 1869
1820 2667 203 133 och
1935 2667 203 133 son
2051 2667 174 133 af
2109 2667 261 133 Måleri¬-

497 2769 379 143 arbetaren
788 2769 233 143 Nils
934 2769 262 143 Johan
1109 2769 408 143 Andersson,
1429 2769 291 143 boende
1633 2769 146 143 i
1692 2769 408 143 Dicksonska
1983 2769 379 143 stiftelsens

496 2883 208 149 hus
615 2883 178 149 No
704 2883 148 149 6
763 2883 208 149 vid
882 2883 356 149 Nygatan,
1149 2883 297 149 Gustaf
1357 2883 386 149 Alexander
1654 2883 534 149 Christiansson,
2099 2883 237 149 född
2218 2883 148 149 den

489 3004 156 142 7
551 3004 218 142 Maj
676 3004 249 142 1867
831 3004 218 142 och
956 3004 218 142 son
1080 3004 187 142 af
1174 3004 467 142 Jernbäraren
1547 3004 249 142 Jöns
1703 3004 560 142 Christiansson,
2139 3004 249 142 boende

484 3120 169 124 i
552 3120 473 124 sistnämnde
924 3120 271 124 hus,
1093 3120 271 124 samt
1262 3120 304 124 Ernst
1465 3120 372 124 Wilhelm
1735 3120 440 124 Sandberg,
2074 3120 271 124 född
2209 3120 169 124 den

488 3226 189 140 19
583 3226 253 140 Mars
741 3226 253 140 1865
899 3226 221 140 och
1025 3226 316 140 boende
1246 3226 221 140 hos
1372 3226 221 140 sin
1499 3226 284 140 moder
1688 3226 284 140 Enkan
1877 3226 442 140 Wilhelmina
2193 3226 221 140 Sand¬-

477 3345 262 136 berg
641 3345 164 136 i
707 3345 459 136 Dicksonska
1067 3345 491 136 stiftelsens
1460 3345 229 136 hus
1591 3345 197 136 No
1689 3345 229 136 vid
1820 3345 491 136 Östergatan,
2181 3345 229 136 hvil¬-

489 3474 188 122 ka
583 3474 219 122 vid
708 3474 219 122 det
833 3474 219 122 med
959 3474 219 122 dem
1084 3474 408 122 anställda
1398 3474 313 122 förhör
1586 3474 376 122 uppgifvit:

492 3570 253 122 Nils
650 3570 316 122 Gustaf
872 3570 443 122 Andersson:
1220 3570 221 122 att
1346 3570 316 122 Thorén
1567 3570 221 122 för
1694 3570 285 122 honom
1884 3570 443 122 uppgifvit,
2200 3570 158 122 att

484 3685 225 137 han
613 3685 451 137 tillgripit
967 3685 419 137 penningar
1289 3685 258 137 från
1450 3685 225 137 sin
1579 3685 419 137 fosterfar
1901 3685 225 137 och
2030 3685 290 137 deraf
2191 3685 193 137 dels

2648 232 321 104 skänkt
2873 232 289 104 honom
3065 232 225 104 tre
3194 232 321 104 Kronor
3418 232 225 104 och
3547 232 257 104 dels
3707 232 289 104 flera
3900 232 321 104 gånger
4125 232 321 104 bjudit
4349 232 289 104 honom

2651 364 176 93 på
2739 364 381 93 förtäring
3032 364 205 93 och
3120 364 234 93 nöjen.

2643 481 308 82 Gustaf
2859 481 401 82 Alexander
3167 481 524 82 Christensson:
3599 481 216 82 att
3722 481 339 82 Thorén,
3969 481 278 82 sedan
4154 481 216 82 han
4277 481 216 82 för
4370 481 154 82 ho¬-

2635 592 216 88 nom
2758 592 370 88 omtalat,
3036 592 216 88 att
3159 592 216 88 han
3282 592 431 88 tillgripit
3621 592 246 88 från
3775 592 216 88 sin
3898 592 462 88 fosterfader
4268 592 246 88 dels
4391 592 123 88 20

2648 708 304 86 Kronor
2860 708 212 86 och
2982 708 243 86 dels
3133 708 364 86 lördagen
3407 708 212 86 den
3528 708 182 86 10
3619 708 304 86 dennes
3831 708 182 86 50
3923 708 334 86 Kronor,
4165 708 273 86 deraf
4317 708 243 86 skänkt

2649 818 280 89 honom
2836 818 156 89 3
2898 818 311 89 Kronor
3116 818 218 89 och
3240 818 311 89 bjudit
3458 818 280 89 honom
3645 818 187 89 på
3739 818 405 89 förtäring
4050 818 218 89 och
4174 818 311 89 nöjen,
4361 818 187 89 samt

2658 924 211 91 att
2779 924 211 91 han
2899 924 211 91 den
3020 924 181 91 19
3111 924 302 91 sistl.
3322 924 362 91 November
3594 924 181 91 på
3684 924 302 91 afton,
3896 924 181 91 då
3986 924 211 91 han
4107 924 423 91 uppehållit
4409 924 151 91 sig

2646 1038 149 96 i
2706 1038 625 96 Folkbibliotheket,
3242 1038 208 96 vid
3361 1038 476 96 aflägsnandet
3748 1038 357 96 derifrån
4016 1038 417 96 tillgripit
4314 1038 208 96 Meis¬-

2638 1152 244 110 ners
2790 1152 427 110 Skridskor,
3125 1152 305 110 hvilka
3338 1152 213 110 han
3460 1152 244 110 sålt
3612 1152 244 110 till
3765 1152 396 110 ynglingen
4069 1152 274 110 Ernst
4222 1152 274 110 Olsson,

2633 1248 313 126 boende
2852 1248 156 126 i
2914 1248 281 126 huset
3102 1248 188 126 No
3196 1248 188 126 17
3290 1248 219 126 vid
3415 1248 375 126 Pilgatan
3696 1248 219 126 för
3821 1248 188 126 En
3915 1248 281 126 krona
4103 1248 188 126 40
4197 1248 250 126 öre.
4322 1248 156 126 och

2623 1355 279 136 Ernst
2809 1355 341 136 Vilhelm
3057 1355 403 136 Sandberg:
3367 1355 217 136 att
3491 1355 217 136 han
3615 1355 279 136 några
3801 1355 310 136 gånger
4018 1355 186 136 af
4111 1355 279 136 Torén
4297 1355 279 136 blif¬

2633 1459 216 154 vit
2756 1459 308 154 bjuden
2972 1459 185 154 på
3065 1459 432 154 förtäring,
3404 1459 247 154 utan
3558 1459 216 154 att
3682 1459 308 154 Thorén
3897 1459 216 154 för
4021 1459 278 154 honom
4175 1459 339 154 uppgifvit

2639 1570 263 160 hvar
2803 1570 230 160 han
2935 1570 394 160 bekommit
3231 1570 460 160 penningar,
3592 1570 263 160 samt
3756 1570 230 160 att
3888 1570 230 160 han
4019 1570 164 160 i
4085 1570 394 160 sällskap
4348 1570 164 160 med

2624 1678 227 166 Nils
2766 1678 284 166 Gustaf
2964 1678 369 166 Andersson
3248 1678 199 166 den
3362 1678 142 166 9
3419 1678 284 166 sistl.
3618 1678 227 166 Mars
3760 1678 398 166 tillgripit
4072 1678 341 166 Janssons
4299 1678 199 166 port¬-

2629 1784 392 168 monnaie,
2924 1784 523 168 innehållande
3349 1784 164 168 2
3414 1784 229 168 öre
3545 1784 229 168 och
3676 1784 294 168 några
3872 1784 425 168 begagnade
4166 1784 360 168 frimärken

2621 1910 262 150 samt
2785 1910 557 150 sjöskumspipa,
3244 1910 230 150 men
3375 1910 230 150 att
3506 1910 230 150 han
3638 1910 295 150 dagen
3834 1910 393 150 derefter
4097 1910 393 150 återlemnat

2627 2074 389 103 desamma
2910 2074 177 103 i
2945 2074 673 103 Folkbibliotheket.

2830 2136 420 125 Andersson
3153 2136 226 125 har
3282 2136 452 125 återlemnat
3638 2136 194 125 En
3735 2136 291 125 Krona
3929 2136 226 125 och
4026 2136 452 125 Christensson

2643 2284 200 85 Två
2758 2284 286 85 Kronor
2958 2284 171 85 40
3015 2284 171 85 öre.

2841 2332 198 125 På
2940 2332 298 125 grund
3138 2332 198 125 af
3238 2332 264 125 hvad
3403 2332 364 125 sålunda
3667 2332 496 125 förekommit,
4064 2332 331 125 kommer
4263 2332 231 125 Albin

2627 2454 262 122 Georg
2801 2454 291 122 Thorén
3005 2454 204 122 att
3121 2454 262 122 denna
3296 2454 204 122 dag
3412 2454 204 122 för
3528 2454 204 122 PKn
3645 2454 407 122 inställas;
3964 2454 204 122 och
4081 2454 204 122 äro
4197 2454 233 122 Nils
4313 2454 233 122 Gustaf

2623 2569 436 124 Andersson,
2966 2569 312 124 Gustaf
3184 2569 405 124 Alexander
3495 2569 530 124 Christiansson
3931 2569 218 124 och
4056 2569 280 124 Ernst
4212 2569 280 124 Vilhelm

2614 2664 393 139 Sandberg,
2916 2664 363 139 äfvensom
3189 2664 363 139 samtlige
3461 2664 484 139 ynglingarnes
3854 2664 514 139 ofvanuppgifne
4248 2664 242 139 föräl¬-

2617 2770 245 135 drar
2771 2770 337 135 kallade
3016 2770 245 135 till
3169 2770 460 135 inställelse
3537 2770 215 135 att
3660 2770 307 135 dervid
3874 2770 215 135 sig
3997 2770 215 135 hos
4119 2770 215 135 PKn
4211 2770 307 135 infinna.

3118 2902 391 74 Göteborg
3411 2902 228 74 den
3542 2902 195 74 14
3639 2902 293 74 April
3802 2902 228 74 1880.

4553 2981 212 101 No
4623 2981 177 101 84.

4509 3116 248 98 Anders
4658 3116 272 98 Johansson

2712 2990 288 112 Sedan
2904 2990 352 112 rapport
3160 2990 224 112 den
3289 2990 192 112 13
3385 2990 320 112 dennes
3609 2990 256 112 till
3769 2990 224 112 Pkn
3897 2990 416 112 afgifvits
4186 2990 320 112 angående

2642 3096 482 128 Arbetskarlen
3033 3096 301 128 Anders
3244 3096 301 128 Gustaf
3455 3096 331 128 Kramer,
3695 3096 331 128 hvilken
3936 3096 211 128 den
4057 3096 181 128 10
4147 3096 181 128 ds
4207 3096 271 128 blifvit

2619 3216 352 130 anhållen
2883 3216 205 130 för
3000 3216 176 130 af
3088 3216 264 130 honom
3264 3216 352 130 föröfvat
3529 3216 382 130 tillgrepp
3822 3216 176 130 af
3910 3216 323 130 omkring
4145 3216 176 130 60
4233 3216 147 130 ℔
4263 3216 205 130 hafre

2601 3318 245 142 från
2754 3318 582 142 Grosshandlanden
3244 3318 184 142 J.
3336 3318 184 142 W.
3428 3318 306 142 Wilson
3642 3318 214 142 och
3765 3318 306 142 Kramer
3979 3318 214 142 vid
4101 3318 214 142 det
4224 3318 214 142 med
4316 3318 214 142 honom

2601 3438 355 136 anställda
2874 3438 273 136 förhör
3065 3438 383 136 uppgifvit,
3366 3438 191 136 att
3476 3438 437 136 arbetskarlen
3831 3438 273 136 Anders
4022 3438 383 136 Johansson,
4323 3438 273 136 boende

2592 3564 148 124 i
2652 3564 267 124 huset
2829 3564 178 124 No
2918 3564 207 124 106
3037 3564 237 124 Litt
3185 3564 296 124 A.B.C.
3392 3564 148 124 i
3452 3564 356 124 Majornas
3718 3564 237 124 3dje
3866 3564 237 124 rote
4014 3564 267 124 varit
4192 3564 356 124 delaktig
4429 3564 89 124 i

2598 3676 480 116 ifrågakomne
2982 3676 448 116 tillgrepp,
3334 3676 192 116 så
3430 3676 224 116 har
3558 3676 704 116 detektivkonstapeln
4166 3676 192 116 V.
4230 3676 224 116 Bruun
