4981 4044
489 206 153 134 i
551 206 275 134 huset
734 206 183 134 No
825 206 153 134 3
887 206 244 134 Litt
1039 206 183 134 C.
1131 206 183 134 C.
1222 206 153 134 i
1284 206 336 134 stadens
1528 206 183 134 11
1620 206 244 134 rote
1772 206 275 134 sagde
1955 206 214 134 dag
2078 206 153 134 i
2108 206 214 134 säll¬-

471 322 259 180 skap
633 322 227 180 med
762 322 324 180 Alfred
989 322 357 180 Larsson
1249 322 162 180 å
1314 322 454 180 åtskilliga
1671 322 389 180 värdshus
1962 322 357 180 intagit
2189 322 195 180 för¬-

498 437 341 134 täring,
746 437 310 134 dervid
963 437 279 134 denne
1149 437 341 134 blifvit
1397 437 186 134 af
1491 437 310 134 starka
1708 437 341 134 drycker
1956 437 372 134 berusad;
2204 437 155 134 att

475 548 394 116 Larsson,
771 548 296 116 under
968 548 230 116 det
1099 548 197 116 de
1198 548 427 116 innevarit
1526 548 164 116 i
1592 548 197 116 en
1690 548 164 116 i
1756 548 296 116 huset
1953 548 197 116 No
2051 548 164 116 1
2117 548 230 116 vid
2216 548 131 116 St

487 684 256 137 Eriks
657 684 227 137 torg
799 684 313 137 belägen
1026 684 796 137 nykterhetsvärdshuslokal,
1737 684 227 137 till
1879 684 369 137 Andersson
2163 684 142 137 i
2192 684 170 137 för¬-

477 766 221 167 var
604 766 316 167 lemnat
825 766 221 167 sin
951 766 505 167 portmonnaie,
1362 766 221 167 som
1488 766 189 167 då
1583 766 442 167 innehållit
1930 766 158 167 2
1993 766 221 167 Kr.
2119 766 189 167 75
2183 766 189 167 öre.

490 877 249 167 samt
645 877 218 167 att
770 877 218 167 han
894 877 187 167 af
988 877 280 167 dessa
1174 877 404 167 penningar
1485 877 342 167 användt
1734 877 187 167 En
1827 877 280 167 Krona
2014 877 187 167 25
2107 877 218 167 öre
2200 877 187 167 till

482 972 312 179 inköp
691 972 208 179 af
795 972 208 179 en
899 972 555 179 munharmonika
1350 972 243 179 och
1489 972 521 179 förskingrat
1905 972 243 179 det
2010 972 312 179 öfriga.

607 1061 521 175 Ofvannämnde
1024 1061 313 175 Elias
1233 1061 382 175 Larsson
1511 1061 243 175 och
1650 1061 278 175 Carl
1824 1061 417 175 Svensson
2102 1061 243 175 hafva

485 1188 379 158 upplyst,
770 1188 221 158 att
896 1188 189 158 de
991 1188 253 158 sett
1149 1188 189 158 då
1243 1188 347 158 Larsson
1496 1188 253 158 till
1654 1188 411 158 Andersson
1970 1188 316 158 lemnat
2159 1188 158 158 sin

494 1311 504 162 portmonnaie,
904 1311 347 162 hvarvid
1156 1311 410 162 Andersson
1472 1311 441 162 uppgifvit,
1818 1311 221 162 att
1944 1311 378 162 densamma
2196 1311 158 162 in¬-

496 1435 348 135 nehållit
757 1435 203 135 200
873 1435 232 135 öre;
1019 1435 203 135 att
1135 1435 261 135 efter
1309 1435 203 135 det
1425 1435 319 135 Larsson
1657 1435 145 135 å
1715 1435 377 135 Torggatan
2006 1435 290 135 skiljt
2180 1435 145 135 sig

478 1518 284 190 ifrån
668 1518 253 190 dem,
826 1518 411 190 Andersson
1142 1518 316 190 bjudit
1363 1518 190 190 på
1458 1518 379 190 bränvin;
1742 1518 253 190 samt
1900 1518 221 190 att
2026 1518 190 190 då
2121 1518 190 190 de
2184 1518 190 190 frå¬-

473 1628 223 187 gat
600 1628 414 187 Andersson
919 1628 191 187 om
1014 1628 223 187 han
1141 1628 318 187 betalt
1364 1628 414 187 bränvinet
1682 1628 223 187 med
1809 1628 382 187 Larssons
2064 1628 286 187 pennin¬-

490 1760 254 188 gar,
649 1760 285 188 denne
839 1760 349 188 svarat;
1092 1760 222 188 att
1219 1760 222 188 han
1346 1760 285 188 sjelf
1536 1760 254 188 egde
1663 1760 380 188 penningar.

590 1852 431 178 Målsegaren
929 1852 339 178 Larsson
1175 1852 216 178 har
1298 1852 154 178 i
1360 1852 216 178 dag
1483 1852 431 178 förklarat,
1822 1852 216 178 att
1945 1852 246 178 han,
2099 1852 216 178 som
2191 1852 154 178 vid

481 1967 454 195 ifrågakomne
844 1967 393 195 tillfälle
1146 1967 272 195 varit
1327 1967 181 195 af
1418 1967 302 195 starka
1630 1967 333 195 drycker
1872 1967 363 195 berusad,
2144 1967 181 195 nu
2204 1967 121 195 ej

480 2090 231 134 kan
612 2090 329 134 erinra
842 2090 231 134 sig
974 2090 198 134 om
1073 2090 231 134 han
1205 2090 264 134 till
1370 2090 428 134 Andersson
1699 2090 329 134 lemnat
1897 2090 461 134 portmonnaien

487 2196 217 192 att
611 2196 372 192 förvara;
890 2196 248 192 samt
1045 2196 217 192 att
1169 2196 217 192 han
1293 2196 310 192 afstår
1511 2196 248 192 från
1666 2196 248 192 alla
1790 2196 589 192 ansvarspåståenden

470 2340 276 135 mot
588 2340 472 135 Andersson.

621 2404 211 175 På
726 2404 316 175 grund
937 2404 211 175 af
1042 2404 281 175 hvad
1218 2404 386 175 sålunda
1499 2404 527 175 förekommit,
1921 2404 351 175 kommer
2131 2404 211 175 Carl

496 2518 305 180 Edvard
709 2518 396 180 Andersson
1014 2518 213 180 att
1135 2518 274 180 denna
1318 2518 213 180 dag
1440 2518 213 180 för
1562 2518 213 180 PKn
1684 2518 427 180 inställas,
2019 2518 183 180 då
2080 2518 244 180 Alfred

483 2631 359 201 Larsson
744 2631 196 201 är
842 2631 326 201 kallad
1070 2631 228 201 att
1201 2631 326 201 jemväl
1429 2631 391 201 närvara.
1722 2631 391 201 Göteborg
2016 2631 228 201 den
2146 2631 196 201 21
2212 2631 130 201 A¬-

486 2790 263 128 pril
618 2790 230 128 1880.

69 2883 309 132 No
172 2883 258 132 92.

49 3037 296 103 Johan
214 3037 263 103 Alfred

46 3119 296 145 Carlsson.

530 2876 646 153 Besättningskarlen
1084 2876 215 153 Ola
1207 2876 523 153 Christensson,
1637 2876 369 153 anställd
1914 2876 307 153 ombord
2129 2876 154 153 å
2160 2876 184 153 Ång¬-

506 2998 348 168 fartyget
767 2998 261 168 Södra
941 2998 348 168 Sverige,
1203 2998 203 168 har
1319 2998 203 168 den
1435 2998 174 168 11
1522 2998 290 168 dennes
1725 2998 319 168 anmält,
1958 2998 203 168 att
2045 2998 290 168 Fredagen

473 3115 225 182 den
601 3115 161 182 9
666 3115 354 182 dennes,
923 3115 289 182 under
1116 3115 225 182 det
1244 3115 354 182 berörde
1501 3115 321 182 fartyg
1726 3115 289 182 varit
1919 3115 193 182 på
2016 3115 257 182 resa
2144 3115 193 182 från

469 3218 439 189 Carlshamn
807 3218 236 189 hit
942 3218 270 189 till
1111 3218 372 189 staden,
1381 3218 338 189 ombord
1618 3218 169 189 i
1685 3218 372 189 skansen
1955 3218 270 189 från
2091 3218 236 189 honom

455 3344 448 185 tillgripits
813 3344 179 185 en
903 3344 388 185 stortröja
1202 3344 179 185 af
1291 3344 388 185 smånoppig
1590 3344 299 185 doffel
1799 3344 209 185 med
1918 3344 269 185 brunt
2067 3344 269 185 yllefo¬-

457 3446 235 195 der,
603 3446 235 195 värd
750 3446 176 195 10
838 3446 322 195 Kronor,
1072 3446 235 195 samt
1219 3446 205 195 att
1336 3446 205 195 han
1453 3446 205 195 för
1571 3446 264 195 detta
1746 3446 381 195 tillgrepp
2010 3446 352 195 misstänkte

439 3590 285 190 förre
629 3590 666 190 Besättningskarlen
1200 3590 285 190 Johan
1390 3590 317 190 Alfred
1612 3590 412 190 Carlsson,
1929 3590 222 190 som
2056 3590 158 190 i
2087 3590 254 190 Carls¬

2559 164 285 210 krona
2750 164 349 210 blifvit
3003 164 381 210 afskedad
3289 164 254 210 från
3447 164 222 210 sin
3574 164 285 210 plats
3765 164 317 210 ombord
3987 164 159 210 å
4050 164 285 210 Södra
4209 164 285 210 Svenge,

2581 296 223 187 men
2708 296 382 187 medföljt
2995 296 477 187 ångfartyget
3377 296 223 187 hit
3504 296 255 187 till
3663 296 318 187 staden
3886 296 223 187 som
3981 296 446 187 passagerare.

2675 441 168 142 I
2743 441 438 142 anledning
3080 441 303 142 häraf
3282 441 303 142 hafva
3484 441 809 142 detektivkonstaplarne
4192 441 202 142 V.
4259 441 236 142 Bruun

2582 536 211 168 och
2702 536 181 168 C.
2793 536 391 168 Hellström
3094 536 361 168 tisdagen
3364 536 211 168 den
3485 536 181 168 20
3575 536 181 168 ds
3665 536 301 168 ombord
3876 536 150 168 å
3936 536 451 168 ångfartyget
4267 536 211 168 "Pri¬-

2585 663 228 181 ma"
2716 663 391 181 anhållit
3009 663 359 181 bemälde
3270 663 293 181 Johan
3466 663 326 181 Alfred
3694 663 424 181 Carlsson,
4020 663 359 181 hvilken
4248 663 163 181 vid

2576 774 218 186 det
2701 774 218 186 med
2825 774 281 186 honom
3012 774 405 186 anställda
3324 774 312 186 förhör
3542 774 436 186 uppgifvit,
3885 774 218 186 att
4010 774 218 186 han
4134 774 281 186 någon
4290 774 156 186 dag

2575 910 153 121 i
2637 910 306 121 början
2851 910 184 121 af
2943 910 275 121 sist.
3126 910 245 121 Mars
3279 910 275 121 månad
3463 910 337 121 blifvit
3708 910 337 121 antagen
3953 910 214 121 som
4045 910 428 121 Besättnings¬-

2563 1013 218 190 karl
2699 1013 273 190 ombord
2890 1013 136 190 å
2945 1013 409 190 ångfartyget
3272 1013 273 190 "Södra
3463 1013 355 190 Sverige";
3736 1013 191 190 att
3845 1013 218 190 han,
3982 1013 246 190 efter
4145 1013 191 190 att
4254 1013 136 190 i
4282 1013 218 190 Carls¬-

2565 1113 273 207 krona
2746 1113 273 207 hafva
2928 1113 363 207 erhållit
3201 1113 303 207 afsked
3413 1113 242 207 från
3564 1113 212 207 sin
3685 1113 303 207 plats,
3897 1113 363 207 derifrån
4139 1113 303 207 medföljt

2579 1269 208 159 hit
2698 1269 238 159 till
2847 1269 297 159 staden
3054 1269 208 159 som
3173 1269 475 159 passagerare;
3559 1269 208 159 att
3678 1269 208 159 han
3797 1269 178 159 ej
3886 1269 267 159 tagit
4035 1269 445 159 Christenssons

2574 1360 431 177 stortröja,
2913 1360 246 177 utan
3067 1360 277 177 under
3251 1360 277 177 resan
3436 1360 185 177 af
3528 1360 492 177 Christensson
3928 1360 246 177 fått
4082 1360 246 177 låna
4205 1360 277 177 densam¬-

2570 1473 190 199 na
2665 1473 285 199 jemte
2855 1473 221 199 ett
2982 1473 221 199 par
3108 1473 316 199 byxor,
3330 1473 253 199 väst
3488 1473 221 199 och
3614 1473 506 199 yllehalsduk;
4026 1473 221 199 att
4152 1473 253 199 han,
4279 1473 158 199 som

2573 1593 249 227 haft
2728 1593 217 227 för
2853 1593 311 227 afsigt
3070 1593 217 227 att
3194 1593 404 227 återlemna
3505 1593 217 227 det
3629 1593 311 227 lånta,
3847 1593 217 227 men
3971 1593 186 227 ej
4064 1593 249 227 haft
4189 1593 217 227 något

2580 1703 237 182 till
2728 1703 237 182 sitt
2876 1703 414 182 uppehälle,
3201 1703 207 182 den
3320 1703 177 182 13
3408 1703 296 182 dennes
3615 1703 355 182 pantsatt
3881 1703 414 182 stortröjan
4206 1703 207 182 för
4295 1703 148 182 Två

2593 1816 308 194 Kronor
2809 1816 216 194 och
2932 1816 216 194 den
3056 1816 185 194 14
3148 1816 308 194 dennes
3364 1816 524 194 yllehalsduken
3796 1816 216 194 för
3920 1816 185 194 75
4012 1816 216 194 öre
4136 1816 216 194 hos
4228 1816 216 194 Pant¬-

2572 1925 359 230 lånaren
2834 1925 196 230 J.
2931 1925 326 230 Olsson
3160 1925 163 230 i
3225 1925 294 230 huset
3421 1925 196 230 No
3519 1925 163 230 4
3584 1925 229 230 vid
3715 1925 261 230 Öfra
3878 1925 490 230 Husargatan;
4237 1925 196 230 samt

2579 2039 223 235 att
2707 2039 223 235 han
2834 2039 223 235 den
2962 2039 191 235 19
3057 2039 319 235 dennes
3281 2039 383 235 mönstrat
3568 2039 319 235 ombord
3791 2039 159 235 å
3854 2039 478 235 ångfartyget
4205 2039 319 235 "Prima".

2668 2179 428 201 Målsegaren
3005 2179 489 201 Christensson
3402 2179 214 201 här
3524 2179 428 201 medgifvit,
3861 2179 214 201 att
3983 2179 214 201 han
4105 2179 245 201 till
4227 2179 245 201 Carls¬-

2597 2270 224 219 son
2725 2270 288 219 lånat
2917 2270 384 219 byxorna,
3205 2270 320 219 västen
3429 2270 224 219 och
3557 2270 576 219 yllehalsduken,
4036 2270 224 219 men
4132 2270 352 219 förnekar,

2583 2422 239 173 att
2719 2422 239 173 han
2856 2422 307 173 lånat
3061 2422 307 173 honom
3231 2422 444 173 stortröjan.

2794 2483 209 190 Vid
2914 2483 358 190 anställd
3182 2483 477 190 undersökning
3570 2483 298 190 ombord
3779 2483 149 190 å
3838 2483 358 190 "Prima",
4107 2483 269 190 fanns
4256 2483 209 190 bland

2562 2602 386 217 Carlssons
2859 2602 534 217 tillhörigheter
3305 2602 178 217 en
3394 2602 208 217 grå
3512 2602 386 217 hästfilt,
3809 2602 178 217 om
3898 2602 327 217 åtkomst
4106 2602 297 217 hvartill

2590 2744 367 209 Carlsson
2866 2744 367 209 vidgått,
3141 2744 214 209 att
3263 2744 214 209 han
3385 2744 214 209 den
3508 2744 183 209 19
3599 2744 306 209 dennes
3813 2744 183 209 på
3905 2744 336 209 aftonen
4150 2744 306 209 ingått
4333 2744 92 209 i

2581 2854 473 186 Droskegaren
2960 2854 284 186 Oskar
3150 2854 442 186 Anderssons
3497 2854 284 186 stall
3686 2854 158 186 i
3749 2854 284 186 huset
3938 2854 189 186 No
4033 2854 189 186 23
4128 2854 221 186 vid
4223 2854 252 186 Husar¬-

2590 2937 285 236 gatan,
2789 2937 342 236 hvartill
3045 2937 285 236 dörren
3244 2937 256 236 stått
3415 2937 285 236 öppen,
3614 2937 199 236 och
3728 2937 199 236 der
3842 2937 398 236 tillgripit
4126 2937 342 236 hästfilten

2586 3097 365 174 hvilken
2851 3097 232 174 han
2984 3097 398 174 medtagit
3249 3097 299 174 ombord.

2705 3190 488 191 Droskegaren
3096 3190 293 191 Oskar
3291 3190 455 191 Andersson,
3648 3190 325 191 boende
3876 3190 163 191 i
3941 3190 293 191 huset
4136 3190 195 191 No
4233 3190 195 191 23
4298 3190 163 191 vid

2589 3316 470 183 Husargatan
2959 3316 235 183 har
3093 3316 336 183 anmält
3328 3316 235 183 sig
3463 3316 235 183 som
3597 3316 302 183 egare
3799 3316 269 183 till
3967 3316 370 183 filten,
4202 3316 235 183 under

2593 3413 387 195 uppgift,
2883 3413 225 195 att
3012 3413 225 195 den
3140 3413 258 195 vore
3301 3413 258 195 värd
3462 3413 225 195 Två
3559 3413 290 195 Kronor.

2703 3533 325 128 Filten
2930 3533 228 128 har
3060 3533 358 128 blifvit
3320 3533 260 128 till
3483 3533 325 128 egaren
3678 3533 423 128 återlemnad.

2670 3614 222 181 Det
2797 3614 317 181 skulle
3019 3614 444 181 antecknas,
3368 3614 222 181 att
3495 3614 254 181 Rådh
3653 3614 190 181 Rn
3749 3614 159 181 i
3812 3614 444 181 skrifvelse
4161 3614 222 181 den
4288 3614 190 181 17
4351 3614 127 181 ds
