4956 4078
457 216 286 183 från
636 216 393 183 Olsson:
922 216 214 183 en
1029 216 536 183 portmonnaie
1457 216 214 183 af
1564 216 429 183 rödbrunt
1886 216 357 183 skinn,
2100 216 250 183 inne¬-

466 369 368 165 hållande
742 369 184 165 10
834 369 306 165 Kronor
1048 369 184 165 50
1140 369 245 165 öre,
1293 369 245 165 samt
1447 369 214 165 att
1569 369 245 165 alla
1722 369 276 165 dessa
1906 369 276 165 saker
2059 369 337 165 förvarats

464 467 165 171 i
530 467 297 171 låsta
728 467 595 171 vindsskrubbar,
1224 467 231 171 som
1356 467 496 171 uppbrutits;
1753 467 430 171 hvarjemte
2051 467 297 171 Olssons

472 593 488 132 portmonnaie
863 593 293 132 legat
1058 593 163 132 i
1123 593 195 132 en
1221 593 325 132 kista,
1448 593 293 132 hvars
1644 593 228 132 lås
1741 593 423 132 lösbrutits;

459 658 196 189 2o
557 658 587 189 Tjensteflickan
1047 658 359 189 Augusta
1308 658 489 189 Wohlbrecht,
1699 658 163 189 i
1764 658 326 189 tjenst
1993 658 228 189 hos
2091 658 326 189 Handlan¬-

469 789 246 167 den
610 789 457 167 Mellgren,
961 789 352 167 boende
1207 789 176 167 i
1278 789 317 167 huset
1489 789 211 167 No
1594 789 176 167 1
1665 789 246 167 vid
1770 789 563 167 Landsvägsgatan

479 904 222 159 att
606 904 222 159 vid
733 904 285 159 något
923 904 412 159 tillfälle
1239 904 158 159 i
1302 904 317 159 slutet
1524 904 190 159 af
1619 904 285 159 sist.
1809 904 285 159 April
1999 904 253 159 från
2125 904 222 159 henne

463 993 477 160 tillgripits
845 993 222 160 ett
972 993 222 160 par
1099 993 699 160 fruntimmerspjexor,
1702 993 286 160 värde
1893 993 159 160 4
1957 993 350 160 Kronor,
2179 993 159 160 ett

461 1131 219 155 par
586 1131 438 155 tygkänger,
930 1131 282 155 värde
1118 1131 157 155 4
1181 1131 313 155 Kronor
1400 1131 250 155 samt
1556 1131 188 155 en
1650 1131 376 155 yllekjol
1932 1131 219 155 och
2057 1131 219 155 två
2151 1131 219 155 ylle¬-

457 1226 337 175 tröjor,
702 1226 276 175 värde
886 1226 153 175 2
947 1226 337 175 Kronor;
1192 1226 214 175 att
1315 1226 276 175 dessa
1498 1226 398 175 persedlar
1805 1226 398 175 förvarats
2111 1226 153 175 i
2172 1226 184 175 en
2233 1226 184 175 låst

470 1329 315 145 kista,
691 1329 221 145 som
817 1329 284 145 stått
1006 1329 158 145 å
1069 1329 189 145 en
1164 1329 410 145 likaledes
1479 1329 252 145 låst
1637 1329 252 145 vind
1795 1329 158 145 i
1858 1329 315 145 hennes
2047 1329 315 145 dåvaran¬-

486 1439 199 171 de
585 1439 332 171 bostad
818 1439 166 171 i
884 1439 299 171 huset
1083 1439 199 171 No
1183 1439 232 171 109
1315 1439 265 171 Litt
1481 1439 199 171 B.
1581 1439 166 171 å
1647 1439 465 171 Hagaheden,
2012 1439 265 171 samt
2145 1439 166 171 att

486 1578 213 167 vid
607 1578 488 167 tillgreppets
1004 1578 427 167 föröfvande
1339 1578 183 167 en
1431 1578 274 167 bräda
1614 1578 244 167 till
1766 1578 518 167 vindsskrubben
2163 1578 213 167 blif¬-

425 1686 192 148 vit

596 1673 227 83 från¬-

741 1669 324 158 bruten
968 1669 227 158 och
1097 1669 324 158 kistan
1325 1669 552 158 sönderslagen;
1746 1669 195 158 samt

470 1772 204 178 3o
572 1772 374 178 Hustrun
844 1772 442 178 Christina
1185 1772 442 178 Sandholm,
1525 1772 340 178 boende
1763 1772 170 178 i
1831 1772 477 178 sistnämnde
2172 1772 204 178 hus,

465 1926 218 154 att
590 1926 156 154 i
652 1926 312 154 slutet
870 1926 187 154 af
964 1926 406 154 sistlidne
1276 1926 281 154 April
1463 1926 250 154 från
1619 1926 281 154 henne
1806 1926 468 154 tillgripits
2181 1926 156 154 4
2212 1926 156 154 st.

473 2024 472 115 lampbrickor
850 2024 220 115 och
976 2024 189 115 en
1070 2024 220 115 del
1196 2024 566 115 toilettesaker,
1668 2024 472 115 tillsammans
2045 2024 283 115 värde
2203 2024 157 115 Tio

471 2120 322 148 Kronor
696 2120 225 148 och
825 2120 225 148 som
954 2120 290 148 varit
1147 2120 419 148 förvarade
1469 2120 161 148 i
1534 2120 225 148 ett
1663 2120 290 148 olåst
1856 2120 322 148 skrin,
2049 2120 290 148 stående

468 2227 163 161 å
534 2227 326 161 vinden
762 2227 424 161 derstädes
1055 2227 98 161 .

596 2299 222 197 För
723 2299 286 197 dessa
914 2299 413 197 tillgrepp
1231 2299 286 197 hafva
1422 2299 762 197 detektivkonstaplarne
2088 2299 190 197 E.
2152 2299 222 197 Hell¬-

471 2429 279 158 ström
657 2429 217 158 och
781 2429 186 158 C.
873 2429 402 158 Hellström
1183 2429 217 158 den
1307 2429 155 158 9
1369 2429 310 158 dennes
1585 2429 371 158 anhållit
1864 2429 464 158 ynglingarne
2204 2429 155 158 Jo¬-

471 2544 226 122 han
600 2544 323 122 Anders
826 2544 420 122 Svensson,
1150 2544 259 122 född
1311 2544 226 122 den
1441 2544 162 122 4
1505 2544 259 122 Juni
1667 2544 259 122 1865
1829 2544 226 122 och
1958 2544 259 122 Carl
2087 2544 259 122 Pontus

462 2620 413 192 Svensson,
780 2620 254 192 född
939 2620 223 192 den
1066 2620 159 192 2
1130 2620 223 192 Maj
1257 2620 286 192 1868,
1448 2620 254 192 båda
1607 2620 286 192 söner
1797 2620 191 192 af
1861 2620 445 192 Månadskarlen

465 2722 252 159 Sven
622 2722 409 159 Svensson,
936 2722 314 159 boende
1156 2722 157 159 i
1219 2722 283 159 huset
1408 2722 189 159 No
1502 2722 220 159 112
1628 2722 252 159 Litt
1785 2722 220 159 A.,
1911 2722 283 159 Georg
2068 2722 283 159 Leopold

471 2833 283 201 Grén,
659 2833 252 201 född
817 2833 220 201 den
943 2833 157 201 6
1006 2833 252 201 Juli
1163 2833 252 201 1870
1321 2833 220 201 och
1447 2833 220 201 son
1573 2833 189 201 af
1667 2833 283 201 Enkan
1856 2833 409 201 Christina
2140 2833 220 201 Maria

453 2924 298 221 Gren,
652 2924 332 221 boende
884 2924 166 221 i
950 2924 298 221 huset
1149 2924 199 221 No
1249 2924 232 221 110
1381 2924 265 221 Litt
1547 2924 166 221 A
1614 2924 265 221 samt
1779 2924 265 221 Carl
1912 2924 398 221 Johansson,

457 3011 244 236 född
609 3011 244 236 1871
761 3011 213 236 och
883 3011 213 236 son
1005 3011 183 236 af
1097 3011 274 236 enkan
1279 3011 244 236 Anna
1432 3011 274 236 Brita
1615 3011 427 236 Johansson,
1950 3011 305 236 boende
2163 3011 152 236 i
2194 3011 152 236 hu¬-

463 3137 210 201 set
583 3137 180 201 No
673 3137 210 201 113
793 3137 240 201 Litt
943 3137 150 201 B
1003 3137 150 201 i
1063 3137 330 201 stadens
1303 3137 240 201 12te
1454 3137 270 201 rote,
1634 3137 300 201 hvilka
1844 3137 210 201 vid
1964 3137 210 201 det
2084 3137 210 201 med
2174 3137 150 201 dem

456 3254 467 182 anställde
815 3254 359 182 förhör
1067 3254 683 182 sammanstämmande
1642 3254 503 182 uppgifvit,
2037 3254 251 182 att
2144 3254 216 182 Carl

467 3375 297 173 Pontus
675 3375 356 173 Svensson
942 3375 208 173 och
1061 3375 386 173 Johansson
1358 3375 267 173 någon
1536 3375 208 173 dag
1655 3375 148 173 i
1715 3375 297 173 slutet
1923 3375 178 173 af
2012 3375 267 173 sist.
2160 3375 208 173 April

436 3468 163 209 å
502 3468 326 209 vinden
730 3468 261 209 till
893 3468 294 209 huset
1089 3468 196 209 No
1187 3468 229 209 109
1318 3468 261 209 Litt
1481 3468 163 209 B
1546 3468 163 209 å
1612 3468 424 209 Hagaheden
1938 3468 392 209 lösryckt
2199 3468 131 209 en

455 3583 274 190 bräda
637 3583 243 190 till
789 3583 183 190 en
880 3583 487 190 afskrankning
1276 3583 426 190 derstädes,
1610 3583 395 190 hvarefter
1915 3583 183 190 de
2006 3583 152 190 i
2036 3583 274 190 berörde

2580 200 547 189 afskrankning
3024 200 239 189 med
3161 200 205 189 en
3264 200 376 189 jernbit
3537 200 445 189 uppbrutit
3879 200 205 189 en
3982 200 239 189 der
4119 200 376 189 stående
4358 200 171 189 ki¬-

2531 330 247 198 sta
2672 330 247 198 och
2813 330 212 198 ur
2919 330 424 198 densamma
3237 330 495 198 tillgripit
3626 330 283 198 fyra
3802 330 530 198 lampbrickor
4226 330 247 198 och
4332 330 177 198 nå¬-

2585 432 224 210 gra
2713 432 576 210 toilettesaker;
3193 432 224 210 att
3321 432 192 210 de
3417 432 224 210 vid
3545 432 288 210 samma
3736 432 416 210 tillfälle
4024 432 448 210 sönderbrutit

2578 553 200 160 en
2678 553 300 160 annan
2878 553 300 160 kista
3078 553 233 160 som
3211 553 467 160 innehållit
3578 553 334 160 skodon
3812 553 233 160 och
3912 553 600 160 klädespersedlar,

2577 685 305 178 hvaraf
2790 685 183 178 de
2881 685 244 178 dock
3034 685 183 178 ej
3125 685 274 178 tagit
3308 685 305 178 något;
3521 685 213 178 att
3643 685 183 178 de
3735 685 274 178 dagen
3917 685 366 178 derefter
4161 685 305 178 tillsam¬-

2571 777 286 182 mans
2750 777 251 182 med
2893 777 322 182 Johan
3108 777 358 182 Anders
3359 777 429 182 Svensson
3681 777 251 182 och
3824 777 286 182 Gren
4003 777 179 182 å
4074 777 251 182 nyo
4217 777 179 182 å
4253 777 215 182 sam¬-

2577 879 186 174 ma
2670 879 247 174 vind
2825 879 433 174 tillgripit
3165 879 433 174 åtskillige
3505 879 557 174 toilettesaker,
3969 879 217 174 som
4093 879 186 174 de
4155 879 309 174 bortgif¬-

2587 1024 236 151 vit
2722 1024 236 151 och
2857 1024 270 151 sålt
3026 1024 270 151 till
3195 1024 304 151 olika
3398 1024 439 151 personer;
3735 1024 236 151 att
3870 1024 236 151 vid
4005 1024 304 151 samma
4208 1024 236 151 tid
4309 1024 203 151 Carl

2573 1129 339 166 Pontus
2810 1129 407 166 Svensson
3115 1129 237 166 och
3251 1129 440 166 Johansson
3589 1129 339 166 ingått
3827 1129 169 166 å
3894 1129 339 166 vinden
4131 1129 271 166 till
4267 1129 237 166 huset

2577 1226 208 178 No
2681 1226 208 178 10
2786 1226 243 178 vid
2925 1226 278 178 Öfra
3098 1226 625 178 Magazinsgatan,
3619 1226 313 178 under
3828 1226 243 178 det
3967 1226 313 178 Johan
4140 1226 313 178 Anders¬-

2585 1323 369 216 Svensson
2862 1323 307 216 väntat
3077 1323 369 216 utanför,
3353 1323 215 216 och
3476 1323 215 216 der
3599 1323 369 216 klättrat
3876 1323 276 216 öfver
4060 1323 215 216 den
4152 1323 338 216 afskrank¬-

2583 1429 284 253 ning,
2773 1429 347 253 hvarmed
3026 1429 316 253 vinden
3247 1429 221 253 var
3373 1429 411 253 afstängd;
3689 1429 221 253 att
3815 1429 190 253 de
3910 1429 221 253 der
4005 1429 442 253 sönderbrutit

2574 1542 199 222 en
2673 1542 432 222 ljuskrona
3005 1542 199 222 af
3105 1542 365 222 messing
3371 1542 232 222 och
3503 1542 398 222 medtagit
3802 1542 465 222 messingen,
4167 1542 232 222 som
4267 1542 199 222 vägt

2590 1665 351 201 omkring
2845 1665 223 201 sju
2973 1665 415 201 skålpund,
3292 1665 223 201 och
3419 1665 351 201 hvilken
3675 1665 191 201 de
3770 1665 319 201 genast
3994 1665 255 201 sålt
4153 1665 255 201 till
4281 1665 223 201 Lump¬-

2590 1799 426 176 handlanden
2924 1799 183 176 C.
3016 1799 183 176 E.
3107 1799 487 176 Christensson
3503 1799 152 176 i
3564 1799 274 176 huset
3746 1799 183 176 No
3838 1799 183 176 32
3929 1799 213 176 vid
4051 1799 396 176 Sillgatan
4325 1799 152 176 för

2580 1882 192 214 En
2676 1882 288 214 Krona
2868 1882 192 214 40
2964 1882 256 214 öre,
3125 1882 224 214 som
3253 1882 192 214 de
3349 1882 224 214 sig
3477 1882 352 214 emellan
3733 1882 416 214 fördelat;
4054 1882 224 214 att
4182 1882 192 214 de
4246 1882 224 214 några

2573 2027 297 207 dagar
2771 2027 395 207 derefter
3067 2027 264 207 åter
3232 2027 165 207 å
3298 2027 297 207 samma
3496 2027 264 207 vind
3660 2027 395 207 klättrat
3957 2027 297 207 öfver
4122 2027 362 207 afskrank¬-

2580 2122 316 228 ningen
2802 2122 222 228 och
2928 2122 443 228 tillgripit
3277 2122 348 228 sylten,
3530 2122 348 228 keksen,
3783 2122 380 228 nötterna
4068 2122 222 228 och
4163 2122 316 228 portmon¬-

2585 2246 304 207 naien,
2797 2246 213 207 som
2919 2246 273 207 legat
3101 2246 152 207 i
3161 2246 182 207 en
3253 2246 273 207 olåst
3435 2246 273 207 kista
3617 2246 213 207 och
3738 2246 425 207 innehållit
4072 2246 182 207 10
4163 2246 182 207 Kr
4254 2246 182 207 50
4315 2246 152 207 öre

2576 2363 251 215 samt
2733 2363 220 215 att
2858 2363 188 215 de
2952 2363 283 215 jemte
3141 2363 283 215 Johan
3329 2363 314 215 Anders
3549 2363 408 215 Svensson,
3863 2363 220 215 som
3989 2363 283 215 äfven
4177 2363 188 215 då
4240 2363 251 215 väntat

2572 2492 356 221 utanför
2831 2492 194 221 på
2928 2492 324 221 gatan,
3155 2492 227 221 sig
3284 2492 356 221 emellan
3543 2492 389 221 fördelat
3835 2492 194 221 de
3932 2492 453 221 tillgripne
4256 2492 194 221 pen¬-

2588 2657 422 169 ningarne
2904 2657 246 169 och
3009 2657 457 169 matvarorna.

2726 2728 207 180 På
2830 2728 311 180 grund
3037 2728 207 180 af
3141 2728 276 180 hvad
3314 2728 380 180 sålunda
3590 2728 518 180 förekommit,
4005 2728 311 180 komma
4177 2728 242 180 Johan

2577 2812 308 237 Anders
2793 2812 400 237 Svensson,
3100 2812 246 237 Carl
3254 2812 308 237 Pontus
3469 2812 369 237 Svensson
3746 2812 215 237 och
3869 2812 246 237 Carl
4023 2812 400 237 Johansson
4300 2812 154 237 att

2581 2971 279 205 denna
2767 2971 217 205 dag
2891 2971 217 205 för
3016 2971 217 205 PKn
3140 2971 435 205 inställas;
3481 2971 217 205 och
3606 2971 217 205 äro
3730 2971 186 205 ej
3823 2971 311 205 mindre
4040 2971 279 205 Georg
4196 2971 279 205 Leopold

2575 3079 290 206 Gren,
2768 3079 194 206 än
2865 3079 290 206 äfven
3059 3079 258 206 Sven
3220 3079 387 206 Svensson
3510 3079 258 206 samt
3672 3079 355 206 enkorna
3930 3079 419 206 Christina
4220 3079 226 206 Maria

2573 3210 237 203 Gren
2722 3210 208 203 och
2840 3210 237 203 Anna
2989 3210 267 203 Brita
3167 3210 386 203 Johansson
3463 3210 326 203 kallade
3701 3210 208 203 att
3820 3210 297 203 dervid
4027 3210 297 203 jemväl
4205 3210 297 203 närvara.

2920 3351 390 182 Göteborg
3212 3351 227 182 den
3342 3351 195 182 11
3439 3351 227 182 Maj
3537 3351 227 182 1880.

4453 3410 249 117 No
4535 3410 249 117 110.

4442 3496 254 155 Peter
4583 3496 254 155 Persson

4437 3612 178 149 och
4538 3612 204 149 Johs
4640 3612 204 149 Olsson

2674 3436 316 173 Efter
2885 3436 387 173 anmälan
3166 3436 211 173 af
3272 3436 633 173 Lumphandlanden
3799 3436 211 173 A.
3905 3436 492 173 Andersson,
4256 3436 176 173 som

2578 3557 225 155 har
2706 3557 257 155 sitt
2867 3557 482 155 lumpmagasin
3252 3557 161 155 i
3316 3557 289 155 huset
3509 3557 193 155 No
3605 3557 161 155 7
3669 3557 225 155 vid
3798 3557 610 155 Landsvägsgatan,
4279 3557 161 155 har

2576 3668 558 157 Poliskonstapeln
3046 3668 176 157 No
3134 3668 176 157 90
3222 3668 323 157 Nilsson
3457 3668 147 157 i
3516 3668 206 157 dag
3633 3668 176 157 kl
3721 3668 206 157 1/2
3839 3668 147 157 9
3897 3668 235 157 f.m.
4044 3668 352 157 anhållit
4279 3668 147 157 ar¬
