<?xml version="1.0" encoding="UTF-8"?>
<alto xmlns:xsi="http://www.w3.org/2001/XMLSchema-instance"
      xmlns="http://www.loc.gov/standards/alto/ns-v4#"
      xmlns:page="http://schema.primaresearch.org/PAGE/gts/pagecontent/2013-07-15"
      xsi:schemaLocation="http://www.loc.gov/standards/alto/ns-v4# https://www.loc.gov/standards/alto/v4/alto.xsd">
   <Description>
      <MeasurementUnit>pixel</MeasurementUnit>
      <OCRProcessing ID="IdOcr">
         <ocrProcessingStep>
            <processingDateTime>2022-11-18T16:09:49.042+01:00</processingDateTime>
            <processingSoftware>
               <softwareCreator>READ COOP</softwareCreator>
               <softwareName>Transkribus</softwareName>
            </processingSoftware>
         </ocrProcessingStep>
      </OCRProcessing>
   </Description>
   <Tags/>
   <Layout>
      <Page ID="Page1" PHYSICAL_IMG_NR="1" HEIGHT="4063" WIDTH="5110">
         <TopMargin HEIGHT="0" WIDTH="5110" VPOS="0" HPOS="0"/>
         <LeftMargin HEIGHT="4063" WIDTH="0" VPOS="0" HPOS="0"/>
         <RightMargin HEIGHT="4063" WIDTH="0" VPOS="0" HPOS="5110"/>
         <BottomMargin HEIGHT="0" WIDTH="5110" VPOS="4063" HPOS="0"/>
         <PrintSpace HEIGHT="4063" WIDTH="5110" VPOS="0" HPOS="0">
            <TextBlock ID="r1" HEIGHT="3555" WIDTH="1916" VPOS="253" HPOS="516">
               <Shape>
                  <Polygon POINTS="516,253 516,3808 2432,3808 2432,253"/>
               </Shape>
               <TextLine ID="r1l1"
                         BASELINE="556,304 645,302 734,302 823,302 912,300 1002,300 1091,298 1180,298 1269,298 1358,298 1448,298 1537,298 1626,298 1715,298 1804,300 1894,300 1983,302 2072,304 2161,308 2250,310 2340,314"
                         HEIGHT="83"
                         WIDTH="1784"
                         VPOS="253"
                         HPOS="556">
                  <String HEIGHT="83"
                          WIDTH="714"
                          VPOS="253"
                          HPOS="505"
                          CONTENT="Jakobsson,"/>
                  <SP HEIGHT="83" WIDTH="51" VPOS="253" HPOS="1219"/>
                  <String HEIGHT="83"
                          WIDTH="561"
                          VPOS="253"
                          HPOS="1066"
                          CONTENT="hvilken"/>
                  <SP HEIGHT="83" WIDTH="51" VPOS="253" HPOS="1626"/>
                  <String HEIGHT="83"
                          WIDTH="765"
                          VPOS="253"
                          HPOS="1473"
                          CONTENT="sistberörde"/>
                  <SP HEIGHT="83" WIDTH="51" VPOS="253" HPOS="2238"/>
                  <String HEIGHT="83"
                          WIDTH="357"
                          VPOS="253"
                          HPOS="2085"
                          CONTENT="dag"/>
                  <SP HEIGHT="83" WIDTH="51" VPOS="253" HPOS="2442"/>
                  <String HEIGHT="83" WIDTH="102" VPOS="253" HPOS="2238" CONTENT=""/>
               </TextLine>
               <TextLine ID="r1l2"
                         BASELINE="564,396 653,396 743,396 833,396 922,396 1012,398 1102,398 1191,400 1281,400 1371,400 1461,402 1550,402 1640,404 1730,404 1819,406 1909,406 1999,406 2088,408 2178,408 2268,408 2358,408"
                         HEIGHT="79"
                         WIDTH="1794"
                         VPOS="351"
                         HPOS="564">
                  <String HEIGHT="79"
                          WIDTH="666"
                          VPOS="351"
                          HPOS="513"
                          CONTENT="innevarit"/>
                  <SP HEIGHT="79" WIDTH="51" VPOS="351" HPOS="1179"/>
                  <String HEIGHT="79" WIDTH="256" VPOS="351" HPOS="1025" CONTENT="i"/>
                  <SP HEIGHT="79" WIDTH="51" VPOS="351" HPOS="1282"/>
                  <String HEIGHT="79"
                          WIDTH="615"
                          VPOS="351"
                          HPOS="1128"
                          CONTENT="Beckmans"/>
                  <SP HEIGHT="79" WIDTH="51" VPOS="351" HPOS="1743"/>
                  <String HEIGHT="79"
                          WIDTH="513"
                          VPOS="351"
                          HPOS="1589"
                          CONTENT="bostad"/>
                  <SP HEIGHT="79" WIDTH="51" VPOS="351" HPOS="2102"/>
                  <String HEIGHT="79"
                          WIDTH="359"
                          VPOS="351"
                          HPOS="1948"
                          CONTENT="för"/>
                  <SP HEIGHT="79" WIDTH="51" VPOS="351" HPOS="2307"/>
                  <String HEIGHT="79"
                          WIDTH="256"
                          VPOS="351"
                          HPOS="2102"
                          CONTENT="att"/>
               </TextLine>
               <TextLine ID="r1l3"
                         BASELINE="566,504 650,502 734,502 818,502 902,502 986,502 1070,502 1154,504 1238,504 1322,504 1407,506 1491,506 1575,508 1659,508 1743,508 1827,508 1911,508 1995,508 2079,508 2163,507 2248,506"
                         HEIGHT="78"
                         WIDTH="1682"
                         VPOS="454"
                         HPOS="566">
                  <String HEIGHT="78" WIDTH="336" VPOS="454" HPOS="510" CONTENT="åt"/>
                  <SP HEIGHT="78" WIDTH="56" VPOS="454" HPOS="846"/>
                  <String HEIGHT="78"
                          WIDTH="505"
                          VPOS="454"
                          HPOS="678"
                          CONTENT="henne"/>
                  <SP HEIGHT="78" WIDTH="56" VPOS="454" HPOS="1183"/>
                  <String HEIGHT="78"
                          WIDTH="673"
                          VPOS="454"
                          HPOS="1015"
                          CONTENT="reparera"/>
                  <SP HEIGHT="78" WIDTH="56" VPOS="454" HPOS="1687"/>
                  <String HEIGHT="78" WIDTH="336" VPOS="454" HPOS="1519" CONTENT="en"/>
                  <SP HEIGHT="78" WIDTH="56" VPOS="454" HPOS="1856"/>
                  <String HEIGHT="78"
                          WIDTH="617"
                          VPOS="454"
                          HPOS="1631"
                          CONTENT="symaskin,"/>
               </TextLine>
               <TextLine ID="r1l4"
                         BASELINE="584,610 658,610 733,610 808,610 883,612 958,612 1032,612 1107,612 1182,612 1257,614 1332,614 1406,614 1481,614 1556,614 1631,614 1706,614 1780,614 1855,614 1930,614 2005,614 2080,614"
                         HEIGHT="76"
                         WIDTH="1496"
                         VPOS="562"
                         HPOS="584">
                  <String HEIGHT="76"
                          WIDTH="671"
                          VPOS="562"
                          HPOS="532"
                          CONTENT="hvarefter"/>
                  <SP HEIGHT="76" WIDTH="52" VPOS="562" HPOS="1203"/>
                  <String HEIGHT="76"
                          WIDTH="722"
                          VPOS="562"
                          HPOS="1048"
                          CONTENT="pincenezen"/>
                  <SP HEIGHT="76" WIDTH="52" VPOS="562" HPOS="1770"/>
                  <String HEIGHT="76"
                          WIDTH="516"
                          VPOS="562"
                          HPOS="1564"
                          CONTENT="saknats."/>
               </TextLine>
               <TextLine ID="r1l5"
                         BASELINE="632,722 719,724 806,724 893,724 980,726 1067,726 1154,726 1241,726 1328,726 1415,726 1502,726 1589,726 1676,726 1763,726 1850,726 1937,726 2024,726 2111,726 2198,726 2285,726 2372,726"
                         HEIGHT="76"
                         WIDTH="1740"
                         VPOS="674"
                         HPOS="632">
                  <String HEIGHT="76"
                          WIDTH="447"
                          VPOS="674"
                          HPOS="582"
                          CONTENT="Sedan"/>
                  <SP HEIGHT="76" WIDTH="50" VPOS="674" HPOS="1030"/>
                  <String HEIGHT="76"
                          WIDTH="696"
                          VPOS="674"
                          HPOS="881"
                          CONTENT="pincenezen"/>
                  <SP HEIGHT="76" WIDTH="50" VPOS="674" HPOS="1577"/>
                  <String HEIGHT="76"
                          WIDTH="348"
                          VPOS="674"
                          HPOS="1427"
                          CONTENT="den"/>
                  <SP HEIGHT="76" WIDTH="50" VPOS="674" HPOS="1775"/>
                  <String HEIGHT="76" WIDTH="298" VPOS="674" HPOS="1626" CONTENT="27"/>
                  <SP HEIGHT="76" WIDTH="50" VPOS="674" HPOS="1925"/>
                  <String HEIGHT="76"
                          WIDTH="497"
                          VPOS="674"
                          HPOS="1775"
                          CONTENT="sistl."/>
                  <SP HEIGHT="76" WIDTH="50" VPOS="674" HPOS="2273"/>
                  <String HEIGHT="76"
                          WIDTH="348"
                          VPOS="674"
                          HPOS="2123"
                          CONTENT="Ja¬"/>
                  <SP HEIGHT="76" WIDTH="50" VPOS="674" HPOS="2471"/>
                  <String HEIGHT="76" WIDTH="99" VPOS="674" HPOS="2273" CONTENT=""/>
               </TextLine>
               <TextLine ID="r1l6"
                         BASELINE="562,820 651,818 741,818 831,816 921,816 1011,816 1100,816 1190,816 1280,816 1370,814 1460,814 1549,814 1639,816 1729,816 1819,816 1909,816 1998,816 2088,816 2178,814 2268,814 2358,814"
                         HEIGHT="70"
                         WIDTH="1796"
                         VPOS="771"
                         HPOS="562">
                  <String HEIGHT="70"
                          WIDTH="437"
                          VPOS="771"
                          HPOS="513"
                          CONTENT="nuari"/>
                  <SP HEIGHT="70" WIDTH="49" VPOS="771" HPOS="950"/>
                  <String HEIGHT="70"
                          WIDTH="728"
                          VPOS="771"
                          HPOS="805"
                          CONTENT="återfunnits"/>
                  <SP HEIGHT="70" WIDTH="49" VPOS="771" HPOS="1533"/>
                  <String HEIGHT="70"
                          WIDTH="582"
                          VPOS="771"
                          HPOS="1387"
                          CONTENT="pantsatt"/>
                  <SP HEIGHT="70" WIDTH="49" VPOS="771" HPOS="1970"/>
                  <String HEIGHT="70"
                          WIDTH="340"
                          VPOS="771"
                          HPOS="1824"
                          CONTENT="för"/>
                  <SP HEIGHT="70" WIDTH="49" VPOS="771" HPOS="2164"/>
                  <String HEIGHT="70" WIDTH="291" VPOS="771" HPOS="2018" CONTENT="25"/>
                  <SP HEIGHT="70" WIDTH="49" VPOS="771" HPOS="2309"/>
                  <String HEIGHT="70"
                          WIDTH="243"
                          VPOS="771"
                          HPOS="2115"
                          CONTENT="öre"/>
               </TextLine>
               <TextLine ID="r1l7"
                         BASELINE="544,928 636,920 728,914 820,910 912,906 1005,904 1097,904 1189,904 1281,904 1373,904 1466,906 1558,907 1650,908 1742,910 1834,912 1927,913 2019,914 2111,914 2203,912 2295,910 2388,908"
                         HEIGHT="88"
                         WIDTH="1844"
                         VPOS="861"
                         HPOS="544">
                  <String HEIGHT="88" WIDTH="340" VPOS="861" HPOS="495" CONTENT="hos"/>
                  <SP HEIGHT="88" WIDTH="49" VPOS="861" HPOS="835"/>
                  <String HEIGHT="88"
                          WIDTH="728"
                          VPOS="861"
                          HPOS="690"
                          CONTENT="Pantlånaren"/>
                  <SP HEIGHT="88" WIDTH="49" VPOS="861" HPOS="1417"/>
                  <String HEIGHT="88" WIDTH="291" VPOS="861" HPOS="1272" CONTENT="N."/>
                  <SP HEIGHT="88" WIDTH="49" VPOS="861" HPOS="1563"/>
                  <String HEIGHT="88" WIDTH="291" VPOS="861" HPOS="1417" CONTENT="A."/>
                  <SP HEIGHT="88" WIDTH="49" VPOS="861" HPOS="1709"/>
                  <String HEIGHT="88"
                          WIDTH="582"
                          VPOS="861"
                          HPOS="1563"
                          CONTENT="Landgren"/>
                  <SP HEIGHT="88" WIDTH="49" VPOS="861" HPOS="2145"/>
                  <String HEIGHT="88" WIDTH="243" VPOS="861" HPOS="2000" CONTENT="i"/>
                  <SP HEIGHT="88" WIDTH="49" VPOS="861" HPOS="2242"/>
                  <String HEIGHT="88"
                          WIDTH="340"
                          VPOS="861"
                          HPOS="2048"
                          CONTENT="huset"/>
               </TextLine>
               <TextLine ID="r1l8"
                         BASELINE="546,1014 634,1014 723,1012 812,1012 901,1010 990,1010 1078,1008 1167,1008 1256,1008 1345,1006 1434,1006 1522,1006 1611,1006 1700,1004 1789,1004 1878,1004 1966,1004 2055,1004 2144,1004 2233,1004 2322,1006"
                         HEIGHT="74"
                         WIDTH="1776"
                         VPOS="961"
                         HPOS="546">
                  <String HEIGHT="74" WIDTH="296" VPOS="961" HPOS="497" CONTENT="No"/>
                  <SP HEIGHT="74" WIDTH="49" VPOS="961" HPOS="793"/>
                  <String HEIGHT="74" WIDTH="296" VPOS="961" HPOS="645" CONTENT="53"/>
                  <SP HEIGHT="74" WIDTH="49" VPOS="961" HPOS="941"/>
                  <String HEIGHT="74" WIDTH="345" VPOS="961" HPOS="793" CONTENT="vid"/>
                  <SP HEIGHT="74" WIDTH="49" VPOS="961" HPOS="1138"/>
                  <String HEIGHT="74" WIDTH="296" VPOS="961" HPOS="990" CONTENT="2a"/>
                  <SP HEIGHT="74" WIDTH="49" VPOS="961" HPOS="1286"/>
                  <String HEIGHT="74"
                          WIDTH="691"
                          VPOS="961"
                          HPOS="1138"
                          CONTENT="Långgatan,"/>
                  <SP HEIGHT="74" WIDTH="49" VPOS="961" HPOS="1829"/>
                  <String HEIGHT="74"
                          WIDTH="543"
                          VPOS="961"
                          HPOS="1681"
                          CONTENT="hvilken"/>
                  <SP HEIGHT="74" WIDTH="49" VPOS="961" HPOS="2223"/>
                  <String HEIGHT="74"
                          WIDTH="296"
                          VPOS="961"
                          HPOS="2026"
                          CONTENT="upp¬"
                          SUBS_TYPE="HypPart1"
                          SUBS_CONTENT="upplyst"/>
                  <HYP CONTENT="-"/>
               </TextLine>
               <TextLine ID="r1l9"
                         BASELINE="564,1116 652,1115 740,1114 828,1112 916,1110 1004,1109 1092,1108 1180,1106 1268,1104 1356,1104 1445,1102 1533,1101 1621,1100 1709,1099 1797,1098 1885,1098 1973,1098 2061,1098 2149,1098 2237,1098 2326,1100"
                         HEIGHT="88"
                         WIDTH="1762"
                         VPOS="1051"
                         HPOS="564">
                  <String HEIGHT="88"
                          WIDTH="415"
                          VPOS="1051"
                          HPOS="512"
                          CONTENT="lyst"
                          SUBS_TYPE="HypPart2"
                          SUBS_CONTENT="upplyst"/>
                  <SP HEIGHT="88" WIDTH="52" VPOS="1051" HPOS="927"/>
                  <String HEIGHT="88"
                          WIDTH="363"
                          VPOS="1051"
                          HPOS="771"
                          CONTENT="att"/>
                  <SP HEIGHT="88" WIDTH="52" VPOS="1051" HPOS="1134"/>
                  <String HEIGHT="88"
                          WIDTH="622"
                          VPOS="1051"
                          HPOS="979"
                          CONTENT="densamma"/>
                  <SP HEIGHT="88" WIDTH="52" VPOS="1051" HPOS="1600"/>
                  <String HEIGHT="88"
                          WIDTH="674"
                          VPOS="1051"
                          HPOS="1445"
                          CONTENT="pantsatts"/>
                  <SP HEIGHT="88" WIDTH="52" VPOS="1051" HPOS="2119"/>
                  <String HEIGHT="88"
                          WIDTH="311"
                          VPOS="1051"
                          HPOS="1963"
                          CONTENT="af"/>
                  <SP HEIGHT="88" WIDTH="52" VPOS="1051" HPOS="2274"/>
                  <String HEIGHT="88"
                          WIDTH="259"
                          VPOS="1051"
                          HPOS="2067"
                          CONTENT="Ja¬"
                          SUBS_TYPE="HypPart1"
                          SUBS_CONTENT="Jakobsson,"/>
                  <HYP CONTENT="-"/>
               </TextLine>
               <TextLine ID="r1l10"
                         BASELINE="556,1226 646,1220 736,1218 826,1214 916,1212 1006,1210 1096,1208 1186,1206 1276,1206 1366,1206 1456,1204 1546,1204 1636,1204 1726,1204 1816,1206 1906,1206 1996,1208 2086,1208 2176,1210 2266,1210 2356,1212"
                         HEIGHT="94"
                         WIDTH="1800"
                         VPOS="1156"
                         HPOS="556">
                  <String HEIGHT="94"
                          WIDTH="635"
                          VPOS="1156"
                          HPOS="503"
                          CONTENT="kobsson,"
                          SUBS_TYPE="HypPart2"
                          SUBS_CONTENT="Jakobsson,"/>
                  <SP HEIGHT="94" WIDTH="53" VPOS="1156" HPOS="1138"/>
                  <String HEIGHT="94" WIDTH="318" VPOS="1156" HPOS="980" CONTENT="så"/>
                  <SP HEIGHT="94" WIDTH="53" VPOS="1156" HPOS="1297"/>
                  <String HEIGHT="94"
                          WIDTH="476"
                          VPOS="1156"
                          HPOS="1138"
                          CONTENT="hafva"/>
                  <SP HEIGHT="94" WIDTH="53" VPOS="1156" HPOS="1615"/>
                  <String HEIGHT="94"
                          WIDTH="953"
                          VPOS="1156"
                          HPOS="1403"
                          CONTENT="Detektivkonstap¬"
                          SUBS_TYPE="HypPart1"
                          SUBS_CONTENT="Detektivkonstaplarne"/>
                  <HYP CONTENT="-"/>
               </TextLine>
               <TextLine ID="r1l11"
                         BASELINE="572,1342 655,1338 738,1333 822,1329 905,1326 989,1324 1072,1322 1155,1320 1239,1318 1322,1318 1406,1316 1489,1316 1572,1316 1656,1316 1739,1316 1823,1316 1906,1316 1989,1316 2073,1316 2156,1316 2240,1316"
                         HEIGHT="98"
                         WIDTH="1668"
                         VPOS="1268"
                         HPOS="572">
                  <String HEIGHT="98"
                          WIDTH="484"
                          VPOS="1268"
                          HPOS="518"
                          CONTENT="larne"
                          SUBS_TYPE="HypPart2"
                          SUBS_CONTENT="Detektivkonstaplarne"/>
                  <SP HEIGHT="98" WIDTH="54" VPOS="1268" HPOS="1002"/>
                  <String HEIGHT="98" WIDTH="323" VPOS="1268" HPOS="841" CONTENT="C."/>
                  <SP HEIGHT="98" WIDTH="54" VPOS="1268" HPOS="1164"/>
                  <String HEIGHT="98"
                          WIDTH="699"
                          VPOS="1268"
                          HPOS="1002"
                          CONTENT="Hällström"/>
                  <SP HEIGHT="98" WIDTH="54" VPOS="1268" HPOS="1702"/>
                  <String HEIGHT="98"
                          WIDTH="377"
                          VPOS="1268"
                          HPOS="1541"
                          CONTENT="och"/>
                  <SP HEIGHT="98" WIDTH="54" VPOS="1268" HPOS="1917"/>
                  <String HEIGHT="98"
                          WIDTH="323"
                          VPOS="1268"
                          HPOS="1756"
                          CONTENT="V."/>
                  <SP HEIGHT="98" WIDTH="54" VPOS="1268" HPOS="2079"/>
                  <String HEIGHT="98"
                          WIDTH="377"
                          VPOS="1268"
                          HPOS="1863"
                          CONTENT="Bruun"/>
               </TextLine>
               <TextLine ID="r1l12"
                         BASELINE="544,1450 635,1445 727,1440 819,1436 911,1432 1003,1428 1094,1426 1186,1422 1278,1421 1370,1418 1462,1418 1553,1416 1645,1416 1737,1414 1829,1414 1921,1416 2012,1416 2104,1418 2196,1420 2288,1422 2380,1424"
                         HEIGHT="106"
                         WIDTH="1836"
                         VPOS="1367"
                         HPOS="544">
                  <String HEIGHT="106"
                          WIDTH="367"
                          VPOS="1367"
                          HPOS="492"
                          CONTENT="den"/>
                  <SP HEIGHT="106" WIDTH="52" VPOS="1367" HPOS="859"/>
                  <String HEIGHT="106"
                          WIDTH="315"
                          VPOS="1367"
                          HPOS="701"
                          CONTENT="28"/>
                  <SP HEIGHT="106" WIDTH="52" VPOS="1367" HPOS="1016"/>
                  <String HEIGHT="106" WIDTH="262" VPOS="1367" HPOS="859" CONTENT="i"/>
                  <SP HEIGHT="106" WIDTH="52" VPOS="1367" HPOS="1121"/>
                  <String HEIGHT="106"
                          WIDTH="472"
                          VPOS="1367"
                          HPOS="964"
                          CONTENT="samma"/>
                  <SP HEIGHT="106" WIDTH="52" VPOS="1367" HPOS="1436"/>
                  <String HEIGHT="106"
                          WIDTH="472"
                          VPOS="1367"
                          HPOS="1278"
                          CONTENT="månad"/>
                  <SP HEIGHT="106" WIDTH="52" VPOS="1367" HPOS="1751"/>
                  <String HEIGHT="106"
                          WIDTH="629"
                          VPOS="1367"
                          HPOS="1593"
                          CONTENT="anhållit"/>
                  <SP HEIGHT="106" WIDTH="52" VPOS="1367" HPOS="2223"/>
                  <String HEIGHT="106"
                          WIDTH="367"
                          VPOS="1367"
                          HPOS="2013"
                          CONTENT="ofta¬"
                          SUBS_TYPE="HypPart1"
                          SUBS_CONTENT="oftanämde"/>
                  <HYP CONTENT="-"/>
               </TextLine>
               <TextLine ID="r1l13"
                         BASELINE="544,1562 631,1555 718,1549 805,1544 892,1540 979,1535 1066,1530 1153,1528 1240,1524 1327,1521 1414,1518 1501,1516 1588,1515 1675,1514 1762,1512 1849,1512 1936,1512 2023,1512 2110,1514 2197,1516 2284,1518"
                         HEIGHT="117"
                         WIDTH="1740"
                         VPOS="1467"
                         HPOS="544">
                  <String HEIGHT="117"
                          WIDTH="489"
                          VPOS="1467"
                          HPOS="490"
                          CONTENT="nämde"
                          SUBS_TYPE="HypPart2"
                          SUBS_CONTENT="oftanämde"/>
                  <SP HEIGHT="117" WIDTH="54" VPOS="1467" HPOS="979"/>
                  <String HEIGHT="117"
                          WIDTH="761"
                          VPOS="1467"
                          HPOS="816"
                          CONTENT="Jakobsson,"/>
                  <SP HEIGHT="117" WIDTH="54" VPOS="1467" HPOS="1577"/>
                  <String HEIGHT="117"
                          WIDTH="598"
                          VPOS="1467"
                          HPOS="1414"
                          CONTENT="hvilken"/>
                  <SP HEIGHT="117" WIDTH="54" VPOS="1467" HPOS="2012"/>
                  <String HEIGHT="117"
                          WIDTH="381"
                          VPOS="1467"
                          HPOS="1849"
                          CONTENT="vid"/>
                  <SP HEIGHT="117" WIDTH="54" VPOS="1467" HPOS="2230"/>
                  <String HEIGHT="117"
                          WIDTH="272"
                          VPOS="1467"
                          HPOS="2012"
                          CONTENT="det"/>
               </TextLine>
               <TextLine ID="r1l14"
                         BASELINE="540,1658 632,1652 725,1648 817,1644 910,1640 1002,1636 1095,1632 1187,1627 1280,1624 1372,1620 1465,1616 1557,1614 1650,1612 1742,1610 1835,1608 1927,1606 2020,1606 2112,1606 2205,1606 2297,1608 2390,1610"
                         HEIGHT="119"
                         WIDTH="1850"
                         VPOS="1561"
                         HPOS="540">
                  <String HEIGHT="119"
                          WIDTH="392"
                          VPOS="1561"
                          HPOS="484"
                          CONTENT="med"/>
                  <SP HEIGHT="119" WIDTH="56" VPOS="1561" HPOS="876"/>
                  <String HEIGHT="119"
                          WIDTH="505"
                          VPOS="1561"
                          HPOS="708"
                          CONTENT="honom"/>
                  <SP HEIGHT="119" WIDTH="56" VPOS="1561" HPOS="1213"/>
                  <String HEIGHT="119"
                          WIDTH="336"
                          VPOS="1561"
                          HPOS="1045"
                          CONTENT="då"/>
                  <SP HEIGHT="119" WIDTH="56" VPOS="1561" HPOS="1381"/>
                  <String HEIGHT="119"
                          WIDTH="673"
                          VPOS="1561"
                          HPOS="1213"
                          CONTENT="anstälda"/>
                  <SP HEIGHT="119" WIDTH="56" VPOS="1561" HPOS="1885"/>
                  <String HEIGHT="119"
                          WIDTH="561"
                          VPOS="1561"
                          HPOS="1717"
                          CONTENT="förhör"/>
                  <SP HEIGHT="119" WIDTH="56" VPOS="1561" HPOS="2278"/>
                  <String HEIGHT="119"
                          WIDTH="336"
                          VPOS="1561"
                          HPOS="2054"
                          CONTENT="upp¬"
                          SUBS_TYPE="HypPart1"
                          SUBS_CONTENT="uppgaf"/>
                  <HYP CONTENT="-"/>
               </TextLine>
               <TextLine ID="r1l15"
                         BASELINE="578,1758 666,1756 755,1752 843,1748 932,1745 1021,1742 1109,1738 1198,1734 1286,1732 1375,1728 1464,1725 1552,1722 1641,1720 1729,1716 1818,1714 1907,1710 1995,1708 2084,1706 2172,1702 2261,1700 2350,1698"
                         HEIGHT="132"
                         WIDTH="1772"
                         VPOS="1650"
                         HPOS="578">
                  <String HEIGHT="132"
                          WIDTH="388"
                          VPOS="1650"
                          HPOS="523"
                          CONTENT="gaf"
                          SUBS_TYPE="HypPart2"
                          SUBS_CONTENT="uppgaf"/>
                  <SP HEIGHT="132" WIDTH="55" VPOS="1650" HPOS="910"/>
                  <String HEIGHT="132"
                          WIDTH="388"
                          VPOS="1650"
                          HPOS="744"
                          CONTENT="att"/>
                  <SP HEIGHT="132" WIDTH="55" VPOS="1650" HPOS="1132"/>
                  <String HEIGHT="132"
                          WIDTH="388"
                          VPOS="1650"
                          HPOS="966"
                          CONTENT="han"/>
                  <SP HEIGHT="132" WIDTH="55" VPOS="1650" HPOS="1353"/>
                  <String HEIGHT="132"
                          WIDTH="388"
                          VPOS="1650"
                          HPOS="1187"
                          CONTENT="som"/>
                  <SP HEIGHT="132" WIDTH="55" VPOS="1650" HPOS="1575"/>
                  <String HEIGHT="132"
                          WIDTH="720"
                          VPOS="1650"
                          HPOS="1409"
                          CONTENT="tillhörde"/>
                  <SP HEIGHT="132" WIDTH="55" VPOS="1650" HPOS="2129"/>
                  <String HEIGHT="132"
                          WIDTH="443"
                          VPOS="1650"
                          HPOS="1907"
                          CONTENT="Kalmar"/>
               </TextLine>
               <TextLine ID="r1l16"
                         BASELINE="570,1860 661,1858 752,1855 843,1852 934,1848 1025,1844 1116,1841 1207,1838 1298,1836 1389,1832 1480,1829 1571,1826 1662,1822 1753,1820 1844,1817 1935,1814 2026,1812 2117,1808 2208,1806 2299,1803 2390,1800"
                         HEIGHT="132"
                         WIDTH="1820"
                         VPOS="1752"
                         HPOS="570">
                  <String HEIGHT="132"
                          WIDTH="1017"
                          VPOS="1752"
                          HPOS="516"
                          CONTENT="Stadsförsamling"/>
                  <SP HEIGHT="132" WIDTH="54" VPOS="1752" HPOS="1534"/>
                  <String HEIGHT="132"
                          WIDTH="482"
                          VPOS="1752"
                          HPOS="1373"
                          CONTENT="under"/>
                  <SP HEIGHT="132" WIDTH="54" VPOS="1752" HPOS="1855"/>
                  <String HEIGHT="132"
                          WIDTH="589"
                          VPOS="1752"
                          HPOS="1694"
                          CONTENT="sednare"/>
                  <SP HEIGHT="132" WIDTH="54" VPOS="1752" HPOS="2283"/>
                  <String HEIGHT="132"
                          WIDTH="321"
                          VPOS="1752"
                          HPOS="2069"
                          CONTENT="åren"/>
               </TextLine>
               <TextLine ID="r1l17"
                         BASELINE="564,1976 655,1971 747,1966 838,1962 930,1956 1021,1952 1113,1947 1204,1943 1296,1940 1387,1936 1479,1931 1570,1928 1662,1924 1753,1922 1845,1920 1936,1917 2028,1916 2119,1914 2211,1913 2302,1912 2394,1912"
                         HEIGHT="136"
                         WIDTH="1830"
                         VPOS="1864"
                         HPOS="564">
                  <String HEIGHT="136"
                          WIDTH="712"
                          VPOS="1864"
                          HPOS="513"
                          CONTENT="uppehållit"/>
                  <SP HEIGHT="136" WIDTH="51" VPOS="1864" HPOS="1225"/>
                  <String HEIGHT="136"
                          WIDTH="356"
                          VPOS="1864"
                          HPOS="1072"
                          CONTENT="sig"/>
                  <SP HEIGHT="136" WIDTH="51" VPOS="1864" HPOS="1428"/>
                  <String HEIGHT="136"
                          WIDTH="356"
                          VPOS="1864"
                          HPOS="1276"
                          CONTENT="hör"/>
                  <SP HEIGHT="136" WIDTH="51" VPOS="1864" HPOS="1632"/>
                  <String HEIGHT="136"
                          WIDTH="254"
                          VPOS="1864"
                          HPOS="1479"
                          CONTENT="i"/>
                  <SP HEIGHT="136" WIDTH="51" VPOS="1864" HPOS="1733"/>
                  <String HEIGHT="136"
                          WIDTH="559"
                          VPOS="1864"
                          HPOS="1581"
                          CONTENT="staden,"/>
                  <SP HEIGHT="136" WIDTH="51" VPOS="1864" HPOS="2140"/>
                  <String HEIGHT="136"
                          WIDTH="356"
                          VPOS="1864"
                          HPOS="1987"
                          CONTENT="att"/>
                  <SP HEIGHT="136" WIDTH="51" VPOS="1864" HPOS="2343"/>
                  <String HEIGHT="136"
                          WIDTH="254"
                          VPOS="1864"
                          HPOS="2140"
                          CONTENT="han"/>
               </TextLine>
               <TextLine ID="r1l18"
                         BASELINE="554,2082 647,2080 741,2076 835,2072 929,2069 1023,2064 1117,2060 1211,2055 1305,2050 1399,2046 1493,2041 1586,2037 1680,2034 1774,2030 1868,2028 1962,2025 2056,2024 2150,2022 2244,2022 2338,2022 2432,2024"
                         HEIGHT="132"
                         WIDTH="1878"
                         VPOS="1974"
                         HPOS="554">
                  <String HEIGHT="132"
                          WIDTH="761"
                          VPOS="1974"
                          HPOS="503"
                          CONTENT="visserligen"/>
                  <SP HEIGHT="132" WIDTH="51" VPOS="1974" HPOS="1265"/>
                  <String HEIGHT="132"
                          WIDTH="305"
                          VPOS="1974"
                          HPOS="1112"
                          CONTENT="på"/>
                  <SP HEIGHT="132" WIDTH="51" VPOS="1974" HPOS="1417"/>
                  <String HEIGHT="132"
                          WIDTH="406"
                          VPOS="1974"
                          HPOS="1265"
                          CONTENT="sätt"/>
                  <SP HEIGHT="132" WIDTH="51" VPOS="1974" HPOS="1671"/>
                  <String HEIGHT="132"
                          WIDTH="711"
                          VPOS="1974"
                          HPOS="1518"
                          CONTENT="målsegaren"/>
                  <SP HEIGHT="132" WIDTH="51" VPOS="1974" HPOS="2229"/>
                  <String HEIGHT="132"
                          WIDTH="406"
                          VPOS="1974"
                          HPOS="2026"
                          CONTENT="anmält"/>
               </TextLine>
               <TextLine ID="r1l19"
                         BASELINE="560,2192 651,2188 742,2185 833,2181 925,2176 1016,2172 1107,2167 1199,2164 1290,2158 1381,2156 1473,2151 1564,2147 1655,2142 1746,2140 1838,2136 1929,2133 2020,2130 2112,2128 2203,2126 2294,2124 2386,2122"
                         HEIGHT="142"
                         WIDTH="1826"
                         VPOS="2074"
                         HPOS="560">
                  <String HEIGHT="142"
                          WIDTH="609"
                          VPOS="2074"
                          HPOS="509"
                          CONTENT="Lördagen"/>
                  <SP HEIGHT="142" WIDTH="51" VPOS="2074" HPOS="1118"/>
                  <String HEIGHT="142"
                          WIDTH="355"
                          VPOS="2074"
                          HPOS="966"
                          CONTENT="den"/>
                  <SP HEIGHT="142" WIDTH="51" VPOS="2074" HPOS="1321"/>
                  <String HEIGHT="142"
                          WIDTH="304"
                          VPOS="2074"
                          HPOS="1169"
                          CONTENT="24"/>
                  <SP HEIGHT="142" WIDTH="51" VPOS="2074" HPOS="1473"/>
                  <String HEIGHT="142"
                          WIDTH="609"
                          VPOS="2074"
                          HPOS="1321"
                          CONTENT="sitlidne"/>
                  <SP HEIGHT="142" WIDTH="51" VPOS="2074" HPOS="1930"/>
                  <String HEIGHT="142"
                          WIDTH="558"
                          VPOS="2074"
                          HPOS="1777"
                          CONTENT="Januari"/>
                  <SP HEIGHT="142" WIDTH="51" VPOS="2074" HPOS="2335"/>
                  <String HEIGHT="142"
                          WIDTH="254"
                          VPOS="2074"
                          HPOS="2132"
                          CONTENT="in¬"
                          SUBS_TYPE="HypPart1"
                          SUBS_CONTENT="innevarit"/>
                  <HYP CONTENT="-"/>
               </TextLine>
               <TextLine ID="r1l21"
                         BASELINE="524,2300 611,2295 699,2290 787,2284 875,2281 963,2276 1050,2272 1138,2268 1226,2265 1314,2262 1402,2258 1489,2256 1577,2252 1665,2250 1753,2248 1841,2245 1928,2242 2016,2240 2104,2238 2192,2236 2280,2234"
                         HEIGHT="138"
                         WIDTH="1756"
                         VPOS="2186"
                         HPOS="524">
                  <String HEIGHT="138"
                          WIDTH="568"
                          VPOS="2186"
                          HPOS="472"
                          CONTENT="nevarit"
                          SUBS_TYPE="HypPart2"
                          SUBS_CONTENT="innevarit"/>
                  <SP HEIGHT="138" WIDTH="52" VPOS="2186" HPOS="1040"/>
                  <String HEIGHT="138" WIDTH="258" VPOS="2186" HPOS="886" CONTENT="i"/>
                  <SP HEIGHT="138" WIDTH="52" VPOS="2186" HPOS="1144"/>
                  <String HEIGHT="138"
                          WIDTH="620"
                          VPOS="2186"
                          HPOS="989"
                          CONTENT="Beckmans"/>
                  <SP HEIGHT="138" WIDTH="52" VPOS="2186" HPOS="1609"/>
                  <String HEIGHT="138"
                          WIDTH="568"
                          VPOS="2186"
                          HPOS="1454"
                          CONTENT="bostad,"/>
                  <SP HEIGHT="138" WIDTH="52" VPOS="2186" HPOS="2022"/>
                  <String HEIGHT="138"
                          WIDTH="362"
                          VPOS="2186"
                          HPOS="1867"
                          CONTENT="men"/>
                  <SP HEIGHT="138" WIDTH="52" VPOS="2186" HPOS="2228"/>
                  <String HEIGHT="138"
                          WIDTH="258"
                          VPOS="2186"
                          HPOS="2022"
                          CONTENT="att"/>
               </TextLine>
               <TextLine ID="r1l22"
                         BASELINE="554,2408 646,2406 739,2401 831,2398 924,2393 1017,2389 1109,2385 1202,2380 1294,2376 1387,2371 1480,2366 1572,2362 1665,2358 1757,2354 1850,2350 1943,2346 2035,2342 2128,2338 2220,2335 2313,2332 2406,2330"
                         HEIGHT="150"
                         WIDTH="1852"
                         VPOS="2282"
                         HPOS="554">
                  <String HEIGHT="150"
                          WIDTH="370"
                          VPOS="2282"
                          HPOS="501"
                          CONTENT="han"/>
                  <SP HEIGHT="150" WIDTH="53" VPOS="2282" HPOS="871"/>
                  <String HEIGHT="150"
                          WIDTH="317"
                          VPOS="2282"
                          HPOS="713"
                          CONTENT="ej"/>
                  <SP HEIGHT="150" WIDTH="53" VPOS="2282" HPOS="1030"/>
                  <String HEIGHT="150"
                          WIDTH="423"
                          VPOS="2282"
                          HPOS="871"
                          CONTENT="egde"/>
                  <SP HEIGHT="150" WIDTH="53" VPOS="2282" HPOS="1295"/>
                  <String HEIGHT="150"
                          WIDTH="476"
                          VPOS="2282"
                          HPOS="1136"
                          CONTENT="någon"/>
                  <SP HEIGHT="150" WIDTH="53" VPOS="2282" HPOS="1612"/>
                  <String HEIGHT="150"
                          WIDTH="635"
                          VPOS="2282"
                          HPOS="1454"
                          CONTENT="kännedom"/>
                  <SP HEIGHT="150" WIDTH="53" VPOS="2282" HPOS="2089"/>
                  <String HEIGHT="150"
                          WIDTH="317"
                          VPOS="2282"
                          HPOS="1930"
                          CONTENT="om"/>
                  <SP HEIGHT="150" WIDTH="53" VPOS="2282" HPOS="2247"/>
                  <String HEIGHT="150"
                          WIDTH="370"
                          VPOS="2282"
                          HPOS="2036"
                          CONTENT="till¬"
                          SUBS_TYPE="HypPart1"
                          SUBS_CONTENT="tillgreppet"/>
                  <HYP CONTENT="-"/>
               </TextLine>
               <TextLine ID="r1l23"
                         BASELINE="556,2516 613,2513 671,2508 728,2504 786,2501 843,2496 901,2493 958,2490 1016,2486 1073,2484 1131,2481 1188,2478 1246,2474 1303,2472 1361,2469 1418,2466 1476,2464 1533,2462 1591,2458 1648,2456 1706,2454"
                         HEIGHT="117"
                         WIDTH="1150"
                         VPOS="2417"
                         HPOS="556">
                  <String HEIGHT="117"
                          WIDTH="575"
                          VPOS="2417"
                          HPOS="504"
                          CONTENT="greppet"
                          SUBS_TYPE="HypPart2"
                          SUBS_CONTENT="tillgreppet"/>
                  <SP HEIGHT="117" WIDTH="52" VPOS="2417" HPOS="1079"/>
                  <String HEIGHT="117"
                          WIDTH="314"
                          VPOS="2417"
                          HPOS="922"
                          CONTENT="af"/>
                  <SP HEIGHT="117" WIDTH="52" VPOS="2417" HPOS="1236"/>
                  <String HEIGHT="117"
                          WIDTH="680"
                          VPOS="2417"
                          HPOS="1026"
                          CONTENT="pincenezen."/>
               </TextLine>
               <TextLine ID="r1l24"
                         BASELINE="656,2576 742,2574 828,2570 914,2567 1000,2563 1086,2560 1172,2555 1258,2551 1344,2548 1430,2542 1516,2538 1602,2534 1688,2531 1774,2528 1860,2524 1946,2522 2032,2518 2118,2516 2204,2516 2290,2514 2376,2516"
                         HEIGHT="119"
                         WIDTH="1720"
                         VPOS="2476"
                         HPOS="656">
                  <String HEIGHT="119"
                          WIDTH="678"
                          VPOS="2476"
                          HPOS="604"
                          CONTENT="Jakobsson"/>
                  <SP HEIGHT="119" WIDTH="52" VPOS="2476" HPOS="1281"/>
                  <String HEIGHT="119"
                          WIDTH="365"
                          VPOS="2476"
                          HPOS="1125"
                          CONTENT="som"/>
                  <SP HEIGHT="119" WIDTH="52" VPOS="2476" HPOS="1490"/>
                  <String HEIGHT="119"
                          WIDTH="313"
                          VPOS="2476"
                          HPOS="1334"
                          CONTENT="på"/>
                  <SP HEIGHT="119" WIDTH="52" VPOS="2476" HPOS="1646"/>
                  <String HEIGHT="119"
                          WIDTH="469"
                          VPOS="2476"
                          HPOS="1490"
                          CONTENT="grund"/>
                  <SP HEIGHT="119" WIDTH="52" VPOS="2476" HPOS="1959"/>
                  <String HEIGHT="119"
                          WIDTH="469"
                          VPOS="2476"
                          HPOS="1803"
                          CONTENT="häraf"/>
                  <SP HEIGHT="119" WIDTH="52" VPOS="2476" HPOS="2272"/>
                  <String HEIGHT="119"
                          WIDTH="313"
                          VPOS="2476"
                          HPOS="2063"
                          CONTENT="blef"/>
               </TextLine>
               <TextLine ID="r1l25"
                         BASELINE="566,2672 653,2669 741,2666 829,2662 916,2657 1004,2654 1092,2650 1179,2646 1267,2643 1355,2640 1443,2636 1530,2633 1618,2630 1706,2626 1793,2624 1881,2622 1969,2618 2056,2616 2144,2614 2232,2612 2320,2610"
                         HEIGHT="129"
                         WIDTH="1754"
                         VPOS="2565"
                         HPOS="566">
                  <String HEIGHT="129"
                          WIDTH="600"
                          VPOS="2565"
                          HPOS="520"
                          CONTENT="frigifven"/>
                  <SP HEIGHT="129" WIDTH="46" VPOS="2565" HPOS="1120"/>
                  <String HEIGHT="129"
                          WIDTH="323"
                          VPOS="2565"
                          HPOS="981"
                          CONTENT="och"/>
                  <SP HEIGHT="129" WIDTH="46" VPOS="2565" HPOS="1305"/>
                  <String HEIGHT="129"
                          WIDTH="462"
                          VPOS="2565"
                          HPOS="1166"
                          CONTENT="kallad"/>
                  <SP HEIGHT="129" WIDTH="46" VPOS="2565" HPOS="1628"/>
                  <String HEIGHT="129"
                          WIDTH="369"
                          VPOS="2565"
                          HPOS="1489"
                          CONTENT="till"/>
                  <SP HEIGHT="129" WIDTH="46" VPOS="2565" HPOS="1858"/>
                  <String HEIGHT="129"
                          WIDTH="692"
                          VPOS="2565"
                          HPOS="1720"
                          CONTENT="inställelse"/>
                  <SP HEIGHT="129" WIDTH="46" VPOS="2565" HPOS="2412"/>
                  <String HEIGHT="129" WIDTH="92" VPOS="2565" HPOS="2228" CONTENT=""/>
               </TextLine>
               <TextLine ID="r1l26"
                         BASELINE="550,2772 642,2767 734,2762 826,2757 918,2752 1011,2748 1103,2743 1195,2740 1287,2736 1379,2734 1472,2730 1564,2727 1656,2724 1748,2720 1840,2718 1933,2716 2025,2714 2117,2710 2209,2707 2301,2704 2394,2702"
                         HEIGHT="139"
                         WIDTH="1844"
                         VPOS="2656"
                         HPOS="550">
                  <String HEIGHT="139" WIDTH="243" VPOS="2656" HPOS="501" CONTENT="å"/>
                  <SP HEIGHT="139" WIDTH="49" VPOS="2656" HPOS="744"/>
                  <String HEIGHT="139"
                          WIDTH="631"
                          VPOS="2656"
                          HPOS="599"
                          CONTENT="Detektiva"/>
                  <SP HEIGHT="139" WIDTH="49" VPOS="2656" HPOS="1229"/>
                  <String HEIGHT="139"
                          WIDTH="825"
                          VPOS="2656"
                          HPOS="1084"
                          CONTENT="Poliskontoret"/>
                  <SP HEIGHT="139" WIDTH="49" VPOS="2656" HPOS="1909"/>
                  <String HEIGHT="139"
                          WIDTH="582"
                          VPOS="2656"
                          HPOS="1763"
                          CONTENT="påföljde"/>
                  <SP HEIGHT="139" WIDTH="49" VPOS="2656" HPOS="2345"/>
                  <String HEIGHT="139"
                          WIDTH="243"
                          VPOS="2656"
                          HPOS="2151"
                          CONTENT="dag"/>
               </TextLine>
               <TextLine ID="r1l27"
                         BASELINE="546,2874 638,2872 731,2870 823,2868 916,2864 1009,2860 1101,2856 1194,2852 1286,2847 1379,2842 1472,2837 1564,2832 1657,2828 1749,2824 1842,2820 1935,2816 2027,2813 2120,2810 2212,2808 2305,2808 2398,2806"
                         HEIGHT="140"
                         WIDTH="1852"
                         VPOS="2758"
                         HPOS="546">
                  <String HEIGHT="140"
                          WIDTH="332"
                          VPOS="2758"
                          HPOS="499"
                          CONTENT="lät"/>
                  <SP HEIGHT="140" WIDTH="47" VPOS="2758" HPOS="831"/>
                  <String HEIGHT="140"
                          WIDTH="332"
                          VPOS="2758"
                          HPOS="688"
                          CONTENT="sig"/>
                  <SP HEIGHT="140" WIDTH="47" VPOS="2758" HPOS="1021"/>
                  <String HEIGHT="140"
                          WIDTH="285"
                          VPOS="2758"
                          HPOS="878"
                          CONTENT="ej"/>
                  <SP HEIGHT="140" WIDTH="47" VPOS="2758" HPOS="1163"/>
                  <String HEIGHT="140"
                          WIDTH="475"
                          VPOS="2758"
                          HPOS="1021"
                          CONTENT="afhöra"/>
                  <SP HEIGHT="140" WIDTH="47" VPOS="2758" HPOS="1496"/>
                  <String HEIGHT="140"
                          WIDTH="522"
                          VPOS="2758"
                          HPOS="1353"
                          CONTENT="hvarför"/>
                  <SP HEIGHT="140" WIDTH="47" VPOS="2758" HPOS="1876"/>
                  <String HEIGHT="140"
                          WIDTH="332"
                          VPOS="2758"
                          HPOS="1733"
                          CONTENT="han"/>
                  <SP HEIGHT="140" WIDTH="47" VPOS="2758" HPOS="2066"/>
                  <String HEIGHT="140"
                          WIDTH="332"
                          VPOS="2758"
                          HPOS="1923"
                          CONTENT="ock"/>
                  <SP HEIGHT="140" WIDTH="47" VPOS="2758" HPOS="2256"/>
                  <String HEIGHT="140"
                          WIDTH="332"
                          VPOS="2758"
                          HPOS="2066"
                          CONTENT="blif¬"
                          SUBS_TYPE="HypPart1"
                          SUBS_CONTENT="blifvit"/>
                  <HYP CONTENT="-"/>
               </TextLine>
               <TextLine ID="r1l28"
                         BASELINE="546,2974 638,2972 730,2968 823,2966 915,2962 1008,2960 1100,2956 1192,2954 1285,2951 1377,2948 1470,2945 1562,2942 1654,2939 1747,2937 1839,2934 1932,2931 2024,2926 2116,2924 2209,2920 2301,2917 2394,2914"
                         HEIGHT="132"
                         WIDTH="1848"
                         VPOS="2866"
                         HPOS="546">
                  <String HEIGHT="132"
                          WIDTH="340"
                          VPOS="2866"
                          HPOS="497"
                          CONTENT="vit"
                          SUBS_TYPE="HypPart2"
                          SUBS_CONTENT="blifvit"/>
                  <SP HEIGHT="132" WIDTH="49" VPOS="2866" HPOS="838"/>
                  <String HEIGHT="132"
                          WIDTH="681"
                          VPOS="2866"
                          HPOS="692"
                          CONTENT="eftersökt,"/>
                  <SP HEIGHT="132" WIDTH="49" VPOS="2866" HPOS="1373"/>
                  <String HEIGHT="132"
                          WIDTH="340"
                          VPOS="2866"
                          HPOS="1227"
                          CONTENT="men"/>
                  <SP HEIGHT="132" WIDTH="49" VPOS="2866" HPOS="1567"/>
                  <String HEIGHT="132"
                          WIDTH="292"
                          VPOS="2866"
                          HPOS="1421"
                          CONTENT="ej"/>
                  <SP HEIGHT="132" WIDTH="49" VPOS="2866" HPOS="1713"/>
                  <String HEIGHT="132"
                          WIDTH="486"
                          VPOS="2866"
                          HPOS="1567"
                          CONTENT="kunnat"/>
                  <SP HEIGHT="132" WIDTH="49" VPOS="2866" HPOS="2054"/>
                  <String HEIGHT="132"
                          WIDTH="535"
                          VPOS="2866"
                          HPOS="1859"
                          CONTENT="anträffas"/>
               </TextLine>
               <TextLine ID="r1l29"
                         BASELINE="528,3078 616,3074 704,3070 792,3066 880,3062 968,3059 1056,3056 1144,3052 1232,3050 1320,3046 1409,3044 1497,3042 1585,3040 1673,3036 1761,3034 1849,3032 1937,3030 2025,3028 2113,3025 2201,3023 2290,3020"
                         HEIGHT="124"
                         WIDTH="1762"
                         VPOS="2976"
                         HPOS="528">
                  <String HEIGHT="124"
                          WIDTH="415"
                          VPOS="2976"
                          HPOS="476"
                          CONTENT="enär"/>
                  <SP HEIGHT="124" WIDTH="52" VPOS="2976" HPOS="891"/>
                  <String HEIGHT="124"
                          WIDTH="363"
                          VPOS="2976"
                          HPOS="735"
                          CONTENT="han"/>
                  <SP HEIGHT="124" WIDTH="52" VPOS="2976" HPOS="1098"/>
                  <String HEIGHT="124"
                          WIDTH="622"
                          VPOS="2976"
                          HPOS="943"
                          CONTENT="begifvit"/>
                  <SP HEIGHT="124" WIDTH="52" VPOS="2976" HPOS="1564"/>
                  <String HEIGHT="124"
                          WIDTH="363"
                          VPOS="2976"
                          HPOS="1409"
                          CONTENT="sig"/>
                  <SP HEIGHT="124" WIDTH="52" VPOS="2976" HPOS="1772"/>
                  <String HEIGHT="124"
                          WIDTH="415"
                          VPOS="2976"
                          HPOS="1616"
                          CONTENT="från"/>
                  <SP HEIGHT="124" WIDTH="52" VPOS="2976" HPOS="2031"/>
                  <String HEIGHT="124"
                          WIDTH="466"
                          VPOS="2976"
                          HPOS="1824"
                          CONTENT="staden."/>
               </TextLine>
               <TextLine ID="r1l30"
                         BASELINE="666,3162 751,3157 836,3153 921,3148 1006,3144 1092,3140 1177,3138 1262,3134 1347,3132 1432,3130 1518,3127 1603,3126 1688,3124 1773,3122 1858,3122 1944,3120 2029,3118 2114,3118 2199,3116 2284,3116 2370,3116"
                         HEIGHT="107"
                         WIDTH="1704"
                         VPOS="3075"
                         HPOS="666">
                  <String HEIGHT="107"
                          WIDTH="639"
                          VPOS="3075"
                          HPOS="613"
                          CONTENT="Onsdagen"/>
                  <SP HEIGHT="107" WIDTH="53" VPOS="3075" HPOS="1252"/>
                  <String HEIGHT="107"
                          WIDTH="373"
                          VPOS="3075"
                          HPOS="1092"
                          CONTENT="den"/>
                  <SP HEIGHT="107" WIDTH="53" VPOS="3075" HPOS="1465"/>
                  <String HEIGHT="107"
                          WIDTH="373"
                          VPOS="3075"
                          HPOS="1305"
                          CONTENT="3je"/>
                  <SP HEIGHT="107" WIDTH="53" VPOS="3075" HPOS="1678"/>
                  <String HEIGHT="107"
                          WIDTH="533"
                          VPOS="3075"
                          HPOS="1518"
                          CONTENT="dennes"/>
                  <SP HEIGHT="107" WIDTH="53" VPOS="3075" HPOS="2051"/>
                  <String HEIGHT="107"
                          WIDTH="320"
                          VPOS="3075"
                          HPOS="1891"
                          CONTENT="på"/>
                  <SP HEIGHT="107" WIDTH="53" VPOS="3075" HPOS="2210"/>
                  <String HEIGHT="107"
                          WIDTH="373"
                          VPOS="3075"
                          HPOS="1997"
                          CONTENT="afto¬"
                          SUBS_TYPE="HypPart1"
                          SUBS_CONTENT="aftonen"/>
                  <HYP CONTENT="-"/>
               </TextLine>
               <TextLine ID="r1l32"
                         BASELINE="516,3246 608,3243 701,3238 794,3235 887,3231 980,3228 1073,3224 1166,3220 1259,3218 1352,3214 1445,3212 1537,3210 1630,3208 1723,3208 1816,3208 1909,3208 2002,3210 2095,3212 2188,3214 2281,3220 2374,3224"
                         HEIGHT="99"
                         WIDTH="1858"
                         VPOS="3167"
                         HPOS="516">
                  <String HEIGHT="99"
                          WIDTH="420"
                          VPOS="3167"
                          HPOS="456"
                          CONTENT="nen"
                          SUBS_TYPE="HypPart2"
                          SUBS_CONTENT="aftonen"/>
                  <SP HEIGHT="99" WIDTH="60" VPOS="3167" HPOS="876"/>
                  <String HEIGHT="99"
                          WIDTH="539"
                          VPOS="3167"
                          HPOS="696"
                          CONTENT="hafva"/>
                  <SP HEIGHT="99" WIDTH="60" VPOS="3167" HPOS="1235"/>
                  <String HEIGHT="99"
                          WIDTH="659"
                          VPOS="3167"
                          HPOS="1055"
                          CONTENT="bemälde"/>
                  <SP HEIGHT="99" WIDTH="60" VPOS="3167" HPOS="1715"/>
                  <String HEIGHT="99"
                          WIDTH="839"
                          VPOS="3167"
                          HPOS="1535"
                          CONTENT="Konstaplar"/>
                  <SP HEIGHT="99" WIDTH="60" VPOS="3167" HPOS="2374"/>
                  <String HEIGHT="99"
                          WIDTH="240"
                          VPOS="3167"
                          HPOS="2134"
                          CONTENT="å¬"
                          SUBS_TYPE="HypPart1"
                          SUBS_CONTENT="ånyo"/>
                  <HYP CONTENT="-"/>
               </TextLine>
               <TextLine ID="r1l33"
                         BASELINE="520,3348 610,3344 701,3340 791,3336 882,3332 973,3328 1063,3324 1154,3322 1244,3318 1335,3316 1426,3312 1516,3310 1607,3308 1697,3306 1788,3304 1879,3302 1969,3300 2060,3298 2150,3298 2241,3296 2332,3296"
                         HEIGHT="124"
                         WIDTH="1812"
                         VPOS="3248"
                         HPOS="520">
                  <String HEIGHT="124"
                          WIDTH="409"
                          VPOS="3248"
                          HPOS="462"
                          CONTENT="nyo"
                          SUBS_TYPE="HypPart2"
                          SUBS_CONTENT="ånyo"/>
                  <SP HEIGHT="124" WIDTH="58" VPOS="3248" HPOS="871"/>
                  <String HEIGHT="124"
                          WIDTH="701"
                          VPOS="3248"
                          HPOS="695"
                          CONTENT="anhållit"/>
                  <SP HEIGHT="124" WIDTH="58" VPOS="3248" HPOS="1397"/>
                  <String HEIGHT="124"
                          WIDTH="818"
                          VPOS="3248"
                          HPOS="1221"
                          CONTENT="Jakobsson,"/>
                  <SP HEIGHT="124" WIDTH="58" VPOS="3248" HPOS="2040"/>
                  <String HEIGHT="124"
                          WIDTH="526"
                          VPOS="3248"
                          HPOS="1806"
                          CONTENT="hvilken"/>
               </TextLine>
               <TextLine ID="r1l34"
                         BASELINE="526,3458 618,3453 711,3448 803,3444 896,3440 989,3435 1081,3432 1174,3428 1266,3424 1359,3420 1452,3416 1544,3414 1637,3412 1729,3409 1822,3407 1915,3406 2007,3404 2100,3404 2192,3404 2285,3404 2378,3404"
                         HEIGHT="126"
                         WIDTH="1852"
                         VPOS="3356"
                         HPOS="526">
                  <String HEIGHT="126"
                          WIDTH="317"
                          VPOS="3356"
                          HPOS="473"
                          CONTENT="då"/>
                  <SP HEIGHT="126" WIDTH="53" VPOS="3356" HPOS="791"/>
                  <String HEIGHT="126"
                          WIDTH="476"
                          VPOS="3356"
                          HPOS="632"
                          CONTENT="bland"/>
                  <SP HEIGHT="126" WIDTH="53" VPOS="3356" HPOS="1108"/>
                  <String HEIGHT="126"
                          WIDTH="476"
                          VPOS="3356"
                          HPOS="949"
                          CONTENT="annat"/>
                  <SP HEIGHT="126" WIDTH="53" VPOS="3356" HPOS="1426"/>
                  <String HEIGHT="126"
                          WIDTH="688"
                          VPOS="3356"
                          HPOS="1267"
                          CONTENT="innehade,"/>
                  <SP HEIGHT="126" WIDTH="53" VPOS="3356" HPOS="1955"/>
                  <String HEIGHT="126"
                          WIDTH="370"
                          VPOS="3356"
                          HPOS="1796"
                          CONTENT="ett"/>
                  <SP HEIGHT="126" WIDTH="53" VPOS="3356" HPOS="2166"/>
                  <String HEIGHT="126"
                          WIDTH="423"
                          VPOS="3356"
                          HPOS="1955"
                          CONTENT="sylin¬"
                          SUBS_TYPE="HypPart1"
                          SUBS_CONTENT="sylinderur"/>
                  <HYP CONTENT="-"/>
               </TextLine>
               <TextLine ID="r1l35"
                         BASELINE="540,3572 631,3566 722,3560 813,3555 905,3550 996,3546 1087,3542 1179,3538 1270,3535 1361,3532 1453,3530 1544,3528 1635,3526 1726,3524 1818,3522 1909,3520 2000,3518 2092,3518 2183,3516 2274,3514 2366,3512"
                         HEIGHT="132"
                         WIDTH="1826"
                         VPOS="3464"
                         HPOS="540">
                  <String HEIGHT="132"
                          WIDTH="514"
                          VPOS="3464"
                          HPOS="483"
                          CONTENT="derur"
                          SUBS_TYPE="HypPart2"
                          SUBS_CONTENT="sylinderur"/>
                  <SP HEIGHT="132" WIDTH="57" VPOS="3464" HPOS="997"/>
                  <String HEIGHT="132"
                          WIDTH="342"
                          VPOS="3464"
                          HPOS="825"
                          CONTENT="af"/>
                  <SP HEIGHT="132" WIDTH="57" VPOS="3464" HPOS="1168"/>
                  <String HEIGHT="132"
                          WIDTH="571"
                          VPOS="3464"
                          HPOS="997"
                          CONTENT="silver"/>
                  <SP HEIGHT="132" WIDTH="57" VPOS="3464" HPOS="1567"/>
                  <String HEIGHT="132"
                          WIDTH="399"
                          VPOS="3464"
                          HPOS="1396"
                          CONTENT="med"/>
                  <SP HEIGHT="132" WIDTH="57" VPOS="3464" HPOS="1795"/>
                  <String HEIGHT="132"
                          WIDTH="856"
                          VPOS="3464"
                          HPOS="1624"
                          CONTENT="vidhängande"/>
                  <SP HEIGHT="132" WIDTH="57" VPOS="3464" HPOS="2480"/>
                  <String HEIGHT="132" WIDTH="114" VPOS="3464" HPOS="2252" CONTENT=""/>
               </TextLine>
               <TextLine ID="r1l36"
                         BASELINE="520,3674 611,3668 702,3664 793,3660 884,3656 975,3654 1066,3652 1157,3650 1248,3648 1339,3646 1430,3646 1521,3644 1612,3644 1703,3642 1794,3642 1885,3640 1976,3638 2067,3636 2158,3634 2249,3631 2340,3628"
                         HEIGHT="118"
                         WIDTH="1820"
                         VPOS="3580"
                         HPOS="520">
                  <String HEIGHT="118"
                          WIDTH="468"
                          VPOS="3580"
                          HPOS="468"
                          CONTENT="kedja"/>
                  <SP HEIGHT="118" WIDTH="52" VPOS="3580" HPOS="936"/>
                  <String HEIGHT="118"
                          WIDTH="312"
                          VPOS="3580"
                          HPOS="780"
                          CONTENT="af"/>
                  <SP HEIGHT="118" WIDTH="52" VPOS="3580" HPOS="1092"/>
                  <String HEIGHT="118"
                          WIDTH="832"
                          VPOS="3580"
                          HPOS="936"
                          CONTENT="komposition,"/>
                  <SP HEIGHT="118" WIDTH="52" VPOS="3580" HPOS="1768"/>
                  <String HEIGHT="118"
                          WIDTH="364"
                          VPOS="3580"
                          HPOS="1612"
                          CONTENT="och"/>
                  <SP HEIGHT="118" WIDTH="52" VPOS="3580" HPOS="1976"/>
                  <String HEIGHT="118"
                          WIDTH="312"
                          VPOS="3580"
                          HPOS="1820"
                          CONTENT="en"/>
                  <SP HEIGHT="118" WIDTH="52" VPOS="3580" HPOS="2132"/>
                  <String HEIGHT="118"
                          WIDTH="416"
                          VPOS="3580"
                          HPOS="1924"
                          CONTENT="kikare"/>
               </TextLine>
               <TextLine ID="r1l37"
                         BASELINE="528,3784 621,3780 715,3776 808,3772 902,3770 996,3768 1089,3766 1183,3766 1276,3764 1370,3764 1464,3762 1557,3762 1651,3762 1744,3762 1838,3762 1932,3762 2025,3760 2119,3760 2212,3759 2306,3758 2400,3756"
                         HEIGHT="100"
                         WIDTH="1872"
                         VPOS="3708"
                         HPOS="528">
                  <String HEIGHT="100"
                          WIDTH="321"
                          VPOS="3708"
                          HPOS="475"
                          CONTENT="af"/>
                  <SP HEIGHT="100" WIDTH="53" VPOS="3708" HPOS="795"/>
                  <String HEIGHT="100"
                          WIDTH="642"
                          VPOS="3708"
                          HPOS="635"
                          CONTENT="messing,"/>
                  <SP HEIGHT="100" WIDTH="53" VPOS="3708" HPOS="1277"/>
                  <String HEIGHT="100"
                          WIDTH="374"
                          VPOS="3708"
                          HPOS="1116"
                          CONTENT="och"/>
                  <SP HEIGHT="100" WIDTH="53" VPOS="3708" HPOS="1491"/>
                  <String HEIGHT="100"
                          WIDTH="374"
                          VPOS="3708"
                          HPOS="1330"
                          CONTENT="har"/>
                  <SP HEIGHT="100" WIDTH="53" VPOS="3708" HPOS="1705"/>
                  <String HEIGHT="100"
                          WIDTH="695"
                          VPOS="3708"
                          HPOS="1544"
                          CONTENT="Jakobsson"/>
                  <SP HEIGHT="100" WIDTH="53" VPOS="3708" HPOS="2240"/>
                  <String HEIGHT="100"
                          WIDTH="374"
                          VPOS="3708"
                          HPOS="2026"
                          CONTENT="nume¬"/>
               </TextLine>
            </TextBlock>
            <TextBlock ID="TextRegion_1584605410867_471"
                       HEIGHT="1564"
                       WIDTH="1916"
                       VPOS="209"
                       HPOS="2682">
               <Shape>
                  <Polygon POINTS="2682,209 4598,209 4598,1773 2682,1773"/>
               </Shape>
               <TextLine ID="r2l2"
                         BASELINE="2734,290 2820,287 2906,286 2992,284 3078,282 3164,282 3250,282 3336,282 3422,282 3508,284 3595,284 3681,286 3767,288 3853,288 3939,290 4025,290 4111,292 4197,292 4283,292 4369,292 4456,290"
                         HEIGHT="47"
                         WIDTH="1722"
                         VPOS="257"
                         HPOS="2734">
                  <String HEIGHT="47" WIDTH="304" VPOS="257" HPOS="2683" CONTENT="ra"/>
                  <SP HEIGHT="47" WIDTH="51" VPOS="257" HPOS="2987"/>
                  <String HEIGHT="47"
                          WIDTH="557"
                          VPOS="257"
                          HPOS="2835"
                          CONTENT="vidgått"/>
                  <SP HEIGHT="47" WIDTH="51" VPOS="257" HPOS="3392"/>
                  <String HEIGHT="47"
                          WIDTH="355"
                          VPOS="257"
                          HPOS="3240"
                          CONTENT="att"/>
                  <SP HEIGHT="47" WIDTH="51" VPOS="257" HPOS="3595"/>
                  <String HEIGHT="47"
                          WIDTH="355"
                          VPOS="257"
                          HPOS="3443"
                          CONTENT="han"/>
                  <SP HEIGHT="47" WIDTH="51" VPOS="257" HPOS="3798"/>
                  <String HEIGHT="47"
                          WIDTH="608"
                          VPOS="257"
                          HPOS="3646"
                          CONTENT="föröfvat"/>
                  <SP HEIGHT="47" WIDTH="51" VPOS="257" HPOS="4253"/>
                  <String HEIGHT="47"
                          WIDTH="355"
                          VPOS="257"
                          HPOS="4101"
                          CONTENT="det"/>
                  <SP HEIGHT="47" WIDTH="51" VPOS="257" HPOS="4456"/>
                  <String HEIGHT="47" WIDTH="203" VPOS="257" HPOS="4253" CONTENT="af"/>
               </TextLine>
               <TextLine ID="r2l3"
                         BASELINE="2746,400 2832,396 2919,392 3005,389 3092,386 3179,385 3265,384 3352,382 3438,382 3525,382 3612,382 3698,382 3785,382 3871,384 3958,384 4045,384 4131,384 4218,382 4304,382 4391,380 4478,378"
                         HEIGHT="92"
                         WIDTH="1732"
                         VPOS="331"
                         HPOS="2746">
                  <String HEIGHT="92"
                          WIDTH="635"
                          VPOS="331"
                          HPOS="2688"
                          CONTENT="Beckman"/>
                  <SP HEIGHT="92" WIDTH="58" VPOS="331" HPOS="3323"/>
                  <String HEIGHT="92"
                          WIDTH="635"
                          VPOS="331"
                          HPOS="3150"
                          CONTENT="anmälda"/>
                  <SP HEIGHT="92" WIDTH="58" VPOS="331" HPOS="3785"/>
                  <String HEIGHT="92"
                          WIDTH="866"
                          VPOS="331"
                          HPOS="3612"
                          CONTENT="tillgreppet"/>
                  <SP HEIGHT="92" WIDTH="58" VPOS="331" HPOS="4478"/>
                  <String HEIGHT="92" WIDTH="231" VPOS="331" HPOS="4247" CONTENT="af"/>
               </TextLine>
               <TextLine ID="r2l4"
                         BASELINE="2730,506 2823,500 2916,496 3009,492 3102,490 3195,488 3288,485 3381,484 3474,484 3567,484 3660,484 3753,484 3846,484 3939,486 4032,486 4125,488 4218,488 4311,490 4404,492 4497,493 4590,494"
                         HEIGHT="92"
                         WIDTH="1860"
                         VPOS="437"
                         HPOS="2730">
                  <String HEIGHT="92"
                          WIDTH="734"
                          VPOS="437"
                          HPOS="2681"
                          CONTENT="pincenezen,"/>
                  <SP HEIGHT="92" WIDTH="49" VPOS="437" HPOS="3415"/>
                  <String HEIGHT="92"
                          WIDTH="343"
                          VPOS="437"
                          HPOS="3268"
                          CONTENT="att"/>
                  <SP HEIGHT="92" WIDTH="49" VPOS="437" HPOS="3611"/>
                  <String HEIGHT="92"
                          WIDTH="343"
                          VPOS="437"
                          HPOS="3464"
                          CONTENT="han"/>
                  <SP HEIGHT="92" WIDTH="49" VPOS="437" HPOS="3807"/>
                  <String HEIGHT="92"
                          WIDTH="343"
                          VPOS="437"
                          HPOS="3660"
                          CONTENT="den"/>
                  <SP HEIGHT="92" WIDTH="49" VPOS="437" HPOS="4003"/>
                  <String HEIGHT="92" WIDTH="294" VPOS="437" HPOS="3856" CONTENT="29"/>
                  <SP HEIGHT="92" WIDTH="49" VPOS="437" HPOS="4149"/>
                  <String HEIGHT="92"
                          WIDTH="441"
                          VPOS="437"
                          HPOS="4003"
                          CONTENT="sist."/>
                  <SP HEIGHT="92" WIDTH="49" VPOS="437" HPOS="4443"/>
                  <String HEIGHT="92"
                          WIDTH="343"
                          VPOS="437"
                          HPOS="4247"
                          CONTENT="Janu¬"
                          SUBS_TYPE="HypPart1"
                          SUBS_CONTENT="Januari"/>
                  <HYP CONTENT="-"/>
               </TextLine>
               <TextLine ID="r2l5"
                         BASELINE="2722,604 2814,601 2907,600 2999,598 3092,596 3185,595 3277,594 3370,594 3462,592 3555,592 3648,592 3740,590 3833,590 3925,590 4018,590 4111,590 4203,590 4296,588 4388,588 4481,588 4574,586"
                         HEIGHT="88"
                         WIDTH="1852"
                         VPOS="539"
                         HPOS="2722">
                  <String HEIGHT="88"
                          WIDTH="324"
                          VPOS="539"
                          HPOS="2676"
                          CONTENT="ari"
                          SUBS_TYPE="HypPart2"
                          SUBS_CONTENT="Januari"/>
                  <SP HEIGHT="88" WIDTH="46" VPOS="539" HPOS="3000"/>
                  <String HEIGHT="88"
                          WIDTH="556"
                          VPOS="539"
                          HPOS="2861"
                          CONTENT="begifvit"/>
                  <SP HEIGHT="88" WIDTH="46" VPOS="539" HPOS="3417"/>
                  <String HEIGHT="88"
                          WIDTH="324"
                          VPOS="539"
                          HPOS="3278"
                          CONTENT="sig"/>
                  <SP HEIGHT="88" WIDTH="46" VPOS="539" HPOS="3602"/>
                  <String HEIGHT="88"
                          WIDTH="370"
                          VPOS="539"
                          HPOS="3463"
                          CONTENT="från"/>
                  <SP HEIGHT="88" WIDTH="46" VPOS="539" HPOS="3833"/>
                  <String HEIGHT="88"
                          WIDTH="509"
                          VPOS="539"
                          HPOS="3694"
                          CONTENT="staden,"/>
                  <SP HEIGHT="88" WIDTH="46" VPOS="539" HPOS="4204"/>
                  <String HEIGHT="88"
                          WIDTH="324"
                          VPOS="539"
                          HPOS="4065"
                          CONTENT="och"/>
                  <SP HEIGHT="88" WIDTH="46" VPOS="539" HPOS="4389"/>
                  <String HEIGHT="88"
                          WIDTH="370"
                          VPOS="539"
                          HPOS="4204"
                          CONTENT="deref¬"
                          SUBS_TYPE="HypPart1"
                          SUBS_CONTENT="derefter"/>
                  <HYP CONTENT="-"/>
               </TextLine>
               <TextLine ID="r2l6"
                         BASELINE="2730,720 2820,718 2910,716 3000,714 3091,712 3181,710 3271,708 3362,706 3452,704 3542,703 3633,702 3723,700 3813,698 3903,696 3994,696 4084,696 4174,694 4265,694 4355,695 4445,696 4536,696"
                         HEIGHT="96"
                         WIDTH="1806"
                         VPOS="647"
                         HPOS="2730">
                  <String HEIGHT="96"
                          WIDTH="351"
                          VPOS="647"
                          HPOS="2680"
                          CONTENT="ter"
                          SUBS_TYPE="HypPart2"
                          SUBS_CONTENT="derefter"/>
                  <SP HEIGHT="96" WIDTH="50" VPOS="647" HPOS="3031"/>
                  <String HEIGHT="96"
                          WIDTH="702"
                          VPOS="647"
                          HPOS="2880"
                          CONTENT="uppehållit"/>
                  <SP HEIGHT="96" WIDTH="50" VPOS="647" HPOS="3583"/>
                  <String HEIGHT="96"
                          WIDTH="351"
                          VPOS="647"
                          HPOS="3432"
                          CONTENT="sig"/>
                  <SP HEIGHT="96" WIDTH="50" VPOS="647" HPOS="3784"/>
                  <String HEIGHT="96" WIDTH="251" VPOS="647" HPOS="3633" CONTENT="i"/>
                  <SP HEIGHT="96" WIDTH="50" VPOS="647" HPOS="3884"/>
                  <String HEIGHT="96"
                          WIDTH="702"
                          VPOS="647"
                          HPOS="3733"
                          CONTENT="Jönköping,"/>
                  <SP HEIGHT="96" WIDTH="50" VPOS="647" HPOS="4436"/>
                  <String HEIGHT="96"
                          WIDTH="301"
                          VPOS="647"
                          HPOS="4235"
                          CONTENT="samt"/>
               </TextLine>
               <TextLine ID="r2l7"
                         BASELINE="2740,832 2832,830 2924,826 3016,824 3108,822 3200,821 3292,820 3384,818 3476,816 3568,814 3661,814 3753,812 3845,812 3937,811 4029,810 4121,810 4213,810 4305,810 4397,810 4489,810 4582,810"
                         HEIGHT="92"
                         WIDTH="1842"
                         VPOS="763"
                         HPOS="2740">
                  <String HEIGHT="92"
                          WIDTH="368"
                          VPOS="763"
                          HPOS="2687"
                          CONTENT="att"/>
                  <SP HEIGHT="92" WIDTH="53" VPOS="763" HPOS="3056"/>
                  <String HEIGHT="92"
                          WIDTH="368"
                          VPOS="763"
                          HPOS="2898"
                          CONTENT="det"/>
                  <SP HEIGHT="92" WIDTH="53" VPOS="763" HPOS="3266"/>
                  <String HEIGHT="92" WIDTH="316" VPOS="763" HPOS="3108" CONTENT="af"/>
                  <SP HEIGHT="92" WIDTH="53" VPOS="763" HPOS="3424"/>
                  <String HEIGHT="92"
                          WIDTH="474"
                          VPOS="763"
                          HPOS="3266"
                          CONTENT="honom"/>
                  <SP HEIGHT="92" WIDTH="53" VPOS="763" HPOS="3740"/>
                  <String HEIGHT="92"
                          WIDTH="684"
                          VPOS="763"
                          HPOS="3582"
                          CONTENT="innehafda"/>
                  <SP HEIGHT="92" WIDTH="53" VPOS="763" HPOS="4266"/>
                  <String HEIGHT="92"
                          WIDTH="421"
                          VPOS="763"
                          HPOS="4108"
                          CONTENT="uret"/>
                  <SP HEIGHT="92" WIDTH="53" VPOS="763" HPOS="4529"/>
                  <String HEIGHT="92"
                          WIDTH="263"
                          VPOS="763"
                          HPOS="4319"
                          CONTENT="och"/>
               </TextLine>
               <TextLine ID="r2l9"
                         BASELINE="2738,950 2809,948 2881,946 2953,944 3025,942 3097,941 3168,940 3240,938 3312,938 3384,936 3456,936 3527,934 3599,934 3671,932 3743,932 3815,930 3886,930 3958,928 4030,926 4102,924 4174,922"
                         HEIGHT="98"
                         WIDTH="1436"
                         VPOS="875"
                         HPOS="2738">
                  <String HEIGHT="98"
                          WIDTH="658"
                          VPOS="875"
                          HPOS="2678"
                          CONTENT="kikaren"/>
                  <SP HEIGHT="98" WIDTH="60" VPOS="875" HPOS="3336"/>
                  <String HEIGHT="98"
                          WIDTH="778"
                          VPOS="875"
                          HPOS="3157"
                          CONTENT="tillhörde"/>
                  <SP HEIGHT="98" WIDTH="60" VPOS="875" HPOS="3935"/>
                  <String HEIGHT="98"
                          WIDTH="479"
                          VPOS="875"
                          HPOS="3695"
                          CONTENT="honom."/>
               </TextLine>
               <TextLine ID="r2l10"
                         BASELINE="2762,1060 2851,1058 2940,1056 3029,1056 3118,1054 3207,1052 3296,1050 3385,1048 3474,1046 3563,1044 3652,1042 3741,1040 3830,1038 3919,1037 4008,1036 4097,1034 4186,1034 4275,1034 4364,1034 4453,1034 4542,1036"
                         HEIGHT="96"
                         WIDTH="1780"
                         VPOS="987"
                         HPOS="2762">
                  <String HEIGHT="96"
                          WIDTH="692"
                          VPOS="987"
                          HPOS="2713"
                          CONTENT="Pincenezen"/>
                  <SP HEIGHT="96" WIDTH="49" VPOS="987" HPOS="3405"/>
                  <String HEIGHT="96"
                          WIDTH="346"
                          VPOS="987"
                          HPOS="3256"
                          CONTENT="har"/>
                  <SP HEIGHT="96" WIDTH="49" VPOS="987" HPOS="3603"/>
                  <String HEIGHT="96" WIDTH="297" VPOS="987" HPOS="3454" CONTENT="af"/>
                  <SP HEIGHT="96" WIDTH="49" VPOS="987" HPOS="3751"/>
                  <String HEIGHT="96"
                          WIDTH="494"
                          VPOS="987"
                          HPOS="3603"
                          CONTENT="egaren"/>
                  <SP HEIGHT="96" WIDTH="49" VPOS="987" HPOS="4097"/>
                  <String HEIGHT="96"
                          WIDTH="544"
                          VPOS="987"
                          HPOS="3949"
                          CONTENT="blifvit"/>
                  <SP HEIGHT="96" WIDTH="49" VPOS="987" HPOS="4493"/>
                  <String HEIGHT="96"
                          WIDTH="247"
                          VPOS="987"
                          HPOS="4295"
                          CONTENT="ut¬"
                          SUBS_TYPE="HypPart1"
                          SUBS_CONTENT="utlöst."/>
                  <HYP CONTENT="-"/>
               </TextLine>
               <TextLine ID="r2l11"
                         BASELINE="2748,1172 2774,1171 2801,1170 2827,1169 2854,1168 2880,1166 2907,1164 2933,1163 2960,1162 2986,1162 3013,1162 3040,1164"
                         HEIGHT="47"
                         WIDTH="292"
                         VPOS="1137"
                         HPOS="2748">
                  <String HEIGHT="47"
                          WIDTH="409"
                          VPOS="1137"
                          HPOS="2631"
                          CONTENT="löst."
                          SUBS_TYPE="HypPart2"
                          SUBS_CONTENT="utlöst."/>
               </TextLine>
               <TextLine ID="r2l13"
                         BASELINE="2826,1276 2913,1270 3000,1266 3088,1260 3175,1255 3263,1250 3350,1247 3437,1243 3525,1240 3612,1238 3700,1234 3787,1232 3874,1230 3962,1228 4049,1226 4137,1224 4224,1224 4311,1222 4399,1221 4486,1220 4574,1218"
                         HEIGHT="124"
                         WIDTH="1748"
                         VPOS="1174"
                         HPOS="2826">
                  <String HEIGHT="124"
                          WIDTH="350"
                          VPOS="1174"
                          HPOS="2768"
                          CONTENT="På"/>
                  <SP HEIGHT="124" WIDTH="58" VPOS="1174" HPOS="3117"/>
                  <String HEIGHT="124"
                          WIDTH="524"
                          VPOS="1174"
                          HPOS="2943"
                          CONTENT="grund"/>
                  <SP HEIGHT="124" WIDTH="58" VPOS="1174" HPOS="3467"/>
                  <String HEIGHT="124"
                          WIDTH="350"
                          VPOS="1174"
                          HPOS="3292"
                          CONTENT="af"/>
                  <SP HEIGHT="124" WIDTH="58" VPOS="1174" HPOS="3642"/>
                  <String HEIGHT="124"
                          WIDTH="466"
                          VPOS="1174"
                          HPOS="3467"
                          CONTENT="hvad"/>
                  <SP HEIGHT="124" WIDTH="58" VPOS="1174" HPOS="3933"/>
                  <String HEIGHT="124"
                          WIDTH="641"
                          VPOS="1174"
                          HPOS="3758"
                          CONTENT="sålunda"/>
                  <SP HEIGHT="124" WIDTH="58" VPOS="1174" HPOS="4399"/>
                  <String HEIGHT="124"
                          WIDTH="408"
                          VPOS="1174"
                          HPOS="4166"
                          CONTENT="före¬"
                          SUBS_TYPE="HypPart1"
                          SUBS_CONTENT="förekommit,"/>
                  <HYP CONTENT="-"/>
               </TextLine>
               <TextLine ID="r2l14"
                         BASELINE="2738,1370 2830,1364 2922,1359 3014,1355 3106,1352 3199,1348 3291,1346 3383,1342 3475,1340 3567,1338 3660,1336 3752,1334 3844,1334 3936,1332 4028,1330 4121,1328 4213,1327 4305,1324 4397,1322 4489,1320 4582,1318"
                         HEIGHT="118"
                         WIDTH="1844"
                         VPOS="1274"
                         HPOS="2738">
                  <String HEIGHT="118"
                          WIDTH="654"
                          VPOS="1274"
                          HPOS="2679"
                          CONTENT="kommit,"
                          SUBS_TYPE="HypPart2"
                          SUBS_CONTENT="förekommit,"/>
                  <SP HEIGHT="118" WIDTH="59" VPOS="1274" HPOS="3333"/>
                  <String HEIGHT="118"
                          WIDTH="595"
                          VPOS="1274"
                          HPOS="3154"
                          CONTENT="kommer"/>
                  <SP HEIGHT="118" WIDTH="59" VPOS="1274" HPOS="3749"/>
                  <String HEIGHT="118"
                          WIDTH="714"
                          VPOS="1274"
                          HPOS="3571"
                          CONTENT="Johannes"/>
                  <SP HEIGHT="118" WIDTH="59" VPOS="1274" HPOS="4285"/>
                  <String HEIGHT="118"
                          WIDTH="535"
                          VPOS="1274"
                          HPOS="4047"
                          CONTENT="Jakobs¬"
                          SUBS_TYPE="HypPart1"
                          SUBS_CONTENT="Jakobsson,"/>
                  <HYP CONTENT="-"/>
               </TextLine>
               <TextLine ID="r2l15"
                         BASELINE="2722,1470 2813,1467 2904,1463 2995,1460 3086,1456 3178,1454 3269,1452 3360,1448 3451,1446 3542,1444 3634,1442 3725,1440 3816,1437 3907,1434 3998,1432 4090,1430 4181,1428 4272,1424 4363,1422 4454,1418 4546,1414"
                         HEIGHT="126"
                         WIDTH="1824"
                         VPOS="1367"
                         HPOS="2722">
                  <String HEIGHT="126"
                          WIDTH="471"
                          VPOS="1367"
                          HPOS="2663"
                          CONTENT="son,"
                          SUBS_TYPE="HypPart2"
                          SUBS_CONTENT="Jakobsson,"/>
                  <SP HEIGHT="126" WIDTH="59" VPOS="1367" HPOS="3134"/>
                  <String HEIGHT="126"
                          WIDTH="412"
                          VPOS="1367"
                          HPOS="2957"
                          CONTENT="som"/>
                  <SP HEIGHT="126" WIDTH="59" VPOS="1367" HPOS="3369"/>
                  <String HEIGHT="126"
                          WIDTH="353"
                          VPOS="1367"
                          HPOS="3193"
                          CONTENT="är"/>
                  <SP HEIGHT="126" WIDTH="59" VPOS="1367" HPOS="3546"/>
                  <String HEIGHT="126"
                          WIDTH="294"
                          VPOS="1367"
                          HPOS="3369"
                          CONTENT="i"/>
                  <SP HEIGHT="126" WIDTH="59" VPOS="1367" HPOS="3663"/>
                  <String HEIGHT="126"
                          WIDTH="588"
                          VPOS="1367"
                          HPOS="3487"
                          CONTENT="saknad"/>
                  <SP HEIGHT="126" WIDTH="59" VPOS="1367" HPOS="4075"/>
                  <String HEIGHT="126"
                          WIDTH="353"
                          VPOS="1367"
                          HPOS="3899"
                          CONTENT="af"/>
                  <SP HEIGHT="126" WIDTH="59" VPOS="1367" HPOS="4252"/>
                  <String HEIGHT="126"
                          WIDTH="530"
                          VPOS="1367"
                          HPOS="4016"
                          CONTENT="bestämd"/>
               </TextLine>
               <TextLine ID="r2l16"
                         BASELINE="2734,1570 2826,1568 2919,1566 3011,1562 3104,1560 3196,1556 3289,1554 3381,1550 3474,1548 3566,1545 3659,1542 3751,1540 3844,1538 3936,1536 4029,1534 4121,1534 4214,1534 4306,1534 4399,1534 4491,1536 4584,1538"
                         HEIGHT="106"
                         WIDTH="1850"
                         VPOS="1487"
                         HPOS="2734">
                  <String HEIGHT="106"
                          WIDTH="581"
                          VPOS="1487"
                          HPOS="2681"
                          CONTENT="bostad,"/>
                  <SP HEIGHT="106" WIDTH="53" VPOS="1487" HPOS="3263"/>
                  <String HEIGHT="106"
                          WIDTH="370"
                          VPOS="1487"
                          HPOS="3104"
                          CONTENT="att"/>
                  <SP HEIGHT="106" WIDTH="53" VPOS="1487" HPOS="3474"/>
                  <String HEIGHT="106"
                          WIDTH="476"
                          VPOS="1487"
                          HPOS="3315"
                          CONTENT="denna"/>
                  <SP HEIGHT="106" WIDTH="53" VPOS="1487" HPOS="3791"/>
                  <String HEIGHT="106"
                          WIDTH="370"
                          VPOS="1487"
                          HPOS="3633"
                          CONTENT="dag"/>
                  <SP HEIGHT="106" WIDTH="53" VPOS="1487" HPOS="4003"/>
                  <String HEIGHT="106"
                          WIDTH="370"
                          VPOS="1487"
                          HPOS="3844"
                          CONTENT="för"/>
                  <SP HEIGHT="106" WIDTH="53" VPOS="1487" HPOS="4214"/>
                  <String HEIGHT="106"
                          WIDTH="581"
                          VPOS="1487"
                          HPOS="4003"
                          CONTENT="Poliskam¬"
                          SUBS_TYPE="HypPart1"
                          SUBS_CONTENT="Poliskammaren"/>
                  <HYP CONTENT="-"/>
               </TextLine>
               <TextLine ID="r2l17"
                         BASELINE="2720,1676 2768,1674 2816,1672 2864,1668 2912,1667 2960,1664 3008,1664 3056,1661 3104,1660 3152,1658 3200,1658 3248,1656 3296,1656 3344,1656 3392,1654 3440,1654 3488,1654 3536,1654 3584,1652 3632,1652 3680,1652"
                         HEIGHT="81"
                         WIDTH="960"
                         VPOS="1614"
                         HPOS="2720">
                  <String HEIGHT="81"
                          WIDTH="540"
                          VPOS="1614"
                          HPOS="2660"
                          CONTENT="maren"
                          SUBS_TYPE="HypPart2"
                          SUBS_CONTENT="Poliskammaren"/>
                  <SP HEIGHT="81" WIDTH="60" VPOS="1614" HPOS="3200"/>
                  <String HEIGHT="81"
                          WIDTH="720"
                          VPOS="1614"
                          HPOS="2960"
                          CONTENT="inställas."/>
               </TextLine>
               <TextLine ID="r2l18"
                         BASELINE="3158,1744 3228,1742 3299,1740 3370,1738 3440,1736 3511,1732 3582,1730 3652,1726 3723,1724 3794,1722 3865,1720 3935,1718 4006,1716 4077,1716 4147,1716 4218,1716 4289,1718 4359,1720 4430,1723 4501,1726 4572,1732"
                         HEIGHT="85"
                         WIDTH="1414"
                         VPOS="1678"
                         HPOS="3158">
                  <String HEIGHT="85"
                          WIDTH="679"
                          VPOS="1678"
                          HPOS="3101"
                          CONTENT="Göteborg"/>
                  <SP HEIGHT="85" WIDTH="57" VPOS="1678" HPOS="3780"/>
                  <String HEIGHT="85"
                          WIDTH="396"
                          VPOS="1678"
                          HPOS="3610"
                          CONTENT="den"/>
                  <SP HEIGHT="85" WIDTH="57" VPOS="1678" HPOS="4006"/>
                  <String HEIGHT="85" WIDTH="283" VPOS="1678" HPOS="3837" CONTENT="4"/>
                  <SP HEIGHT="85" WIDTH="57" VPOS="1678" HPOS="4120"/>
                  <String HEIGHT="85"
                          WIDTH="452"
                          VPOS="1678"
                          HPOS="3950"
                          CONTENT="Mars"/>
                  <SP HEIGHT="85" WIDTH="57" VPOS="1678" HPOS="4402"/>
                  <String HEIGHT="85"
                          WIDTH="396"
                          VPOS="1678"
                          HPOS="4176"
                          CONTENT="1880."/>
               </TextLine>
            </TextBlock>
            <TextBlock ID="r3" HEIGHT="330" WIDTH="394" VPOS="1748" HPOS="4596">
               <Shape>
                  <Polygon POINTS="4596,1748 4596,2078 4990,2078 4990,1748"/>
               </Shape>
               <TextLine ID="r3l1"
                         BASELINE="4624,1802 4650,1805 4676,1808 4703,1809 4729,1812 4756,1815 4782,1818 4808,1820 4835,1821 4861,1822 4888,1822"
                         HEIGHT="101"
                         WIDTH="264"
                         VPOS="1748"
                         HPOS="4624">
                  <String HEIGHT="101"
                          WIDTH="317"
                          VPOS="1748"
                          HPOS="4571"
                          CONTENT="No"/>
                  <SP HEIGHT="101" WIDTH="53" VPOS="1748" HPOS="4888"/>
                  <String HEIGHT="101"
                          WIDTH="211"
                          VPOS="1748"
                          HPOS="4677"
                          CONTENT="50"/>
               </TextLine>
               <TextLine ID="r3l2"
                         BASELINE="4608,1934 4633,1936 4658,1937 4684,1938 4709,1940 4735,1941 4760,1943 4786,1945 4811,1946 4837,1947 4862,1948 4888,1949 4913,1951 4939,1952 4964,1954 4990,1956"
                         HEIGHT="94"
                         WIDTH="382"
                         VPOS="1886"
                         HPOS="4608">
                  <String HEIGHT="94"
                          WIDTH="287"
                          VPOS="1886"
                          HPOS="4576"
                          CONTENT="Clara"/>
                  <SP HEIGHT="94" WIDTH="32" VPOS="1886" HPOS="4863"/>
                  <String HEIGHT="94"
                          WIDTH="255"
                          VPOS="1886"
                          HPOS="4735"
                          CONTENT="Olivia"/>
               </TextLine>
               <TextLine ID="r3l3"
                         BASELINE="4596,2038 4622,2039 4648,2040 4674,2040 4700,2042 4726,2044 4752,2044 4778,2046 4805,2047 4831,2048 4857,2049 4883,2050 4909,2052 4935,2052 4961,2054 4988,2054"
                         HEIGHT="88"
                         WIDTH="392"
                         VPOS="1990"
                         HPOS="4596">
                  <String HEIGHT="88"
                          WIDTH="479"
                          VPOS="1990"
                          HPOS="4509"
                          CONTENT="Johansson"/>
               </TextLine>
            </TextBlock>
            <TextBlock ID="TextRegion_1584605408804_466"
                       HEIGHT="2032"
                       WIDTH="1924"
                       VPOS="1821"
                       HPOS="2682">
               <Shape>
                  <Polygon POINTS="2682,1821 4598,1821 4606,3853 2690,3853"/>
               </Shape>
               <TextLine ID="r2l19"
                         BASELINE="2834,1878 2919,1880 3005,1880 3091,1882 3177,1884 3263,1885 3349,1886 3435,1888 3521,1890 3607,1892 3693,1893 3778,1894 3864,1894 3950,1894 4036,1894 4122,1894 4208,1892 4294,1890 4380,1888 4466,1884 4552,1880"
                         HEIGHT="86"
                         WIDTH="1718"
                         VPOS="1831"
                         HPOS="2834">
                  <String HEIGHT="86"
                          WIDTH="716"
                          VPOS="1831"
                          HPOS="2798"
                          CONTENT="Slagtaremästaren"/>
                  <SP HEIGHT="86" WIDTH="36" VPOS="1831" HPOS="3514"/>
                  <String HEIGHT="86" WIDTH="179" VPOS="1831" HPOS="3407" CONTENT="A"/>
                  <SP HEIGHT="86" WIDTH="36" VPOS="1831" HPOS="3586"/>
                  <String HEIGHT="86"
                          WIDTH="430"
                          VPOS="1831"
                          HPOS="3478"
                          CONTENT="Lundahl,"/>
                  <SP HEIGHT="86" WIDTH="36" VPOS="1831" HPOS="3908"/>
                  <String HEIGHT="86"
                          WIDTH="358"
                          VPOS="1831"
                          HPOS="3800"
                          CONTENT="boende"/>
                  <SP HEIGHT="86" WIDTH="36" VPOS="1831" HPOS="4158"/>
                  <String HEIGHT="86" WIDTH="179" VPOS="1831" HPOS="4051" CONTENT="i"/>
                  <SP HEIGHT="86" WIDTH="36" VPOS="1831" HPOS="4230"/>
                  <String HEIGHT="86"
                          WIDTH="322"
                          VPOS="1831"
                          HPOS="4123"
                          CONTENT="huset"/>
                  <SP HEIGHT="86" WIDTH="36" VPOS="1831" HPOS="4445"/>
                  <String HEIGHT="86"
                          WIDTH="215"
                          VPOS="1831"
                          HPOS="4337"
                          CONTENT="No"/>
                  <SP HEIGHT="86" WIDTH="36" VPOS="1831" HPOS="4552"/>
                  <String HEIGHT="86"
                          WIDTH="143"
                          VPOS="1831"
                          HPOS="4409"
                          CONTENT="63"/>
               </TextLine>
               <TextLine ID="r2l20"
                         BASELINE="2704,1978 2795,1982 2886,1986 2977,1990 3068,1992 3160,1994 3251,1996 3342,1998 3433,1998 3524,2000 3616,2000 3707,2000 3798,2000 3889,2000 3980,2000 4072,2000 4163,1998 4254,1998 4345,1998 4436,1998 4528,1996"
                         HEIGHT="92"
                         WIDTH="1824"
                         VPOS="1931"
                         HPOS="2704">
                  <String HEIGHT="92"
                          WIDTH="266"
                          VPOS="1931"
                          HPOS="2666"
                          CONTENT="vid"/>
                  <SP HEIGHT="92" WIDTH="38" VPOS="1931" HPOS="2932"/>
                  <String HEIGHT="92"
                          WIDTH="532"
                          VPOS="1931"
                          HPOS="2818"
                          CONTENT="Kungsgatan"/>
                  <SP HEIGHT="92" WIDTH="38" VPOS="1931" HPOS="3350"/>
                  <String HEIGHT="92"
                          WIDTH="266"
                          VPOS="1931"
                          HPOS="3236"
                          CONTENT="har"/>
                  <SP HEIGHT="92" WIDTH="38" VPOS="1931" HPOS="3502"/>
                  <String HEIGHT="92"
                          WIDTH="456"
                          VPOS="1931"
                          HPOS="3388"
                          CONTENT="Onsdagen"/>
                  <SP HEIGHT="92" WIDTH="38" VPOS="1931" HPOS="3844"/>
                  <String HEIGHT="92"
                          WIDTH="266"
                          VPOS="1931"
                          HPOS="3730"
                          CONTENT="den"/>
                  <SP HEIGHT="92" WIDTH="38" VPOS="1931" HPOS="3996"/>
                  <String HEIGHT="92" WIDTH="190" VPOS="1931" HPOS="3882" CONTENT="3"/>
                  <SP HEIGHT="92" WIDTH="38" VPOS="1931" HPOS="4072"/>
                  <String HEIGHT="92"
                          WIDTH="380"
                          VPOS="1931"
                          HPOS="3958"
                          CONTENT="dennes"/>
                  <SP HEIGHT="92" WIDTH="38" VPOS="1931" HPOS="4338"/>
                  <String HEIGHT="92"
                          WIDTH="342"
                          VPOS="1931"
                          HPOS="4186"
                          CONTENT="anmält,"/>
               </TextLine>
               <TextLine ID="r2l21"
                         BASELINE="2714,2102 2807,2100 2901,2100 2995,2100 3089,2100 3183,2102 3277,2102 3371,2104 3465,2104 3559,2106 3653,2107 3746,2108 3840,2110 3934,2110 4028,2112 4122,2112 4216,2112 4310,2112 4404,2112 4498,2112 4592,2110"
                         HEIGHT="82"
                         WIDTH="1878"
                         VPOS="2053"
                         HPOS="2714">
                  <String HEIGHT="82"
                          WIDTH="248"
                          VPOS="2053"
                          HPOS="2679"
                          CONTENT="att"/>
                  <SP HEIGHT="82" WIDTH="35" VPOS="2053" HPOS="2927"/>
                  <String HEIGHT="82"
                          WIDTH="319"
                          VPOS="2053"
                          HPOS="2820"
                          CONTENT="under"/>
                  <SP HEIGHT="82" WIDTH="35" VPOS="2053" HPOS="3139"/>
                  <String HEIGHT="82"
                          WIDTH="354"
                          VPOS="2053"
                          HPOS="3033"
                          CONTENT="sistl."/>
                  <SP HEIGHT="82" WIDTH="35" VPOS="2053" HPOS="3387"/>
                  <String HEIGHT="82"
                          WIDTH="425"
                          VPOS="2053"
                          HPOS="3281"
                          CONTENT="Februari"/>
                  <SP HEIGHT="82" WIDTH="35" VPOS="2053" HPOS="3706"/>
                  <String HEIGHT="82"
                          WIDTH="319"
                          VPOS="2053"
                          HPOS="3600"
                          CONTENT="månad"/>
                  <SP HEIGHT="82" WIDTH="35" VPOS="2053" HPOS="3919"/>
                  <String HEIGHT="82" WIDTH="177" VPOS="2053" HPOS="3812" CONTENT="i"/>
                  <SP HEIGHT="82" WIDTH="35" VPOS="2053" HPOS="3990"/>
                  <String HEIGHT="82"
                          WIDTH="425"
                          VPOS="2053"
                          HPOS="3883"
                          CONTENT="bostaden"/>
                  <SP HEIGHT="82" WIDTH="35" VPOS="2053" HPOS="4309"/>
                  <String HEIGHT="82"
                          WIDTH="283"
                          VPOS="2053"
                          HPOS="4202"
                          CONTENT="från"/>
                  <SP HEIGHT="82" WIDTH="35" VPOS="2053" HPOS="4486"/>
                  <String HEIGHT="82"
                          WIDTH="248"
                          VPOS="2053"
                          HPOS="4344"
                          CONTENT="honom"/>
               </TextLine>
               <TextLine ID="r2l22"
                         BASELINE="2710,2208 2802,2212 2895,2214 2988,2216 3081,2218 3174,2218 3266,2219 3359,2220 3452,2220 3545,2218 3638,2218 3730,2218 3823,2217 3916,2216 4009,2216 4102,2216 4194,2216 4287,2216 4380,2216 4473,2218 4566,2220"
                         HEIGHT="57"
                         WIDTH="1856"
                         VPOS="2178"
                         HPOS="2710">
                  <String HEIGHT="57"
                          WIDTH="560"
                          VPOS="2178"
                          HPOS="2675"
                          CONTENT="tillgripits,"/>
                  <SP HEIGHT="57" WIDTH="35" VPOS="2178" HPOS="3235"/>
                  <String HEIGHT="57"
                          WIDTH="385"
                          VPOS="2178"
                          HPOS="3130"
                          CONTENT="omkring"/>
                  <SP HEIGHT="57" WIDTH="35" VPOS="2178" HPOS="3515"/>
                  <String HEIGHT="57"
                          WIDTH="210"
                          VPOS="2178"
                          HPOS="3410"
                          CONTENT="25"/>
                  <SP HEIGHT="57" WIDTH="35" VPOS="2178" HPOS="3620"/>
                  <String HEIGHT="57"
                          WIDTH="210"
                          VPOS="2178"
                          HPOS="3515"
                          CONTENT="kr"/>
                  <SP HEIGHT="57" WIDTH="35" VPOS="2178" HPOS="3726"/>
                  <String HEIGHT="57" WIDTH="175" VPOS="2178" HPOS="3620" CONTENT="i"/>
                  <SP HEIGHT="57" WIDTH="35" VPOS="2178" HPOS="3796"/>
                  <String HEIGHT="57"
                          WIDTH="490"
                          VPOS="2178"
                          HPOS="3691"
                          CONTENT="penningar,"/>
                  <SP HEIGHT="57" WIDTH="35" VPOS="2178" HPOS="4181"/>
                  <String HEIGHT="57"
                          WIDTH="210"
                          VPOS="2178"
                          HPOS="4076"
                          CONTENT="en"/>
                  <SP HEIGHT="57" WIDTH="35" VPOS="2178" HPOS="4286"/>
                  <String HEIGHT="57"
                          WIDTH="315"
                          VPOS="2178"
                          HPOS="4181"
                          CONTENT="svart"/>
                  <SP HEIGHT="57" WIDTH="35" VPOS="2178" HPOS="4496"/>
                  <String HEIGHT="57"
                          WIDTH="210"
                          VPOS="2178"
                          HPOS="4356"
                          CONTENT="kof¬"
                          SUBS_TYPE="HypPart1"
                          SUBS_CONTENT="kofta"/>
                  <HYP CONTENT="-"/>
               </TextLine>
               <TextLine ID="line_1584605476592_600"
                         BASELINE="2700,2320 2794,2326 2889,2330 2984,2335 3041,2335"
                         HEIGHT="55"
                         WIDTH="341"
                         VPOS="2293"
                         HPOS="2700">
                  <String HEIGHT="55"
                          WIDTH="205"
                          VPOS="2293"
                          HPOS="2666"
                          CONTENT="ta"
                          SUBS_TYPE="HypPart2"
                          SUBS_CONTENT="kofta"/>
                  <SP HEIGHT="55" WIDTH="34" VPOS="2293" HPOS="2871"/>
                  <String HEIGHT="55"
                          WIDTH="205"
                          VPOS="2293"
                          HPOS="2768"
                          CONTENT="af"/>
                  <SP HEIGHT="55" WIDTH="34" VPOS="2293" HPOS="2973"/>
                  <String HEIGHT="55"
                          WIDTH="205"
                          VPOS="2293"
                          HPOS="2836"
                          CONTENT="rips"/>
               </TextLine>
               <TextLine ID="r2l23"
                         BASELINE="3086,2282 3112,2284 3138,2284 3164,2283 3190,2282 3217,2282 3243,2281 3269,2280 3295,2280 3322,2278"
                         HEIGHT="45"
                         WIDTH="236"
                         VPOS="2252"
                         HPOS="3086">
                  <String HEIGHT="45"
                          WIDTH="295"
                          VPOS="2252"
                          HPOS="3027"
                          CONTENT="garnerad"/>
               </TextLine>
               <TextLine ID="line_1584605475840_594"
                         BASELINE="3084,2336 3174,2338 3269,2338 3364,2338 3459,2338 3554,2336 3649,2336 3743,2334 3838,2332 3933,2332 4028,2332 4123,2332 4218,2334 4313,2336 4408,2340 4503,2344 4598,2352"
                         HEIGHT="60"
                         WIDTH="1514"
                         VPOS="2305"
                         HPOS="3084">
                  <String HEIGHT="60"
                          WIDTH="236"
                          VPOS="2305"
                          HPOS="3050"
                          CONTENT="med"/>
                  <SP HEIGHT="60" WIDTH="34" VPOS="2305" HPOS="3286"/>
                  <String HEIGHT="60"
                          WIDTH="336"
                          VPOS="2305"
                          HPOS="3185"
                          CONTENT="svarta"/>
                  <SP HEIGHT="60" WIDTH="34" VPOS="2305" HPOS="3521"/>
                  <String HEIGHT="60"
                          WIDTH="336"
                          VPOS="2305"
                          HPOS="3420"
                          CONTENT="perlor"/>
                  <SP HEIGHT="60" WIDTH="34" VPOS="2305" HPOS="3757"/>
                  <String HEIGHT="60"
                          WIDTH="269"
                          VPOS="2305"
                          HPOS="3656"
                          CONTENT="värd"/>
                  <SP HEIGHT="60" WIDTH="34" VPOS="2305" HPOS="3925"/>
                  <String HEIGHT="60"
                          WIDTH="202"
                          VPOS="2305"
                          HPOS="3824"
                          CONTENT="10"/>
                  <SP HEIGHT="60" WIDTH="34" VPOS="2305" HPOS="4026"/>
                  <String HEIGHT="60"
                          WIDTH="370"
                          VPOS="2305"
                          HPOS="3925"
                          CONTENT="kronor,"/>
                  <SP HEIGHT="60" WIDTH="34" VPOS="2305" HPOS="4295"/>
                  <String HEIGHT="60"
                          WIDTH="202"
                          VPOS="2305"
                          HPOS="4194"
                          CONTENT="en"/>
                  <SP HEIGHT="60" WIDTH="34" VPOS="2305" HPOS="4396"/>
                  <String HEIGHT="60"
                          WIDTH="269"
                          VPOS="2305"
                          HPOS="4295"
                          CONTENT="hvit"/>
                  <SP HEIGHT="60" WIDTH="34" VPOS="2305" HPOS="4564"/>
                  <String HEIGHT="60"
                          WIDTH="168"
                          VPOS="2305"
                          HPOS="4430"
                          CONTENT="un¬"
                          SUBS_TYPE="HypPart1"
                          SUBS_CONTENT="underkjol"/>
                  <HYP CONTENT="-"/>
               </TextLine>
               <TextLine ID="r2l25"
                         BASELINE="2704,2430 2797,2433 2891,2434 2985,2436 3079,2438 3173,2440 3266,2440 3360,2442 3454,2442 3548,2444 3642,2444 3735,2444 3829,2445 3923,2446 4017,2446 4111,2446 4204,2446 4298,2446 4392,2446 4486,2446 4580,2446"
                         HEIGHT="86"
                         WIDTH="1876"
                         VPOS="2383"
                         HPOS="2704">
                  <String HEIGHT="86"
                          WIDTH="356"
                          VPOS="2383"
                          HPOS="2672"
                          CONTENT="derkjol"
                          SUBS_TYPE="HypPart2"
                          SUBS_CONTENT="underkjol"/>
                  <SP HEIGHT="86" WIDTH="32" VPOS="2383" HPOS="3027"/>
                  <String HEIGHT="86"
                          WIDTH="226"
                          VPOS="2383"
                          HPOS="2930"
                          CONTENT="med"/>
                  <SP HEIGHT="86" WIDTH="32" VPOS="2383" HPOS="3157"/>
                  <String HEIGHT="86"
                          WIDTH="259"
                          VPOS="2383"
                          HPOS="3060"
                          CONTENT="krus"/>
                  <SP HEIGHT="86" WIDTH="32" VPOS="2383" HPOS="3319"/>
                  <String HEIGHT="86"
                          WIDTH="226"
                          VPOS="2383"
                          HPOS="3222"
                          CONTENT="och"/>
                  <SP HEIGHT="86" WIDTH="32" VPOS="2383" HPOS="3448"/>
                  <String HEIGHT="86"
                          WIDTH="356"
                          VPOS="2383"
                          HPOS="3351"
                          CONTENT="spetsar"/>
                  <SP HEIGHT="86" WIDTH="32" VPOS="2383" HPOS="3707"/>
                  <String HEIGHT="86"
                          WIDTH="259"
                          VPOS="2383"
                          HPOS="3610"
                          CONTENT="värd"/>
                  <SP HEIGHT="86" WIDTH="32" VPOS="2383" HPOS="3868"/>
                  <String HEIGHT="86" WIDTH="162" VPOS="2383" HPOS="3771" CONTENT="4"/>
                  <SP HEIGHT="86" WIDTH="32" VPOS="2383" HPOS="3933"/>
                  <String HEIGHT="86"
                          WIDTH="356"
                          VPOS="2383"
                          HPOS="3836"
                          CONTENT="kronor,"/>
                  <SP HEIGHT="86" WIDTH="32" VPOS="2383" HPOS="4192"/>
                  <String HEIGHT="86"
                          WIDTH="226"
                          VPOS="2383"
                          HPOS="4095"
                          CONTENT="ett"/>
                  <SP HEIGHT="86" WIDTH="32" VPOS="2383" HPOS="4321"/>
                  <String HEIGHT="86"
                          WIDTH="388"
                          VPOS="2383"
                          HPOS="4192"
                          CONTENT="linnelakan"/>
               </TextLine>
               <TextLine ID="r2l26"
                         BASELINE="2706,2556 2797,2556 2888,2556 2979,2556 3071,2554 3162,2554 3253,2554 3345,2554 3436,2554 3527,2554 3619,2554 3710,2556 3801,2556 3892,2556 3984,2556 4075,2556 4166,2556 4258,2557 4349,2558 4440,2558 4532,2558"
                         HEIGHT="74"
                         WIDTH="1826"
                         VPOS="2507"
                         HPOS="2706">
                  <String HEIGHT="74"
                          WIDTH="274"
                          VPOS="2507"
                          HPOS="2676"
                          CONTENT="värdt"/>
                  <SP HEIGHT="74" WIDTH="30" VPOS="2507" HPOS="2949"/>
                  <String HEIGHT="74" WIDTH="152" VPOS="2507" HPOS="2858" CONTENT="2"/>
                  <SP HEIGHT="74" WIDTH="30" VPOS="2507" HPOS="3010"/>
                  <String HEIGHT="74"
                          WIDTH="304"
                          VPOS="2507"
                          HPOS="2919"
                          CONTENT="Kronor"/>
                  <SP HEIGHT="74" WIDTH="30" VPOS="2507" HPOS="3223"/>
                  <String HEIGHT="74"
                          WIDTH="183"
                          VPOS="2507"
                          HPOS="3132"
                          CONTENT="50"/>
                  <SP HEIGHT="74" WIDTH="30" VPOS="2507" HPOS="3315"/>
                  <String HEIGHT="74"
                          WIDTH="243"
                          VPOS="2507"
                          HPOS="3223"
                          CONTENT="öre,"/>
                  <SP HEIGHT="74" WIDTH="30" VPOS="2507" HPOS="3467"/>
                  <String HEIGHT="74"
                          WIDTH="213"
                          VPOS="2507"
                          HPOS="3376"
                          CONTENT="ett"/>
                  <SP HEIGHT="74" WIDTH="30" VPOS="2507" HPOS="3589"/>
                  <String HEIGHT="74"
                          WIDTH="335"
                          VPOS="2507"
                          HPOS="3497"
                          CONTENT="putevar"/>
                  <SP HEIGHT="74" WIDTH="30" VPOS="2507" HPOS="3832"/>
                  <String HEIGHT="74"
                          WIDTH="183"
                          VPOS="2507"
                          HPOS="3741"
                          CONTENT="af"/>
                  <SP HEIGHT="74" WIDTH="30" VPOS="2507" HPOS="3923"/>
                  <String HEIGHT="74"
                          WIDTH="304"
                          VPOS="2507"
                          HPOS="3832"
                          CONTENT="linne,"/>
                  <SP HEIGHT="74" WIDTH="30" VPOS="2507" HPOS="4136"/>
                  <String HEIGHT="74"
                          WIDTH="274"
                          VPOS="2507"
                          HPOS="4045"
                          CONTENT="värdt"/>
                  <SP HEIGHT="74" WIDTH="30" VPOS="2507" HPOS="4319"/>
                  <String HEIGHT="74"
                          WIDTH="183"
                          VPOS="2507"
                          HPOS="4228"
                          CONTENT="En"/>
                  <SP HEIGHT="74" WIDTH="30" VPOS="2507" HPOS="4410"/>
                  <String HEIGHT="74"
                          WIDTH="243"
                          VPOS="2507"
                          HPOS="4289"
                          CONTENT="Krona,"/>
               </TextLine>
               <TextLine ID="r2l27"
                         BASELINE="2690,2674 2782,2674 2875,2674 2968,2672 3061,2672 3154,2670 3247,2670 3340,2670 3433,2668 3526,2668 3619,2666 3711,2666 3804,2666 3897,2664 3990,2664 4083,2664 4176,2664 4269,2664 4362,2666 4455,2666 4548,2668"
                         HEIGHT="80"
                         WIDTH="1858"
                         VPOS="2617"
                         HPOS="2690">
                  <String HEIGHT="80"
                          WIDTH="206"
                          VPOS="2617"
                          HPOS="2661"
                          CONTENT="ett"/>
                  <SP HEIGHT="80" WIDTH="29" VPOS="2617" HPOS="2867"/>
                  <String HEIGHT="80"
                          WIDTH="206"
                          VPOS="2617"
                          HPOS="2778"
                          CONTENT="par"/>
                  <SP HEIGHT="80" WIDTH="29" VPOS="2617" HPOS="2985"/>
                  <String HEIGHT="80"
                          WIDTH="501"
                          VPOS="2617"
                          HPOS="2896"
                          CONTENT="yllestrumpor,"/>
                  <SP HEIGHT="80" WIDTH="29" VPOS="2617" HPOS="3398"/>
                  <String HEIGHT="80"
                          WIDTH="295"
                          VPOS="2617"
                          HPOS="3309"
                          CONTENT="märkta"/>
                  <SP HEIGHT="80" WIDTH="29" VPOS="2617" HPOS="3604"/>
                  <String HEIGHT="80"
                          WIDTH="177"
                          VPOS="2617"
                          HPOS="3516"
                          CONTENT="A."/>
                  <SP HEIGHT="80" WIDTH="29" VPOS="2617" HPOS="3693"/>
                  <String HEIGHT="80"
                          WIDTH="206"
                          VPOS="2617"
                          HPOS="3604"
                          CONTENT="L.,"/>
                  <SP HEIGHT="80" WIDTH="29" VPOS="2617" HPOS="3811"/>
                  <String HEIGHT="80"
                          WIDTH="265"
                          VPOS="2617"
                          HPOS="3722"
                          CONTENT="värde"/>
                  <SP HEIGHT="80" WIDTH="29" VPOS="2617" HPOS="3988"/>
                  <String HEIGHT="80"
                          WIDTH="177"
                          VPOS="2617"
                          HPOS="3899"
                          CONTENT="50"/>
                  <SP HEIGHT="80" WIDTH="29" VPOS="2617" HPOS="4076"/>
                  <String HEIGHT="80"
                          WIDTH="236"
                          VPOS="2617"
                          HPOS="3988"
                          CONTENT="öre,"/>
                  <SP HEIGHT="80" WIDTH="29" VPOS="2617" HPOS="4224"/>
                  <String HEIGHT="80"
                          WIDTH="206"
                          VPOS="2617"
                          HPOS="4135"
                          CONTENT="ett"/>
                  <SP HEIGHT="80" WIDTH="29" VPOS="2617" HPOS="4342"/>
                  <String HEIGHT="80"
                          WIDTH="206"
                          VPOS="2617"
                          HPOS="4253"
                          CONTENT="par"/>
                  <SP HEIGHT="80" WIDTH="29" VPOS="2617" HPOS="4460"/>
                  <String HEIGHT="80"
                          WIDTH="206"
                          VPOS="2617"
                          HPOS="4342"
                          CONTENT="hvita"/>
               </TextLine>
               <TextLine ID="r2l28"
                         BASELINE="2710,2800 2803,2797 2896,2794 2990,2792 3083,2790 3177,2788 3270,2786 3363,2784 3457,2783 3550,2782 3644,2780 3737,2778 3830,2778 3924,2776 4017,2774 4111,2774 4204,2772 4297,2772 4391,2772 4484,2770 4578,2770"
                         HEIGHT="100"
                         WIDTH="1868"
                         VPOS="2723"
                         HPOS="2710">
                  <String HEIGHT="100"
                          WIDTH="459"
                          VPOS="2723"
                          HPOS="2677"
                          CONTENT="manchetter"/>
                  <SP HEIGHT="100" WIDTH="33" VPOS="2723" HPOS="3136"/>
                  <String HEIGHT="100"
                          WIDTH="229"
                          VPOS="2723"
                          HPOS="3038"
                          CONTENT="med"/>
                  <SP HEIGHT="100" WIDTH="33" VPOS="2723" HPOS="3267"/>
                  <String HEIGHT="100"
                          WIDTH="295"
                          VPOS="2723"
                          HPOS="3169"
                          CONTENT="samma"/>
                  <SP HEIGHT="100" WIDTH="33" VPOS="2723" HPOS="3464"/>
                  <String HEIGHT="100"
                          WIDTH="328"
                          VPOS="2723"
                          HPOS="3365"
                          CONTENT="märke,"/>
                  <SP HEIGHT="100" WIDTH="33" VPOS="2723" HPOS="3693"/>
                  <String HEIGHT="100"
                          WIDTH="295"
                          VPOS="2723"
                          HPOS="3595"
                          CONTENT="värde"/>
                  <SP HEIGHT="100" WIDTH="33" VPOS="2723" HPOS="3890"/>
                  <String HEIGHT="100"
                          WIDTH="197"
                          VPOS="2723"
                          HPOS="3791"
                          CONTENT="50"/>
                  <SP HEIGHT="100" WIDTH="33" VPOS="2723" HPOS="3988"/>
                  <String HEIGHT="100"
                          WIDTH="229"
                          VPOS="2723"
                          HPOS="3890"
                          CONTENT="öre"/>
                  <SP HEIGHT="100" WIDTH="33" VPOS="2723" HPOS="4119"/>
                  <String HEIGHT="100"
                          WIDTH="229"
                          VPOS="2723"
                          HPOS="4021"
                          CONTENT="och"/>
                  <SP HEIGHT="100" WIDTH="33" VPOS="2723" HPOS="4250"/>
                  <String HEIGHT="100"
                          WIDTH="197"
                          VPOS="2723"
                          HPOS="4152"
                          CONTENT="en"/>
                  <SP HEIGHT="100" WIDTH="33" VPOS="2723" HPOS="4349"/>
                  <String HEIGHT="100"
                          WIDTH="360"
                          VPOS="2723"
                          HPOS="4218"
                          CONTENT="serviett,"/>
               </TextLine>
               <TextLine ID="r2l29"
                         BASELINE="2716,2912 2807,2910 2899,2908 2990,2906 3082,2904 3174,2904 3265,2902 3357,2902 3448,2902 3540,2900 3632,2900 3723,2900 3815,2900 3906,2898 3998,2898 4090,2896 4181,2896 4273,2894 4364,2893 4456,2890 4548,2888"
                         HEIGHT="94"
                         WIDTH="1832"
                         VPOS="2841"
                         HPOS="2716">
                  <String HEIGHT="94"
                          WIDTH="244"
                          VPOS="2841"
                          HPOS="2685"
                          CONTENT="värd"/>
                  <SP HEIGHT="94" WIDTH="31" VPOS="2841" HPOS="2930"/>
                  <String HEIGHT="94"
                          WIDTH="183"
                          VPOS="2841"
                          HPOS="2838"
                          CONTENT="50"/>
                  <SP HEIGHT="94" WIDTH="31" VPOS="2841" HPOS="3021"/>
                  <String HEIGHT="94"
                          WIDTH="244"
                          VPOS="2841"
                          HPOS="2930"
                          CONTENT="öre,"/>
                  <SP HEIGHT="94" WIDTH="31" VPOS="2841" HPOS="3174"/>
                  <String HEIGHT="94"
                          WIDTH="244"
                          VPOS="2841"
                          HPOS="3082"
                          CONTENT="samt"/>
                  <SP HEIGHT="94" WIDTH="31" VPOS="2841" HPOS="3327"/>
                  <String HEIGHT="94"
                          WIDTH="214"
                          VPOS="2841"
                          HPOS="3235"
                          CONTENT="att"/>
                  <SP HEIGHT="94" WIDTH="31" VPOS="2841" HPOS="3449"/>
                  <String HEIGHT="94"
                          WIDTH="214"
                          VPOS="2841"
                          HPOS="3357"
                          CONTENT="han"/>
                  <SP HEIGHT="94" WIDTH="31" VPOS="2841" HPOS="3571"/>
                  <String HEIGHT="94"
                          WIDTH="214"
                          VPOS="2841"
                          HPOS="3479"
                          CONTENT="för"/>
                  <SP HEIGHT="94" WIDTH="31" VPOS="2841" HPOS="3693"/>
                  <String HEIGHT="94"
                          WIDTH="275"
                          VPOS="2841"
                          HPOS="3601"
                          CONTENT="detta"/>
                  <SP HEIGHT="94" WIDTH="31" VPOS="2841" HPOS="3876"/>
                  <String HEIGHT="94"
                          WIDTH="397"
                          VPOS="2841"
                          HPOS="3785"
                          CONTENT="tillgrepp"/>
                  <SP HEIGHT="94" WIDTH="31" VPOS="2841" HPOS="4182"/>
                  <String HEIGHT="94"
                          WIDTH="427"
                          VPOS="2841"
                          HPOS="4090"
                          CONTENT="misstänkte"/>
                  <SP HEIGHT="94" WIDTH="31" VPOS="2841" HPOS="4517"/>
                  <String HEIGHT="94"
                          WIDTH="153"
                          VPOS="2841"
                          HPOS="4395"
                          CONTENT="hos"/>
               </TextLine>
               <TextLine ID="r2l30"
                         BASELINE="2688,3040 2780,3036 2873,3033 2966,3030 3059,3026 3152,3024 3244,3022 3337,3020 3430,3018 3523,3016 3616,3014 3708,3012 3801,3010 3894,3010 3987,3008 4080,3008 4172,3006 4265,3006 4358,3006 4451,3004 4544,3004"
                         HEIGHT="106"
                         WIDTH="1856"
                         VPOS="2957"
                         HPOS="2688">
                  <String HEIGHT="106"
                          WIDTH="293"
                          VPOS="2957"
                          HPOS="2655"
                          CONTENT="honom"/>
                  <SP HEIGHT="106" WIDTH="33" VPOS="2957" HPOS="2948"/>
                  <String HEIGHT="106"
                          WIDTH="423"
                          VPOS="2957"
                          HPOS="2851"
                          CONTENT="anställda"/>
                  <SP HEIGHT="106" WIDTH="33" VPOS="2957" HPOS="3274"/>
                  <String HEIGHT="106"
                          WIDTH="293"
                          VPOS="2957"
                          HPOS="3176"
                          CONTENT="pigan"/>
                  <SP HEIGHT="106" WIDTH="33" VPOS="2957" HPOS="3469"/>
                  <String HEIGHT="106"
                          WIDTH="293"
                          VPOS="2957"
                          HPOS="3372"
                          CONTENT="Clara"/>
                  <SP HEIGHT="106" WIDTH="33" VPOS="2957" HPOS="3665"/>
                  <String HEIGHT="106"
                          WIDTH="326"
                          VPOS="2957"
                          HPOS="3567"
                          CONTENT="Olivia"/>
                  <SP HEIGHT="106" WIDTH="33" VPOS="2957" HPOS="3893"/>
                  <String HEIGHT="106"
                          WIDTH="456"
                          VPOS="2957"
                          HPOS="3795"
                          CONTENT="Johansson,"/>
                  <SP HEIGHT="106" WIDTH="33" VPOS="2957" HPOS="4251"/>
                  <String HEIGHT="106"
                          WIDTH="358"
                          VPOS="2957"
                          HPOS="4153"
                          CONTENT="hvilken"/>
                  <SP HEIGHT="106" WIDTH="33" VPOS="2957" HPOS="4511"/>
                  <String HEIGHT="106"
                          WIDTH="163"
                          VPOS="2957"
                          HPOS="4381"
                          CONTENT="den"/>
               </TextLine>
               <TextLine ID="r2l31"
                         BASELINE="2682,3164 2776,3164 2870,3162 2964,3161 3058,3159 3152,3157 3246,3154 3340,3152 3434,3150 3528,3148 3623,3144 3717,3142 3811,3139 3905,3136 3999,3132 4093,3130 4187,3126 4281,3124 4375,3122 4469,3119 4564,3116"
                         HEIGHT="118"
                         WIDTH="1882"
                         VPOS="3069"
                         HPOS="2682">
                  <String HEIGHT="118"
                          WIDTH="185"
                          VPOS="3069"
                          HPOS="2651"
                          CONTENT="29"/>
                  <SP HEIGHT="118" WIDTH="31" VPOS="3069" HPOS="2836"/>
                  <String HEIGHT="118"
                          WIDTH="154"
                          VPOS="3069"
                          HPOS="2744"
                          CONTENT="i"/>
                  <SP HEIGHT="118" WIDTH="31" VPOS="3069" HPOS="2898"/>
                  <String HEIGHT="118"
                          WIDTH="339"
                          VPOS="3069"
                          HPOS="2805"
                          CONTENT="berörde"/>
                  <SP HEIGHT="118" WIDTH="31" VPOS="3069" HPOS="3145"/>
                  <String HEIGHT="118"
                          WIDTH="278"
                          VPOS="3069"
                          HPOS="3052"
                          CONTENT="månad"/>
                  <SP HEIGHT="118" WIDTH="31" VPOS="3069" HPOS="3330"/>
                  <String HEIGHT="118"
                          WIDTH="401"
                          VPOS="3069"
                          HPOS="3237"
                          CONTENT="aflägsnat"/>
                  <SP HEIGHT="118" WIDTH="31" VPOS="3069" HPOS="3638"/>
                  <String HEIGHT="118"
                          WIDTH="216"
                          VPOS="3069"
                          HPOS="3546"
                          CONTENT="sig"/>
                  <SP HEIGHT="118" WIDTH="31" VPOS="3069" HPOS="3762"/>
                  <String HEIGHT="118"
                          WIDTH="185"
                          VPOS="3069"
                          HPOS="3669"
                          CONTENT="ur"/>
                  <SP HEIGHT="118" WIDTH="31" VPOS="3069" HPOS="3854"/>
                  <String HEIGHT="118"
                          WIDTH="370"
                          VPOS="3069"
                          HPOS="3762"
                          CONTENT="tjensten"/>
                  <SP HEIGHT="118" WIDTH="31" VPOS="3069" HPOS="4132"/>
                  <String HEIGHT="118"
                          WIDTH="216"
                          VPOS="3069"
                          HPOS="4040"
                          CONTENT="och"/>
                  <SP HEIGHT="118" WIDTH="31" VPOS="3069" HPOS="4255"/>
                  <String HEIGHT="118"
                          WIDTH="401"
                          VPOS="3069"
                          HPOS="4163"
                          CONTENT="sedermera"/>
                  <SP HEIGHT="118" WIDTH="31" VPOS="3069" HPOS="4564"/>
                  <String HEIGHT="118"
                          WIDTH="123"
                          VPOS="3069"
                          HPOS="4441"
                          CONTENT="ej"/>
               </TextLine>
               <TextLine ID="r2l32"
                         BASELINE="2702,3278 2728,3276 2754,3275 2781,3274 2807,3273 2833,3270 2860,3268 2886,3267 2912,3266 2939,3266 2965,3266 2992,3268"
                         HEIGHT="82"
                         WIDTH="290"
                         VPOS="3219"
                         HPOS="2702">
                  <String HEIGHT="82"
                          WIDTH="363"
                          VPOS="3219"
                          HPOS="2630"
                          CONTENT="afhörts."/>
               </TextLine>
               <TextLine ID="r2l33"
                         BASELINE="2802,3374 2890,3370 2979,3368 3068,3366 3157,3364 3246,3362 3334,3360 3423,3360 3512,3360 3601,3358 3690,3358 3778,3358 3867,3358 3956,3358 4045,3358 4134,3358 4222,3356 4311,3356 4400,3356 4489,3354 4578,3354"
                         HEIGHT="90"
                         WIDTH="1776"
                         VPOS="3307"
                         HPOS="2802">
                  <String HEIGHT="90" WIDTH="156" VPOS="3307" HPOS="2771" CONTENT="I"/>
                  <SP HEIGHT="90" WIDTH="31" VPOS="3307" HPOS="2927"/>
                  <String HEIGHT="90"
                          WIDTH="405"
                          VPOS="3307"
                          HPOS="2833"
                          CONTENT="anledning"/>
                  <SP HEIGHT="90" WIDTH="31" VPOS="3307" HPOS="3238"/>
                  <String HEIGHT="90"
                          WIDTH="280"
                          VPOS="3307"
                          HPOS="3145"
                          CONTENT="häraf"/>
                  <SP HEIGHT="90" WIDTH="31" VPOS="3307" HPOS="3425"/>
                  <String HEIGHT="90"
                          WIDTH="218"
                          VPOS="3307"
                          HPOS="3332"
                          CONTENT="har"/>
                  <SP HEIGHT="90" WIDTH="31" VPOS="3307" HPOS="3550"/>
                  <String HEIGHT="90"
                          WIDTH="685"
                          VPOS="3307"
                          HPOS="3456"
                          CONTENT="detektivkonstapeln"/>
                  <SP HEIGHT="90" WIDTH="31" VPOS="3307" HPOS="4142"/>
                  <String HEIGHT="90"
                          WIDTH="187"
                          VPOS="3307"
                          HPOS="4048"
                          CONTENT="E."/>
                  <SP HEIGHT="90" WIDTH="31" VPOS="3307" HPOS="4235"/>
                  <String HEIGHT="90"
                          WIDTH="405"
                          VPOS="3307"
                          HPOS="4142"
                          CONTENT="Hellström"/>
                  <SP HEIGHT="90" WIDTH="31" VPOS="3307" HPOS="4547"/>
                  <String HEIGHT="90"
                          WIDTH="156"
                          VPOS="3307"
                          HPOS="4422"
                          CONTENT="den"/>
               </TextLine>
               <TextLine ID="r2l34"
                         BASELINE="2682,3494 2776,3492 2871,3492 2965,3490 3060,3488 3155,3488 3249,3486 3344,3484 3438,3482 3533,3478 3628,3476 3722,3475 3817,3472 3911,3470 4006,3468 4101,3468 4195,3466 4290,3464 4384,3464 4479,3462 4574,3462"
                         HEIGHT="102"
                         WIDTH="1892"
                         VPOS="3415"
                         HPOS="2682">
                  <String HEIGHT="102"
                          WIDTH="155"
                          VPOS="3415"
                          HPOS="2651"
                          CONTENT="3"/>
                  <SP HEIGHT="102" WIDTH="31" VPOS="3415" HPOS="2806"/>
                  <String HEIGHT="102"
                          WIDTH="310"
                          VPOS="3415"
                          HPOS="2713"
                          CONTENT="dennes"/>
                  <SP HEIGHT="102" WIDTH="31" VPOS="3415" HPOS="3023"/>
                  <String HEIGHT="102"
                          WIDTH="372"
                          VPOS="3415"
                          HPOS="2930"
                          CONTENT="anhållit"/>
                  <SP HEIGHT="102" WIDTH="31" VPOS="3415" HPOS="3302"/>
                  <String HEIGHT="102"
                          WIDTH="465"
                          VPOS="3415"
                          HPOS="3209"
                          CONTENT="ofvannämnde"/>
                  <SP HEIGHT="102" WIDTH="31" VPOS="3415" HPOS="3675"/>
                  <String HEIGHT="102"
                          WIDTH="279"
                          VPOS="3415"
                          HPOS="3581"
                          CONTENT="Clara"/>
                  <SP HEIGHT="102" WIDTH="31" VPOS="3415" HPOS="3861"/>
                  <String HEIGHT="102"
                          WIDTH="310"
                          VPOS="3415"
                          HPOS="3768"
                          CONTENT="Olivia"/>
                  <SP HEIGHT="102" WIDTH="31" VPOS="3415" HPOS="4078"/>
                  <String HEIGHT="102"
                          WIDTH="434"
                          VPOS="3415"
                          HPOS="3985"
                          CONTENT="Johansson,"/>
                  <SP HEIGHT="102" WIDTH="31" VPOS="3415" HPOS="4419"/>
                  <String HEIGHT="102"
                          WIDTH="279"
                          VPOS="3415"
                          HPOS="4295"
                          CONTENT="hvilken"/>
               </TextLine>
               <TextLine ID="r2l35"
                         BASELINE="2698,3604 2791,3602 2884,3600 2977,3598 3070,3597 3164,3596 3257,3594 3350,3592 3443,3592 3536,3590 3630,3590 3723,3588 3816,3586 3909,3585 4002,3584 4096,3582 4189,3580 4282,3578 4375,3575 4468,3572 4562,3568"
                         HEIGHT="106"
                         WIDTH="1864"
                         VPOS="3521"
                         HPOS="2698">
                  <String HEIGHT="106"
                          WIDTH="321"
                          VPOS="3521"
                          HPOS="2666"
                          CONTENT="numera"/>
                  <SP HEIGHT="106" WIDTH="32" VPOS="3521" HPOS="2987"/>
                  <String HEIGHT="106"
                          WIDTH="354"
                          VPOS="3521"
                          HPOS="2891"
                          CONTENT="innehar"/>
                  <SP HEIGHT="106" WIDTH="32" VPOS="3521" HPOS="3244"/>
                  <String HEIGHT="106"
                          WIDTH="514"
                          VPOS="3521"
                          HPOS="3148"
                          CONTENT="månadstjenst"/>
                  <SP HEIGHT="106" WIDTH="32" VPOS="3521" HPOS="3662"/>
                  <String HEIGHT="106"
                          WIDTH="225"
                          VPOS="3521"
                          HPOS="3566"
                          CONTENT="hos"/>
                  <SP HEIGHT="106" WIDTH="32" VPOS="3521" HPOS="3791"/>
                  <String HEIGHT="106"
                          WIDTH="771"
                          VPOS="3521"
                          HPOS="3694"
                          CONTENT="Charkuterihandlanden"/>
                  <SP HEIGHT="106" WIDTH="32" VPOS="3521" HPOS="4466"/>
                  <String HEIGHT="106"
                          WIDTH="225"
                          VPOS="3521"
                          HPOS="4337"
                          CONTENT="Lenck"/>
               </TextLine>
               <TextLine ID="r2l36"
                         BASELINE="2694,3718 2786,3715 2879,3712 2971,3710 3064,3708 3157,3708 3249,3706 3342,3704 3434,3704 3527,3702 3620,3702 3712,3700 3805,3700 3897,3700 3990,3698 4083,3698 4175,3698 4268,3696 4360,3694 4453,3694 4546,3692"
                         HEIGHT="96"
                         WIDTH="1852"
                         VPOS="3645"
                         HPOS="2694">
                  <String HEIGHT="96" WIDTH="145" VPOS="3645" HPOS="2665" CONTENT="i"/>
                  <SP HEIGHT="96" WIDTH="29" VPOS="3645" HPOS="2810"/>
                  <String HEIGHT="96"
                          WIDTH="260"
                          VPOS="3645"
                          HPOS="2723"
                          CONTENT="huset"/>
                  <SP HEIGHT="96" WIDTH="29" VPOS="3645" HPOS="2983"/>
                  <String HEIGHT="96"
                          WIDTH="174"
                          VPOS="3645"
                          HPOS="2897"
                          CONTENT="No"/>
                  <SP HEIGHT="96" WIDTH="29" VPOS="3645" HPOS="3070"/>
                  <String HEIGHT="96" WIDTH="145" VPOS="3645" HPOS="2983" CONTENT="5"/>
                  <SP HEIGHT="96" WIDTH="29" VPOS="3645" HPOS="3128"/>
                  <String HEIGHT="96"
                          WIDTH="203"
                          VPOS="3645"
                          HPOS="3041"
                          CONTENT="vid"/>
                  <SP HEIGHT="96" WIDTH="29" VPOS="3645" HPOS="3244"/>
                  <String HEIGHT="96"
                          WIDTH="550"
                          VPOS="3645"
                          HPOS="3157"
                          CONTENT="Landsvägsgatan;"/>
                  <SP HEIGHT="96" WIDTH="29" VPOS="3645" HPOS="3707"/>
                  <String HEIGHT="96"
                          WIDTH="203"
                          VPOS="3645"
                          HPOS="3620"
                          CONTENT="och"/>
                  <SP HEIGHT="96" WIDTH="29" VPOS="3645" HPOS="3823"/>
                  <String HEIGHT="96"
                          WIDTH="203"
                          VPOS="3645"
                          HPOS="3736"
                          CONTENT="har"/>
                  <SP HEIGHT="96" WIDTH="29" VPOS="3645" HPOS="3938"/>
                  <String HEIGHT="96"
                          WIDTH="405"
                          VPOS="3645"
                          HPOS="3852"
                          CONTENT="Johansson,"/>
                  <SP HEIGHT="96" WIDTH="29" VPOS="3645" HPOS="4257"/>
                  <String HEIGHT="96"
                          WIDTH="318"
                          VPOS="3645"
                          HPOS="4170"
                          CONTENT="hvilken"/>
                  <SP HEIGHT="96" WIDTH="29" VPOS="3645" HPOS="4488"/>
                  <String HEIGHT="96"
                          WIDTH="203"
                          VPOS="3645"
                          HPOS="4401"
                          CONTENT="vid"/>
                  <SP HEIGHT="96" WIDTH="29" VPOS="3645" HPOS="4604"/>
                  <String HEIGHT="96" WIDTH="58" VPOS="3645" HPOS="4488" CONTENT=""/>
               </TextLine>
               <TextLine ID="r2l37"
                         BASELINE="2696,3826 2788,3824 2880,3822 2972,3820 3064,3818 3156,3816 3248,3815 3340,3814 3432,3812 3524,3812 3616,3812 3708,3810 3800,3810 3892,3810 3984,3810 4076,3812 4168,3812 4260,3814 4352,3814 4444,3816 4536,3818"
                         HEIGHT="86"
                         WIDTH="1840"
                         VPOS="3763"
                         HPOS="2696">
                  <String HEIGHT="86"
                          WIDTH="521"
                          VPOS="3763"
                          HPOS="2661"
                          CONTENT="anhållandet"/>
                  <SP HEIGHT="86" WIDTH="35" VPOS="3763" HPOS="3182"/>
                  <String HEIGHT="86"
                          WIDTH="417"
                          VPOS="3763"
                          HPOS="3078"
                          CONTENT="innehade"/>
                  <SP HEIGHT="86" WIDTH="35" VPOS="3763" HPOS="3494"/>
                  <String HEIGHT="86"
                          WIDTH="521"
                          VPOS="3763"
                          HPOS="3390"
                          CONTENT="ofvannämnde"/>
                  <SP HEIGHT="86" WIDTH="35" VPOS="3763" HPOS="3911"/>
                  <String HEIGHT="86"
                          WIDTH="347"
                          VPOS="3763"
                          HPOS="3807"
                          CONTENT="kofta,"/>
                  <SP HEIGHT="86" WIDTH="35" VPOS="3763" HPOS="4154"/>
                  <String HEIGHT="86"
                          WIDTH="521"
                          VPOS="3763"
                          HPOS="4015"
                          CONTENT="yllestrumpor,"/>
               </TextLine>
            </TextBlock>
         </PrintSpace>
      </Page>
   </Layout>
</alto>
