4960 4077
433 284 285 150 18
575 284 238 150 á
670 284 285 150 20
813 284 475 150 kronor
1145 284 333 150 och
1335 284 570 150 pantsatt
1763 284 333 150 hos
1905 284 475 150 Pantlåna

433 362 294 171 re
580 362 442 171 Karth
875 362 344 171 för
1071 362 245 171 1
1169 362 442 171 krona
1464 362 294 171 50
1611 362 393 171 öre,
1856 362 344 171 att
2003 362 344 171 efter

442 480 347 175 det
641 480 397 175 Lars
889 480 546 175 anmärkt
1286 480 347 175 att
1484 480 496 175 tröjan
1831 480 397 175 vore
2030 480 347 175 half¬-

445 584 514 189 sliten
805 584 669 189 Petersson
1319 584 412 189 köpt
1576 584 720 189 pantsedeln
2091 584 257 189 för

433 712 279 116 50
572 712 371 116 öre;
804 712 371 116 samt
1036 712 325 116 att
1222 712 279 116 då
1361 712 604 116 Petersson
1825 712 418 116 dagen
2057 712 279 116 der¬-

441 809 310 163 på
596 809 465 163 velat
906 809 361 163 hos
1112 809 723 163 Pantlånare
1680 809 465 163 Karth
1938 809 413 163 utlösa

457 927 520 141 tröjan
821 927 364 141 han
1029 927 572 141 blifvit
1445 927 780 141 underrättad
2017 927 260 141 att

446 1046 392 145 den
670 1046 448 145 vore
894 1046 729 145 tillgripen.

548 1089 279 197 I
660 1089 725 197 anledning
1217 1089 502 197 häraf
1552 1089 502 197 hafva
1831 1089 446 197 Detek¬-

439 1233 1127 128 tivkonstaplarne
1388 1233 712 128 Rönnbäck
1922 1233 415 128 och
2100 1233 237 128 C.

428 1320 762 172 Hällström
1015 1320 410 172 den
1249 1320 352 172 20
1425 1320 586 172 dennes
1777 1320 586 172 anhållit

453 1447 367 174 för
662 1447 524 174 tredje
1029 1447 472 174 resan
1344 1447 472 174 stöld
1606 1447 577 174 straffade

447 1542 530 170 förre
800 1542 1236 170 Kronoarbetskarlen
1800 1542 471 170 Johan,

452 1679 567 157 Edvard
849 1679 737 157 Johansson
1416 1679 623 157 Wester,
1812 1679 510 157 hvilken

441 1820 412 139 vid
677 1820 412 139 det
912 1820 412 139 med
1147 1820 530 139 honom
1500 1820 706 139 anstälda
1971 1820 353 139 för¬-

433 1914 391 200 hör
657 1914 726 200 uppgifvit
1215 1914 391 200 att
1439 1914 391 200 han
1662 1914 335 200 på
1830 1914 447 200 sätt
2054 1914 279 200 Pe¬-

435 2067 588 180 tersson
862 2067 748 180 uppgifvit,
1449 2067 641 180 Fredagen
1930 2067 374 180 den
2090 2067 214 180 14

431 2164 551 217 dennes
817 2164 331 217 på
982 2164 441 217 e.m.
1258 2164 441 217 till
1533 2164 496 217 honom
1809 2164 551 217 utbjudit

425 2322 734 157 oftanämde
989 2322 734 157 pantsedel
1553 2322 395 157 för
1779 2322 339 157 en
1892 2322 451 157 krona,

434 2435 362 181 men
641 2435 362 181 att
848 2435 362 181 han
1055 2435 414 181 kort
1313 2435 465 181 förut
1623 2435 258 181 å
1727 2435 362 181 ett
1882 2435 465 181 Bolags¬-

411 2543 684 185 värdshus
924 2543 399 185 vid
1152 2543 855 185 Kungstorget
1780 2543 513 185 emotta¬-

437 2686 423 191 git
678 2686 725 191 densamma
1222 2686 483 191 till
1464 2686 785 191 försälgning

425 2838 328 145 af
589 2838 383 145 för
808 2838 492 145 andra
1136 2838 492 145 resan
1465 2838 492 145 stöld
1738 2838 602 145 straffade

438 2908 401 207 Lars
688 2908 651 207 Andersson
1189 2908 401 207 från
1440 2908 451 207 Säfve
1740 2908 300 207 sn
1890 2908 250 207 å
1940 2908 401 207 Hisin¬-

423 3054 436 172 gen,
695 3054 436 172 samt
967 3054 381 172 att
1185 3054 381 172 han
1403 3054 436 172 icke
1675 3054 436 172 haft
1893 3054 381 172 någon

430 3145 613 191 kännedom
890 3145 307 191 om
1043 3145 358 191 att
1247 3145 511 191 tröjan
1605 3145 409 191 vore
1809 3145 511 191 tillgri¬-

388 3298 336 105 pen.

643 3313 654 148 Pantsedeln
1157 3313 233 148 å
1250 3313 467 148 tröjan
1530 3313 514 148 vidfogas.

474 3399 360 146 Lars
699 3399 585 146 Andersson
1149 3399 315 146 har
1329 3399 360 146 ännu
1555 3399 360 146 icke
1735 3399 585 146 anträffats.

485 3530 321 102 På
645 3530 481 102 grund
965 3530 321 102 af
1126 3530 427 102 hvad
1393 3530 588 102 sålunda
1767 3530 534 102 förekom¬-

420 3613 391 94 mit
643 3613 558 94 kommer
1034 3613 502 94 Johan
1369 3613 558 94 Edvard
1703 3613 614 94 Johansson

451 3671 493 125 Wester,
809 3671 313 125 att
989 3671 403 125 denna
1257 3671 313 125 dag
1436 3671 313 125 för
1615 3671 313 125 Pkn
1750 3671 537 125 inställas.

933 3748 637 155 Göteborg
1411 3748 372 155 den
1623 3748 319 155 21
1783 3748 372 155 Maj
1942 3748 372 155 1880.

4502 263 241 112 No
4582 263 241 112 120.

4510 399 282 134 Halfvard
4698 399 212 134 Eriksen

2685 234 570 162 Poliskonstapeln
3165 234 180 162 No
3255 234 180 162 10
3345 234 390 162 Johansson
3644 234 210 162 har
3764 234 420 162 Thorsdagen
4094 234 210 162 den
4214 234 180 162 20
4274 234 240 162 dennes

2578 384 215 128 kl.
2701 384 154 128 3
2763 384 246 128 e.m.
2916 384 154 128 å
2978 384 491 128 Eklundsgatan
3377 384 369 128 anhållit
3653 384 676 128 Skomakeriarbetaren
4206 384 307 128 Halfvard

2565 457 389 179 Eriksen,
2857 457 357 179 hvilken
3116 457 195 179 är
3213 457 162 179 i
3278 457 324 179 saknad
3505 457 195 179 af
3603 457 357 179 bestämd
3862 457 357 179 bostad,
4122 457 227 179 för
4251 457 227 179 det
4349 457 162 179 han

2580 592 372 200 innehaft
2859 592 186 200 en
2952 592 589 200 sommaröfverrock
3448 592 186 200 af
3541 592 279 200 blått
3728 592 372 200 prickigt
4007 592 248 200 tyg,
4162 592 217 200 för
4255 592 279 200 åtkomst

2551 720 363 170 hvartill
2823 720 212 170 han
2944 720 182 170 ej
3035 720 303 170 kunnat
3217 720 333 170 redogöra.

2722 797 223 181 Wid
2850 797 223 181 det
2977 797 223 181 med
3104 797 350 181 Eriksen
3359 797 159 181 i
3423 797 414 181 anledning
3741 797 287 181 häraf
3933 797 414 181 anställde
4219 797 255 181 förhör

2553 992 274 143 har
2670 992 196 143 han

4547 761 248 117 uppgifvit,
4742 761 124 117 att
4795 761 106 117 han,

4493 839 145 93 som
4576 839 124 93 är
4638 839 165 93 född
4741 839 103 93 i
4762 839 124 93 Fre¬-

4488 907 257 98 driksstad
4686 907 99 98 i
4706 907 178 98 Norige;

4493 968 230 72 alltsidan
4670 968 106 72 år
4724 968 142 72 1856
4794 968 89 72 vi¬-

4494 1017 187 89 stats
4619 1017 145 89 här
4702 1017 104 89 i
4723 1017 166 89 staden

4484 1075 124 87 och
4555 1075 249 87 sysselsatt
4751 1075 124 87 sig
4804 1075 89 87 med

4485 1134 392 86 Skomakeriarbeten,
4803 1134 93 86 men

4488 1201 116 76 nu
4546 1201 233 76 befinner
4720 1201 136 76 sig
4779 1201 116 76 utan

4489 1251 169 92 arbete
4607 1251 118 92 och
4658 1251 220 92 sysselsätt¬-

4459 1320 169 103 ning;

3142 937 211 181 att
3263 937 211 181 han
3383 937 272 181 sagde
3564 937 211 181 dag
3685 937 181 181 på
3776 937 543 181 eftermiddagen,
4228 937 151 181 i
4259 937 241 181 afsigt

2570 1029 212 188 att
2691 1029 334 188 bettla,
2934 1029 334 188 uppgått
3177 1029 152 188 i
3237 1029 212 188 ett
3359 1029 212 188 vid
3480 1029 304 188 Vestra
3693 1029 395 188 Hamngatan
3996 1029 334 188 beläget
4239 1029 212 188 hus
4330 1029 152 188 och

2562 1167 191 156 ur
2658 1167 191 156 en
2753 1167 287 156 olåst
2945 1167 319 156 tambur
3168 1167 414 156 derstädes
3486 1167 446 156 tillgripit
3837 1167 351 156 rocken,
4092 1167 223 156 som
4219 1167 223 156 han
4315 1167 159 156 äm¬-

2579 1260 217 205 nat
2703 1260 434 205 pantsatta;
3044 1260 341 205 hvarvid
3293 1260 217 205 han
3417 1260 341 205 blifvit
3665 1260 186 205 af
3758 1260 590 205 Poliskonstapeln
4224 1260 279 205 Johans¬-

2539 1449 271 136 son
2655 1449 426 136 anhållen.

2670 1506 263 164 Herr
2835 1506 395 164 Medicine
3131 1506 362 164 Doktorn
3394 1506 263 164 Rob.
3558 1506 329 164 Fries,
3788 1506 329 164 boende
4019 1506 164 164 i
4084 1506 296 164 huset
4282 1506 197 164 No
4347 1506 132 164 14

2563 1619 236 169 vid
2698 1619 338 169 Vestra
2935 1619 439 169 Hamngatan
3272 1619 236 169 har
3407 1619 338 169 anmält
3643 1619 236 169 sig
3778 1619 304 169 såsom
3981 1619 304 169 egare
4183 1619 270 169 till
4318 1619 169 169 den

2568 1715 193 225 af
2664 1715 355 225 Eriksen
2922 1715 451 225 innehafvde
3277 1715 355 225 rocken;
3535 1715 290 225 under
3728 1715 387 225 uppgift,
4019 1715 226 225 att
4115 1715 355 225 densamme,

2567 1850 203 143 som
2683 1850 232 143 vore
2828 1850 232 143 värd
2972 1850 174 143 15
3059 1850 318 143 Kronor,
3291 1850 260 143 jemte
3464 1850 203 143 ett
3580 1850 203 143 par
3696 1850 145 143 i
3754 1850 318 143 rockens
3985 1850 289 143 fickor
4159 1850 318 143 förvarade

2554 1931 277 182 bruna
2739 1931 400 182 handskar,
3046 1931 215 182 den
3169 1931 185 182 20
3262 1931 308 182 dennes
3477 1931 185 182 på
3569 1931 185 182 e.
3662 1931 185 182 m.
3754 1931 461 182 tillgripits
4123 1931 185 182 ur
4215 1931 185 182 en
4277 1931 215 182 olåst

2570 2073 321 138 tambur
2795 2073 257 138 till
2955 2073 257 138 hans
3084 2073 289 138 bostad.

2796 2083 267 195 Rocken
2983 2083 187 195 och
3090 2083 374 195 handskarne
3384 2083 267 195 hafva,
3571 2083 294 195 blifvit
3784 2083 214 195 till
3918 2083 374 195 Målsegaren
4185 2083 374 195 återlemnade.

2688 2179 203 144 På
2790 2179 304 144 grund
2992 2179 203 144 af
3093 2179 270 144 hvad
3262 2179 371 144 sålunda
3532 2179 507 144 förekommit,
3938 2179 338 144 kommer
4140 2179 338 144 Halfvard

2569 2300 388 174 Eriksson
2860 2300 226 174 att
2989 2300 291 174 denna
3183 2300 226 174 dag
3312 2300 226 174 för
3442 2300 550 174 Poliskammaren
3862 2300 388 174 inställas.

3017 2403 410 193 Göteborg
3325 2403 239 193 den
3461 2403 205 193 21
3564 2403 239 193 Maj
3667 2403 239 193 1880.

4480 2516 231 98 No
4558 2516 231 98 121.

4456 2641 221 99 Anna
4595 2641 249 99 Maria
4733 2641 166 99 Falk

2665 2491 628 199 Poliskonstapeln
3194 2491 198 199 No
3293 2491 198 199 15
3392 2491 396 199 Svensson
3689 2491 231 199 har
3821 2491 396 199 Fredagen
4119 2491 231 199 den
4251 2491 198 199 21
4317 2491 132 199 ds

2555 2604 201 218 på
2655 2604 268 218 e.m.
2822 2604 401 218 anhållit
3123 2604 234 218 för
3257 2604 401 218 snatteri
3558 2604 435 218 straffade
3892 2604 301 218 enkan
4093 2604 268 218 Anna
4227 2604 234 218 Maria

2574 2761 292 159 Falk,
2768 2761 324 159 boende
2995 2761 162 159 i
3060 2761 292 159 huset
3255 2761 195 159 No
3352 2761 195 159 10
3449 2761 227 159 vid
3579 2761 422 159 Enggatan,
3904 2761 227 159 för
4033 2761 227 159 det
4163 2761 227 159 hon
4260 2761 195 159 kort

2555 2844 271 208 förut
2735 2844 210 208 vid
2856 2844 421 208 Skeppsbron
3186 2844 301 208 ombord
3397 2844 150 208 å
3457 2844 451 208 Ångfartyget
3818 2844 481 208 Albrektssund
4178 2844 301 208 tillgri¬-

2560 2982 240 164 pit
2697 2982 205 164 en
2799 2982 547 164 bleckflaska,
3244 2982 547 164 innehållande
3689 2982 240 164 två
3826 2982 342 164 kannor
4031 2982 308 164 grädde.

2745 3095 291 140 Falk,
2939 3095 226 140 som
3068 3095 162 140 i
3132 3095 420 140 anledning
3455 3095 291 140 häraf
3649 3095 355 140 blifvit
3908 3095 291 140 hörd,
4101 3095 226 140 har
4198 3095 291 140 uppgif¬-

2559 3218 246 171 vit,
2713 3218 215 171 att
2836 3218 246 171 hon,
2990 3218 215 171 som
3113 3218 215 171 vid
3236 3218 338 171 berörde
3482 3218 400 171 tillfälle
3789 3218 246 171 gått
3943 3218 308 171 ombord
4158 3218 154 171 å
4189 3218 277 171 ångfar¬-

2574 3328 257 202 tyget
2745 3328 542 202 "Albrechtssund"
3201 3328 200 202 för
3315 3328 200 202 att
3429 3328 314 202 bettla,
3657 3328 200 202 der
3771 3328 399 202 tillgripit
4056 3328 428 202 bleckflaskan,

2560 3447 212 146 om
2666 3447 317 146 hvars
2877 3447 423 146 innehåll
3194 3447 247 146 hon
3335 3447 317 146 varit
3512 3447 353 146 obekant.

2689 3547 600 187 Restauratricen
3188 3547 266 187 Emma
3355 3547 433 187 Claesson,
3688 3547 400 187 anställd
3988 3547 167 187 å
4021 3547 433 187 ångfartyget

2558 3673 578 159 Albrektssund,
3034 3673 238 159 har
3170 3673 340 159 anmält
3408 3673 238 159 sig
3544 3673 238 159 som
3679 3673 306 159 egare
3883 3673 272 159 till
4019 3673 476 159 bleckflaskan
