4991 4142
485 158 541 194 blifvit
878 158 492 194 skrämd
1223 158 295 194 af
1370 158 295 194 en
1518 158 541 194 person,
1912 158 344 194 som
2059 158 394 194 inkom¬-

491 277 318 187 mit
672 277 227 187 i
763 277 546 187 butiken,
1173 277 318 187 ock
1355 277 455 187 derför
1673 277 455 187 kastat
1991 277 364 187 bort
2173 277 273 187 dyr¬-

480 410 369 186 ken;
711 410 323 186 att
895 410 323 186 han
1080 410 231 186 i
1172 410 415 186 April
1449 410 415 186 månad
1726 410 692 186 innevarande
2233 410 185 186 år

468 519 303 196 vid
641 519 303 196 ett
814 519 564 196 tillfälle
1248 519 260 196 då
1378 519 694 196 penninglådan
1942 519 390 196 varit
2159 519 303 196 olåst

478 659 253 145 ur
604 659 505 145 densamma
983 659 589 145 tillgripit
1446 659 253 145 10
1572 659 463 145 Kronor;
1909 659 295 145 att
2077 659 295 145 han
2203 659 253 145 kort

482 799 469 170 derefter
834 799 313 170 åter
1030 799 587 170 förfärdigat
1499 799 235 170 en
1616 799 313 170 dyrk
1812 799 235 170 af
1929 799 469 170 ståltråd
2242 799 196 170 och

487 893 597 192 sedermera
946 893 321 192 vid
1130 893 413 192 nedan
1405 893 643 192 omförmälde
1864 893 551 192 tillfällen

479 1008 286 152 På
622 1008 572 152 enehanda
1052 1008 382 152 sätt
1290 1008 477 152 öppnat
1624 1008 429 152 lådan
1910 1008 477 152 dervid
2197 1008 239 152 han

475 1139 263 186 ur
607 1139 526 186 densamma
1001 1139 614 186 tillgripit
1484 1139 395 186 först
1747 1139 219 186 3
1835 1139 483 186 Kronor,
2142 1139 307 186 någon

452 1273 337 181 tid
644 1273 481 181 straxt
981 1273 385 181 före
1222 1273 626 181 sistlidne
1703 1273 626 181 midsommar
2136 1273 241 181 50.

444 1368 515 199 Kronor;
818 1368 468 199 straxt
1146 1368 421 199 efter
1427 1368 608 199 midsommar
1894 1368 281 199 15
1988 1368 421 199 kronor,

467 1491 229 209 i
559 1491 459 209 slutet
880 1491 275 209 af
1018 1491 367 209 Juli
1247 1491 413 209 månad
1522 1491 229 209 9
1614 1491 505 209 Kronor,
1981 1491 229 209 i
2027 1491 367 209 början

458 1618 285 209 af
600 1618 522 209 Augusti
979 1618 427 209 månad
1264 1618 285 209 10
1406 1618 522 209 Kronor,
1785 1618 332 209 den
1975 1618 285 209 16
2070 1618 332 209 Augu¬-

468 1793 297 162 uti
637 1793 255 162 17
765 1793 297 162 öre
934 1793 509 162 påfoljde
1316 1793 297 162 dag
1486 1793 297 162 den
1655 1793 255 162 17
1783 1793 467 162 Augusti
2122 1793 255 162 en
2207 1793 212 162 se¬-

461 1917 297 181 del
630 1917 212 181 å
715 1917 297 181 100
885 1917 467 181 Kronor;
1225 1917 297 181 ock
1394 1917 297 181 den
1564 1917 212 181 8
1649 1917 424 181 dennes
1946 1917 255 181 10
2031 1917 382 181 Kronor;

455 2057 491 180 hvilket
812 2057 625 180 sistnämnde
1303 2057 446 180 belopp
1615 2057 446 180 egaren
1883 2057 491 180 återfått;

444 2200 300 165 att
616 2200 300 165 han
787 2200 300 165 vid
959 2200 386 165 olika
1216 2200 600 165 tillfällen
1688 2200 515 165 behållet
2031 2200 343 165 mindre

447 2339 806 131 Penningebelopp,
1125 2339 297 131 som
1295 2339 509 131 influtit
1677 2339 297 131 för
1846 2339 382 131 varor
2101 2339 297 131 dem
2228 2339 212 131 han

425 2421 294 184 för
593 2421 463 184 firmans
930 2421 463 184 räkning
1266 2421 505 184 försålt;
1645 2421 294 184 och
1813 2421 421 184 hvilka
2065 2421 337 184 belopp

442 2556 480 157 uppgått
792 2556 349 157 till
1010 2556 393 157 minst
1272 2556 218 157 1
1359 2556 393 157 krona
1621 2556 262 157 50
1752 2556 306 157 öre
1926 2556 218 157 i
1970 2556 393 157 veckan;

434 2727 399 119 samt
683 2727 349 119 att
883 2727 349 119 hon
1082 2727 299 119 af
1232 2727 399 119 alla
1481 2727 299 119 de
1631 2727 648 119 penningar
2080 2727 249 119 han

431 2843 582 144 sålunda
855 2843 476 144 under
1172 2843 476 144 denna
1490 2843 371 144 tid
1702 2843 424 144 från
1913 2843 424 144 firman

447 2944 677 145 tillgripit,
989 2944 497 145 användt
1350 2944 271 145 en
1485 2944 451 145 mindre
1801 2944 316 145 del
1982 2944 361 145 till
2162 2944 226 145 in¬-

436 3059 322 177 Köp
620 3059 276 177 af
758 3059 919 177 Klädespersedlar,
1539 3059 322 177 och
1723 3059 460 177 större
1998 3059 322 177 delen

422 3173 382 187 till
661 3173 668 187 bekostande
1185 3173 286 187 af
1328 3173 429 187 nöjen
1615 3173 334 187 och
1758 3173 572 187 förtäring.

534 3303 258 185 På
663 3303 387 185 grund
921 3303 258 185 af
1051 3303 344 185 hvad
1266 3303 474 185 sålunda
1610 3303 603 185 förekommit
2041 3303 344 185 kommer

428 3422 449 148 Amandus
755 3422 571 148 Berndtsson
1204 3422 449 148 hvilken
1530 3422 449 148 blifvit
1856 3422 326 148 till
2020 3422 367 148 cllfän¬-

455 3570 397 182 gelset
733 3570 636 182 införpassad,
1250 3570 278 182 att
1409 3570 358 182 denna
1647 3570 278 182 dag
1806 3570 278 182 för
1925 3570 437 182 Poliskam¬-

421 3681 360 166 maren
661 3681 559 166 inställas.
1100 3681 480 166 Göteborg
1460 3681 280 166 den
1620 3681 240 166 11
1740 3681 519 166 September
2099 3681 280 166 1880.

4481 224 261 153 No
4569 224 261 153 195.

4468 402 223 161 Charles
4630 402 202 161 Ludvig
4751 402 162 161 Olsson

2674 222 383 201 Fiskaren
2961 222 319 201 Martin
3185 222 415 201 Petersson
3504 222 255 201 från
3664 222 319 201 gården
3887 222 287 201 Näset
4079 222 160 201 i
4143 222 319 201 Askums
4334 222 160 201 Sn,

2562 373 189 168 nu
2657 373 379 168 liggande
2941 373 221 168 med
3068 373 221 168 sin
3194 373 379 168 fiskbåt,
3478 373 316 168 kallad
3699 373 347 168 "Tvenne
3951 373 442 168 familjer",
4299 373 158 168 i
4330 373 158 168 ka¬-

2563 481 279 169 nalen
2749 481 248 169 midt
2904 481 217 169 för
3028 481 743 169 Elementarläroverket,
3678 481 217 169 har
3802 481 372 169 Lördagen
4080 481 217 169 den
4204 481 186 169 11
4297 481 186 169 ds
4359 481 155 169 an¬-

2583 620 280 181 mält,
2770 620 218 181 att
2894 620 561 181 derförutgångne
3362 620 249 181 natt
3517 620 218 181 kl.
3642 620 343 181 omkring
3891 620 187 181 12
3984 620 156 181 å
4047 620 249 181 hans
4203 620 218 181 båt
4327 620 187 181 ur
4389 620 125 181 en

2576 723 282 198 olåst
2764 723 313 198 kista,
2983 723 219 198 som
3109 723 282 198 stått
3297 723 188 198 på
3391 723 345 198 däcket,
3641 723 251 198 från
3798 723 282 198 honom
3986 723 470 198 tillgripits
4331 723 188 198 föl¬-

2564 902 292 133 jande
2758 902 292 133 gods,
2920 902 357 133 nemligen:

2580 930 198 169 ett
2693 930 198 169 par
2806 930 254 169 byxor
2975 930 198 169 och
3088 930 169 169 en
3172 930 226 169 väst
3313 930 169 169 af
3398 930 198 169 blå
3511 930 226 169 slät
3652 930 310 169 doffel,
3878 930 423 169 tillsammans
4216 930 254 169 värdt
4357 930 198 169 20kr.

2573 1103 189 121 en
2668 1103 221 121 blå
2794 1103 221 121 och
2921 1103 442 121 hvitrandig
3268 1103 568 121 bomullsskjorta
3710 1103 189 121 värd

4339 1036 201 129 1,50

2573 1161 151 154 7
2633 1161 211 154 1/2
2754 1161 272 154 alnar
2935 1161 302 154 oblekt
3146 1161 453 154 bomullsväf,
3478 1161 181 154 värd

4354 1143 183 112 1,25.

2577 1295 178 121 5
2649 1295 178 121 ℔
2720 1295 320 121 hvitt
2898 1295 391 121 kaksocker

4259 1254 210 113 2:

2583 1351 156 214 6
2645 1351 218 214 par
2770 1351 468 214 kaffekoppar
3144 1351 218 214 med
3269 1351 218 214 fot
3393 1351 187 214 af
3487 1351 281 214 hvitt
3674 1351 343 214 porslin
3923 1351 218 214 med
4048 1351 218 214 blå
4142 1351 249 214 ringar

2824 1471 190 132 i
2900 1471 494 132 kanterna,
3242 1471 228 132 värd

4297 1446 224 111 1,75.

2580 1574 213 161 och
2701 1574 152 161 6
2762 1574 213 161 st.
2884 1574 365 161 förtenta
3127 1574 365 161 jernskedor

4315 1548 190 99 50.

2571 1639 246 212 samt
2725 1639 246 212 att,
2879 1639 277 212 sedan
3063 1639 431 212 Petersson,
3402 1639 215 212 som
3525 1639 215 212 vid
3648 1639 338 212 berörde
3894 1639 400 212 tillfälle
4201 1639 277 212 legat
4355 1639 154 212 och

2577 1762 320 201 sofvit
2801 1762 160 201 i
2865 1762 320 201 båten,
3088 1762 352 201 blifvit
3344 1762 288 201 väckt
3536 1762 192 201 af
3632 1762 320 201 ogifta
3856 1762 416 201 Albertina
4143 1762 352 201 Johansson

2586 1856 285 206 från
2764 1856 356 206 Gården
3013 1856 320 206 Wägga
3227 1856 178 206 i
3298 1856 356 206 nämnde
3547 1856 391 206 socken,
3832 1856 391 206 hvilken
4117 1856 320 206 såsom
4294 1856 214 206 pas¬-

2579 1950 374 225 sagerare
2859 1950 374 225 medföljt
3140 1950 218 225 hit
3265 1950 249 225 till
3421 1950 312 225 staden
3639 1950 218 225 och
3764 1950 405 225 uppgifvit
4075 1950 218 225 sig
4200 1950 281 225 hafva
4356 1950 187 225 hört

2597 2072 313 215 buller
2816 2072 157 215 å
2879 2072 313 215 båten,
3098 2072 407 215 Petersson
3411 2072 345 215 skyndat
3662 2072 251 215 upp,
3819 2072 219 215 men
3944 2072 219 215 att
4069 2072 376 215 tjufven,
4320 2072 188 215 med¬-

2561 2186 396 245 hafvande
2858 2186 231 245 det
2990 2186 462 245 tillgripna
3353 2186 363 245 godset,
3618 2186 528 245 dessförinnan
4047 2186 330 245 hunnit
4245 2186 297 245 aflägs¬-

2579 2283 190 255 na
2674 2283 222 255 sig
2801 2283 254 255 från
2960 2283 317 255 båten,
3182 2283 413 255 hvarefter
3500 2283 413 255 Petersson
3817 2283 317 255 anmält
4039 2283 476 255 tillgreppet
4388 2283 159 255 för

2584 2401 175 203 i
2654 2401 419 203 närheten
2968 2401 489 203 posterande
3352 2401 663 203 Poliskonstapeln
3911 2401 209 203 No
4015 2401 209 203 21
4085 2401 384 203 Lundgren,

2561 2521 397 201 hvilken
2849 2521 361 201 straxt
3102 2521 433 201 derefter
3426 2521 325 201 invid
3643 2521 433 201 buskarne
3967 2521 397 201 nedanom
4220 2521 288 201 gymna¬-

2587 2631 417 180 stikhuset
2908 2631 417 180 påträffat
3228 2631 192 180 en
3324 2631 481 180 mansperson,
3709 2631 257 180 som,
3870 2631 192 180 då
3966 2631 224 180 han
4062 2631 449 180 varseblifvit

2579 2730 430 249 Lundgren,
2910 2730 463 249 springande
3274 2730 430 249 aflägsnat
3605 2730 265 249 sig,
3771 2730 331 249 dervid
4002 2730 232 249 han
4135 2730 331 249 kastat
4333 2730 199 249 från

2570 2866 204 240 sig
2686 2866 408 240 Peterssons
3007 2866 292 240 byxor,
3211 2866 233 240 väst
3357 2866 204 240 och
3444 2866 292 240 skjorta.

2770 2970 178 200 I
2842 2970 464 200 anledning
3198 2970 321 200 häraf
3412 2970 250 200 har
3555 2970 392 200 bemälde
3840 2970 464 200 konstapel
4161 2970 357 200 Lundgren

2578 3044 226 217 den
2707 3044 193 217 11
2803 3044 322 217 dennes
3029 3044 193 217 på
3126 3044 387 217 middagen
3416 3044 226 217 för
3545 3044 290 217 detta
3738 3044 419 217 tillgrepp
4061 3044 387 217 anhållit
4319 3044 161 217 för

2582 3181 294 173 andra
2778 3181 294 173 resan
2974 3181 392 173 snatteri
3268 3181 424 173 straffade
3594 3181 359 173 Charles
3855 3181 326 173 Ludvig
4083 3181 359 173 Olsson,
4312 3181 228 173 hvil¬-

2577 3288 241 184 ken
2714 3288 241 184 vid
2852 3288 241 184 det
2990 3288 241 184 med
3128 3288 310 184 honom
3335 3288 448 184 anställda
3680 3288 345 184 förhör
3922 3288 414 184 vidgått:
4232 3288 241 184 att
4336 3288 172 184 han

2590 3400 217 194 vid
2714 3400 528 194 ifrågavarande
3149 3400 435 194 tillfället
3491 3400 155 194 å
3553 3400 466 194 Målsegarens
3926 3400 217 194 båt
4050 3400 155 194 i
4112 3400 186 194 en
4205 3400 186 194 på
4267 3400 249 194 däcket

2569 3521 392 202 befintlig
2871 3521 272 202 olåst
3052 3521 272 202 kista
3233 3521 392 202 olofligen
3535 3521 423 202 tillgripit
3867 3521 242 202 allt
4018 3521 211 202 det
4139 3521 181 202 af
4199 3521 302 202 målsega¬-

2587 3606 223 179 ren
2715 3606 351 179 anmälda
2970 3606 351 179 godset,
3225 3606 415 179 hvarjemte
3544 3606 319 179 Olsson
3767 3606 447 179 uppgifvit,
4118 3606 223 179 att
4246 3606 191 179 då
4310 3606 159 179 han

2582 3734 392 158 förmärkt
2876 3734 229 158 ett
3007 3734 457 158 fruntimmer
3366 3734 163 158 å
3431 3734 294 158 båten
3627 3734 261 158 göra
3791 3734 359 158 allarm,
4052 3734 229 158 han
4182 3734 294 158 efter
4346 3734 163 158 att
