5068 4076
562 86 214 179 en
669 86 179 179 i
741 86 393 179 wenstra
1026 86 464 179 byxfickan
1383 86 428 179 förvarad
1705 86 571 179 portemonaie,
2133 86 250 179 inne¬-

543 198 395 162 hållande
839 198 362 162 omkring
1102 198 329 162 Nitton
1300 198 296 162 kronor.

531 290 194 140 2o
628 290 323 140 ogifta
854 290 323 140 Lovisa
1080 290 388 140 Nilsson,
1371 290 323 140 boende
1597 290 162 140 i
1662 290 291 140 huset
1856 290 194 140 No
1953 290 194 140 41
2050 290 226 140 vid
2146 290 259 140 Husar¬-

526 388 315 170 gatan,
747 388 221 170 att
873 388 221 170 den
999 388 189 170 30
1094 388 315 170 sistl.
1314 388 410 170 November,
1630 388 221 170 kl.
1756 388 347 170 omkring
2008 388 189 170 11
2102 388 189 170 på
2165 388 221 170 afto¬-

517 476 271 164 nen,
687 476 237 164 för
822 476 305 164 andra
1026 476 305 164 resan
1229 476 305 164 stöld
1433 476 441 164 straffade
1772 476 441 164 Ynglingen
2111 476 271 164 Carl
2246 476 170 164 An¬-

519 600 277 128 gust
693 600 381 128 Olsson,
970 600 243 128 för
1109 600 347 128 första
1351 600 312 128 resan
1559 600 312 128 stöld
1767 600 451 128 straffade
2079 600 312 128 Ynglin¬-

518 665 272 149 gen
674 665 350 149 Johan
907 665 389 149 Albert
1179 665 506 149 Andersson
1568 665 272 149 och
1724 665 272 149 för
1879 665 389 149 första
2113 665 272 149 resan

523 764 413 152 snatteri
832 764 447 152 straffade
1176 764 310 152 förre
1383 764 585 152 Artilleristen
1864 764 275 152 Carl
2037 764 310 152 Georg
2209 764 206 152 Hul¬-

499 856 300 140 tin
670 856 385 140 jemte
927 856 257 140 en
1055 856 385 140 annan
1312 856 385 140 okänd
1569 856 471 140 yngling
1911 856 513 140 inkommit
2254 856 128 140 i

522 923 509 130 Nilssons
903 923 297 130 och
1073 923 297 130 med
1242 923 382 130 henne
1497 923 678 130 sammanboende
2006 923 339 130 ogifta

518 1031 410 151 Josefina
825 1031 410 151 Larssons
1133 1031 649 151 bostadslägenhet
1680 1031 171 151 i
1748 1031 376 151 berörde
2021 1031 273 151 hus,
2158 1031 205 151 att,

535 1093 195 174 de
632 1093 389 174 derefter
924 1093 292 174 efter
1118 1093 227 174 att
1248 1093 292 174 hafwa
1443 1093 227 174 der
1572 1093 389 174 föröfvat
1864 1093 454 174 åtskilligt
2188 1093 195 174 ofog

536 1194 252 187 och
680 1194 396 187 uppfört
968 1194 252 187 sig
1112 1194 216 187 så
1220 1194 432 187 wåldsamt
1543 1194 252 187 att
1687 1194 396 187 Nilsson
1975 1194 252 187 och
2083 1194 324 187 Larsson

537 1291 257 163 måst
697 1291 225 163 fly
826 1291 192 163 ur
922 1291 481 163 lägenheten,
1307 1291 417 163 aflägsnat
1627 1291 257 163 sig;
1788 1291 417 163 hvarefter
2076 1291 289 163 saknats

550 1394 238 146 ett
686 1394 577 146 winterpaletå,
1161 1394 272 146 wärd
1331 1394 339 146 femton
1568 1394 339 146 kronor
1806 1394 238 146 och
1942 1394 170 146 2
2010 1394 238 146 par
2111 1394 272 146 skinn¬-

528 1482 389 159 kängor,
810 1482 318 159 wärda
1022 1482 247 159 tre
1164 1482 353 159 kronor
1411 1482 353 159 paret,
1659 1482 495 159 tillhöriga
2012 1482 318 159 Nilsson

527 1568 269 165 samt
696 1568 202 165 en
797 1568 370 165 "Tunik"
1066 1568 202 165 af
1167 1568 303 165 grått
1369 1568 269 165 tyg,
1537 1568 269 165 wärd
1705 1568 202 165 En
1806 1568 336 165 krona,
2008 1568 370 165 tillhörig

528 1693 471 142 Larsson;
881 1693 314 142 samt
1077 1693 275 142 att
1234 1693 471 142 Nilssons
1588 1693 393 142 paletå
1863 1693 275 142 och
1980 1693 393 142 Larssons

551 1757 286 189 tunik
742 1757 540 189 derpåföljande
1186 1757 222 189 dag
1313 1757 476 189 återfunnits
1695 1757 159 189 i
1758 1757 222 189 ett
1885 1757 349 189 wretrum
2107 1757 191 189 till

521 1859 323 162 samma
736 1859 287 162 hus,
916 1859 431 162 hvaremot
1239 1859 431 162 Nilssons
1562 1859 359 162 känger
1813 1859 287 162 icke
1956 1859 431 162 tillrätta¬-

536 1975 501 125 kommit,
901 1975 319 125 och

505 2008 220 194 3o
615 2008 367 194 Åkaren
872 2008 220 194 J.
982 2008 220 194 A.
1093 2008 440 194 Larsson,
1423 2008 367 194 boende
1680 2008 184 194 i
1753 2008 330 194 huset
1973 2008 220 194 No
2083 2008 220 194 64
2157 2008 220 194 Litt

522 2146 175 150 E
592 2146 175 150 i
662 2146 419 150 Majornas
976 2146 245 150 6te
1116 2146 314 150 rote,
1326 2146 245 150 att
1466 2146 245 150 han
1605 2146 245 150 den
1745 2146 210 150 30
1850 2146 314 150 sist.
2025 2146 349 150 November

543 2247 229 125 kl.
674 2247 360 125 omkring
936 2247 196 125 11
1034 2247 196 125 på
1132 2247 360 125 aftonen
1394 2247 164 125 i
1459 2247 458 125 portgången
1819 2247 262 125 till
1982 2247 294 125 huset
2179 2247 196 125 No
2244 2247 131 125 41

522 2364 269 157 wid
675 2364 538 157 Husargatan
1098 2364 230 157 af
1213 2364 307 157 fyra
1405 2364 384 157 okända
1674 2364 653 157 manspersoner,
2173 2364 192 157 som

535 2424 547 190 antagligen
965 2424 391 190 kommit
1238 2424 313 190 från
1434 2424 391 190 Lovisa
1708 2424 469 190 Nilssons
2059 2424 274 190 och
2177 2424 195 190 Ma¬-

534 2517 310 140 tilda
740 2517 414 140 Larssons
1051 2517 379 140 bostad,
1327 2517 379 140 blifvit
1603 2517 552 140 omkullslagen
2051 2517 241 140 och
2155 2517 241 140 från¬-

526 2620 314 149 tagen
735 2620 244 149 ett
875 2620 174 149 i
945 2620 244 149 ena
1084 2620 488 149 wästfickan
1468 2620 454 149 förwaradt
1817 2620 209 149 s.
1922 2620 209 149 k.
2026 2620 349 149 jagtur
2235 2620 140 149 af

542 2700 425 168 silfwer
851 2700 270 168 med
1006 2700 579 168 widhängande
1469 2700 657 168 silfwerkedja,
2010 2700 348 168 värdt
2203 2700 232 168 Ett¬-

530 2817 760 144 hundratrettiofem
1138 2817 342 144 kronor.

608 2859 491 179 Onsdagen
977 2859 287 179 den
1140 2859 205 179 1
1222 2859 246 179 ds
1345 2859 287 179 har
1509 2859 614 179 ofvannämnde
1960 2859 450 179 Sjömannen

476 2967 318 181 Carl
675 2967 358 181 Johan
913 2967 437 181 Jonsson
1231 2967 596 181 ytterligare
1708 2967 437 181 anmält,
2026 2967 278 181 att
2145 2967 199 181 han

517 3070 349 181 sagde
750 3070 271 181 dag
905 3070 232 181 på
1021 3070 310 181 f.m.
1215 3070 194 181 å
1292 3070 697 181 Landswägsgatan
1873 3070 310 181 åter
2028 3070 349 181 samman¬-

526 3170 401 157 träffat
817 3170 255 157 med
963 3170 219 157 en
1072 3170 219 157 af
1181 3170 219 157 de
1291 3170 364 157 okände
1546 3170 510 157 ynglingar,
1946 3170 255 157 med
2056 3170 291 157 hvilka

510 3276 259 137 han
658 3276 667 137 derförutgångne
1214 3276 407 137 aftonen
1510 3276 519 137 sällskapat
1918 3276 259 137 och
2029 3276 333 137 hvarwid

502 3345 378 165 mistat
767 3345 265 165 sin
918 3345 605 165 portemonaie;
1410 3345 265 165 att
1561 3345 227 165 då
1674 3345 416 165 Jansson
1977 3345 378 165 dervid
2204 3345 189 165 an¬-

521 3435 330 146 modat
741 3435 257 146 den
888 3435 367 146 okände
1145 3435 257 146 att
1292 3435 440 146 medfölja
1622 3435 293 146 till
1768 3435 624 146 Poliswaktkonto¬-

505 3536 290 159 ret,
686 3536 326 159 denne
903 3536 435 159 sprungit
1229 3536 326 159 bort,
1446 3536 254 159 men
1591 3536 217 159 af
1700 3536 398 159 Jansson
1953 3536 435 159 upphunnits

532 3617 235 144 och
667 3617 470 144 fasttagits
1036 3617 168 144 i
1103 3617 336 144 gården
1338 3617 269 144 till
1506 3617 302 144 huset
1708 3617 201 144 No
1809 3617 201 144 34
1909 3617 235 144 wid
2010 3617 403 144 Landswägs¬-

533 3719 364 181 gatan;
788 3719 255 181 att
933 3719 437 181 Jansson,
1261 3719 255 181 som
1407 3719 292 181 haft
1589 3719 255 181 för
1735 3719 364 181 afsigt
1954 3719 437 181 öfwerlemna

2732 92 513 189 ifrågakomne
3142 92 342 189 person
3381 92 273 189 till
3552 92 410 189 Polisen,
3859 92 376 189 derföre
4133 92 410 189 medtagit
4406 92 171 189 ho¬-

2733 213 237 160 nom
2869 213 271 160 till
3038 213 645 160 Masthuggswägen,
3581 213 237 160 men
3717 213 237 160 att
3853 213 237 160 den
3988 213 339 160 okände
4192 213 373 160 derstädes

2720 307 270 127 åter
2889 307 337 127 lyckat
3125 307 371 127 springa
3394 307 270 127 från
3563 307 371 127 Jansson
3832 307 270 127 utan
4001 307 236 127 att
4169 307 303 127 kunna
4371 307 202 127 af
4439 307 168 127 ho¬-

2720 402 276 144 nom
2838 402 472 144 upphinnas.

2822 439 415 186 Lördagen
3134 439 242 186 den
3272 439 207 186 14
3376 439 207 186 ds
3479 439 242 186 har
3618 439 380 186 hustrun
3894 439 450 186 Christina
4206 439 380 186 Eliasson,

2747 565 362 154 boende
3000 565 181 154 i
3073 565 326 154 huset
3290 565 217 154 No
3398 565 217 154 34
3507 565 253 154 vid
3652 565 652 154 Landswägsgatan
4195 565 181 154 å
4231 565 362 154 Polisens

2731 653 489 141 Detektiva
3107 653 752 141 afdelningskontor
3747 653 451 141 aflemnat
4085 653 376 141 Åkaren
4311 653 263 141 Lars¬-

2716 770 280 132 sons
2891 770 351 132 jagtur
3137 770 245 132 med
3277 770 351 132 kedja;
3522 770 316 132 under
3733 770 421 132 uppgift,
4048 770 245 132 att
4188 770 245 132 den
4329 770 175 132 1
4399 770 210 132 ds
4469 770 140 132 på

2729 843 226 156 f.
2842 843 226 156 m.
2955 843 226 156 en
3068 843 339 156 okänd
3294 843 564 156 mansperson,
3745 843 263 156 som
3896 843 339 156 varit
4122 843 489 156 eftersatt
4460 843 151 156 af

2722 932 215 155 en
2830 932 323 155 annan
3045 932 394 155 person,
3332 932 394 155 hvilken
3618 932 394 155 sednare
3905 932 466 155 uppgifvit
4264 932 251 155 sig
4371 932 251 155 hafwa

2733 1026 365 145 blifvit
2998 1026 431 145 bestulen,
3330 1026 398 145 inkommit
3629 1026 166 145 i
3695 1026 365 145 berörde
3960 1026 265 145 gård
4126 1026 232 145 och
4259 1026 232 145 der
4359 1026 265 145 kastat

2729 1102 304 165 ifrån
2932 1102 236 165 sig
3067 1102 236 165 ett
3201 1102 337 165 mindre
3438 1102 337 165 knyte,
3674 1102 270 165 som,
3842 1102 304 165 efter
4045 1102 236 165 det
4180 1102 270 165 båda
4314 1102 304 165 aflägs¬-

2718 1205 283 154 nat
2879 1205 283 154 sig
3041 1205 526 154 befunnits
3446 1205 445 154 utgöras
3770 1205 243 154 af
3891 1205 243 154 en
4012 1205 405 154 gammal
4255 1205 324 154 wirkad

2710 1291 286 155 hvit
2889 1291 251 155 och
3032 1291 251 155 blå
3176 1291 430 155 barnjal,
3498 1291 322 155 hvari
3713 1291 394 155 funnits
3999 1291 358 155 inlagd
4214 1291 394 155 jagturet;

2710 1376 242 139 att
2849 1376 312 139 efter
3057 1376 242 139 det
3195 1376 346 139 hustru
3437 1376 415 139 Eliasson
3749 1376 588 139 tillwaratagit
4233 1376 277 139 uret
4372 1376 173 139 och

2707 1479 417 171 sjalen,
3010 1479 341 171 samma
3238 1479 417 171 person,
3541 1479 265 171 som
3693 1479 379 171 kastat
3958 1479 341 171 ifrån
4186 1479 265 171 sig
4300 1479 265 171 desse

2697 1584 510 156 persedlar,
3097 1584 328 156 efter
3316 1584 219 156 en
3425 1584 328 156 stund
3644 1584 364 156 kommit
3898 1584 437 156 tillbaka
4226 1584 255 156 och
4335 1584 219 156 frå¬-

2710 1657 278 164 gat
2869 1657 397 164 hennes
3147 1657 318 164 man,
3346 1657 835 164 Jernwägsarbetaren
4061 1657 437 164 Albrekt
4340 1657 238 164 Eli¬-

2720 1744 369 152 asson,
2978 1744 406 152 hvilken
3273 1744 221 152 då
3384 1744 516 152 uppehållit
3790 1744 258 152 sig
3937 1744 184 152 å
4011 1744 406 152 gården,
4306 1744 221 152 om
4380 1744 184 152 han

2740 1855 624 152 tillwaratagit
3254 1855 330 152 något
3474 1855 367 152 knyte,
3731 1855 257 152 som
3878 1855 257 152 den
4025 1855 367 152 okände
4245 1855 330 152 uppgif¬-

2725 1922 270 186 wit
2880 1922 308 186 sig,
3072 1922 308 186 kort
3265 1922 385 186 förut,
3534 1922 347 186 under
3766 1922 270 186 det
3920 1922 270 186 han
4074 1922 501 186 innewarit
4420 1922 116 186 å

2733 2025 450 171 gården,
3061 2025 369 171 hafwa
3265 2025 328 171 tappat

2837 2122 380 156 Sedan
3090 2122 295 156 den
3259 2122 253 156 af
3385 2122 548 156 Sjömannen
3807 2122 506 156 Jansson,
4186 2122 337 156 samt
4355 2122 211 156 Ma¬-

2710 2208 348 147 karna
2942 2208 464 147 Eliasson
3290 2208 425 147 lemnade
3599 2208 580 147 beskrifning
4063 2208 193 147 å
4140 2208 270 147 den
4256 2208 309 147 person

2697 2301 276 161 som
2854 2301 315 161 dels
3051 2301 551 161 sällskapat
3484 2301 276 161 med
3641 2301 433 161 Jansson
3956 2301 276 161 och
4114 2301 276 161 den
4271 2301 197 161 1
4350 2301 236 161 ds
4429 2301 157 161 af

2712 2390 337 162 honom
2936 2390 187 162 å
3011 2390 675 162 Landswägsgatan
3574 2390 562 162 anträffats,
4024 2390 300 162 dels
4211 2390 262 162 ock
4324 2390 262 162 inne¬-

2708 2483 349 135 warit
2941 2483 194 135 å
3018 2483 388 135 gården
3290 2483 310 135 till
3483 2483 349 135 huset
3716 2483 233 135 No
3832 2483 233 135 34
3948 2483 271 135 vid
4065 2483 543 135 Landswägsga¬-

2717 2551 269 157 tan,
2885 2551 269 157 kort
3053 2551 269 157 före
3221 2551 235 157 det
3355 2551 269 157 uret
3523 2551 235 157 der
3658 2551 537 157 påträffades,
4094 2551 437 157 befunnits
4397 2551 201 157 till

2717 2644 318 157 alla
2916 2644 358 157 delar
3154 2644 715 157 öfwerensstämma
3750 2644 278 157 med
3909 2644 437 157 Hulténs
4188 2644 397 157 utseende

2722 2746 247 127 och
2863 2746 424 127 klädsel,
3181 2746 494 127 anställdes
3569 2746 636 127 efterspaningar
4099 2746 318 127 efter
4275 2746 283 127 denne,

2722 2815 316 143 utan
2919 2815 276 143 att
3077 2815 276 143 han
3235 2815 395 143 kunnat
3511 2815 276 143 här
3669 2815 197 143 i
3748 2815 395 143 staden
3985 2815 513 143 anträffats.

2759 2937 201 117 I
2839 2937 523 117 anledning
3242 2937 242 117 af
3363 2937 403 117 Lovisa
3645 2937 483 117 Nilssons
4007 2937 443 117 anmälan
4289 2937 201 117 och

2739 3009 317 132 såsom
2950 3009 493 132 misstänkte
3338 3009 247 132 för
3478 3009 528 132 delaktighet
3901 3009 176 132 i
3971 3009 211 132 de
4077 3009 282 132 från
4218 3009 317 132 Sjöman¬-

2738 3098 250 150 nen
2881 3098 393 150 Jansson
3167 3098 250 150 och
3310 3098 357 150 Åkaren
3559 3098 393 150 Larsson
3845 3098 464 150 föröfwade
4166 3098 393 150 tillgrepp

2744 3204 314 155 hafva
2953 3204 244 155 för
3093 3204 279 155 2dra
3267 3204 314 155 resan
3477 3204 314 155 stöld
3686 3204 453 155 straffade
4035 3204 453 155 ynglingen
4349 3204 209 155 Carl

2744 3285 343 163 August
2984 3285 343 163 Olsson
3223 3285 240 163 och
3360 3285 240 163 för
3498 3285 274 163 1sta
3669 3285 308 163 resan
3874 3285 308 163 stöld
4080 3285 445 163 straffade
4388 3285 206 163 yng¬-

2750 3376 307 156 lingen
2965 3376 276 156 Johan
3150 3376 307 156 Albert
3365 3376 399 156 Andersson
3672 3376 338 156 blifwit
3918 3376 369 156 anhållne
4194 3376 215 156 och
4286 3376 246 156 hörde,

2722 3464 372 166 hvarvid
2993 3464 203 166 de
3094 3464 439 166 uppgifwit
3432 3464 237 166 och
3567 3464 439 166 förklarat
3905 3464 237 166 att
4040 3464 203 166 de
4108 3464 439 166 wisserligen

2723 3561 248 150 den
2864 3561 212 150 30
2970 3561 318 150 sist.
3182 3561 460 150 November,
3536 3561 177 150 i
3607 3561 424 150 sällskap
3925 3561 248 150 med
4067 3561 354 150 Hultin
4314 3561 248 150 och
4421 3561 141 150 en

2733 3651 325 161 annan
2950 3651 397 161 yngling
3239 3651 470 161 innewarit
3600 3651 181 161 i
3672 3651 361 161 Lovisa
3925 3651 433 161 Nilssons
4250 3651 253 161 och
4358 3651 181 161 Jo¬-

2714 3728 337 166 sefina
2950 3728 404 166 Larssons
3253 3728 371 166 bostad,
3523 3728 236 166 men
3658 3728 236 166 att
3792 3728 202 166 de
3893 3728 270 166 icke
4062 3728 270 166 egde
4230 3728 303 166 någon
4399 3728 202 166 kän¬
