4931 4056
114 146 262 133 No
202 146 262 133 133.

87 316 265 131 Axel
219 316 265 131 Ludvig

50 422 404 119 Carlsson

524 220 809 174 Poliskonstapeln
1206 220 256 174 No
1334 220 213 174 5
1419 220 511 174 Tornberg
1802 220 298 174 har
1930 220 426 174 Tisdagen

510 352 291 166 den
677 352 250 166 15
802 352 250 166 ds
927 352 291 166 kl.
1093 352 291 166 1/2
1260 352 208 166 4
1343 352 250 166 em
1468 352 208 166 å
1551 352 541 166 Torggatan
1926 352 416 166 anhållit

529 459 281 161 för
689 459 401 161 första
970 459 361 161 resan
1210 459 481 161 snatteri
1571 459 521 161 straffade
1972 459 281 161 fre
2092 459 321 161 Krono¬-

495 536 695 137 arbetskarlen
1059 536 347 137 Axel
1276 536 434 137 Ludvig
1580 536 564 137 Carlsson,
2014 536 434 137 boende
2275 536 130 137 i

464 680 718 165 Arbetskarlen
1047 680 449 165 August
1361 680 628 165 Börjessons
1855 680 314 165 hus
2034 680 224 165 i
2079 680 269 165 s.k.

488 767 714 185 Tjörnbostaden
1076 767 210 185 i
1160 767 462 185 Örgryte
1495 767 294 185 sn,
1663 767 294 185 för
1831 767 294 185 det
1999 767 294 185 han
2125 767 294 185 inne¬-

485 895 373 160 haft
719 895 327 160 två
905 895 513 160 stycken
1279 895 653 160 tomsäckar;
1792 895 327 160 för
1932 895 420 160 åtkomst

473 1004 543 103 hvartill
880 1004 317 103 han
1061 1004 271 103 ej
1196 1004 452 103 kunnat
1468 1004 497 103 redogöra.

544 1081 328 201 Vid
732 1081 328 201 det
919 1081 328 201 med
1107 1081 563 201 Carlsson
1529 1081 234 201 i
1623 1081 610 201 anledning
2045 1081 328 201 häraf

471 1198 547 190 anstälde
882 1198 456 190 förhör
1201 1198 319 190 har
1384 1198 319 190 han
1566 1198 639 190 uppgifvit,
2068 1198 319 190 att
2205 1198 228 190 han

472 1314 232 192 å
564 1314 418 192 kajen
843 1314 325 192 vid
1028 1314 418 192 Lilla
1307 1314 510 192 Bommens
1678 1314 371 192 hamn
1863 1314 557 192 tillgripit

461 1447 708 144 frågakomne
1018 1447 557 144 säckar,
1423 1447 354 144 med
1625 1447 506 144 hvilka
1979 1447 354 144 han
2131 1447 253 144 äm¬-

471 1545 296 174 nat
640 1545 465 174 begifva
978 1545 296 174 sig
1146 1545 338 174 till
1358 1545 591 174 Fisktorget
1822 1545 296 174 för
1991 1545 296 174 att
2118 1545 253 174 för¬-

457 1633 431 187 sälja
745 1633 335 187 dem
936 1633 335 187 men
1128 1633 287 187 då
1271 1633 527 187 blifvit
1655 1633 240 187 å
1750 1633 623 187 Torggatan
2182 1633 240 187 an¬-

417 1791 410 83 hållen.

492 1848 680 201 Sjökaptenen
1036 1848 272 201 A.
1172 1848 454 201 Lilja,
1490 1848 499 201 förande
1807 1848 590 201 Ångfartyget

490 1992 460 171 Wettern
825 1992 293 171 har
992 1992 418 171 anmält
1285 1992 293 171 sig
1453 1992 293 171 som
1620 1992 377 171 egare
1871 1992 335 171 till
2038 1992 377 171 ifråga¬-

477 2070 428 194 komne
763 2070 524 194 säckar,
1144 2070 428 194 under
1429 2070 571 194 uppgift,
1858 2070 333 194 att
2048 2070 333 194 de,
2191 2070 238 194 som

474 2220 352 165 vore
694 2220 396 165 värde
958 2220 264 165 50
1090 2220 308 165 öre
1266 2220 528 165 stycket,
1661 2220 660 165 tillgripits
2145 2220 220 165 vid

451 2307 451 148 Lilla
702 2307 451 148 Bommen.

487 2394 284 199 På
629 2394 425 199 grund
912 2394 284 199 af
1054 2394 378 199 hvad
1290 2394 520 199 sålunda
1668 2394 662 199 förekommit
2141 2394 284 199 kom¬-

461 2549 306 100 men
636 2549 350 100 Axel
855 2549 437 100 Ludvig
1161 2549 569 100 Carlsson,
1599 2549 306 100 att
1774 2549 394 100 denna
2036 2549 306 100 dag
2167 2549 219 100 in¬-

492 2616 265 178 för
644 2616 303 178 Pken
833 2616 531 178 inställas.
1250 2616 455 178 Göteborg
1592 2616 265 178 den
1743 2616 227 178 16
1857 2616 303 178 Juni
2009 2616 265 178 1880.

79 2692 260 148 No
165 2692 260 148 134.

63 2831 233 186 Anna
179 2831 292 186 Josefina

59 2971 337 126 Johansson.

532 2709 567 191 Fläskmånglaren
1005 2709 315 191 Anders
1226 2709 441 191 Börjesson,
1572 2709 315 191 boende
1793 2709 158 191 i
1856 2709 284 191 huset
2045 2709 189 191 No
2139 2709 189 191 15
2202 2709 158 191 vid

467 2827 309 190 Vestra
683 2827 432 190 Skansgatan
1023 2827 216 190 har
1147 2827 216 190 den
1270 2827 185 190 19
1363 2827 309 190 dennes
1579 2827 216 190 kl.
1703 2827 185 190 10
1795 2827 247 190 f.m.
1950 2827 216 190 för
2042 2827 340 190 Poliskon¬-

447 2941 355 194 stapeln
705 2941 194 194 No
802 2941 194 194 57
898 2941 355 194 Jonsson
1156 2941 355 194 anmält,
1414 2941 226 194 att
1543 2941 355 194 hustrun
1801 2941 258 194 Anna
1963 2941 387 194 Josefina
2221 2941 161 194 Jo¬-

441 3050 346 181 hansson
692 3050 252 181 kort
850 3050 283 181 förut
1039 3050 252 181 från
1196 3050 472 181 Målsegarens
1574 3050 630 181 försäljningsvagn
2109 3050 157 181 å
2140 3050 252 181 Kungs¬-

443 3128 292 218 torget
647 3128 409 218 tillgripit
969 3128 146 218 3
1028 3128 146 218 ℔
1086 3128 439 218 Amerikanskt
1437 3128 292 218 fläsk,
1642 3128 263 218 värdt
1817 3128 439 218 tillsammans
2168 3128 146 218 1
2197 3128 234 218 krona.

553 3258 171 107 I
621 3258 444 107 anledning
962 3258 307 107 häraf
1167 3258 239 107 har
1303 3258 512 107 ofvannämnde
1713 3258 614 107 poliskonstapel
2190 3258 171 107 an¬-

460 3347 337 181 hållit
696 3347 371 181 hustrun
966 3347 270 181 Anna
1134 3347 405 181 Josefina
1438 3347 472 181 Johansson,
1809 3347 371 181 hvilken
2078 3347 236 181 vid
2179 3347 169 181 det

451 3465 236 169 med
586 3465 303 169 henne
788 3465 438 169 anställda
1125 3465 337 169 förhör
1361 3465 472 169 uppgifvit,
1732 3465 236 169 att
1867 3465 270 169 hon,
2036 3465 236 169 som
2137 3465 202 169 vore

434 3557 320 181 boende
658 3557 160 181 i
722 3557 288 181 huset
914 3557 192 181 No
1011 3557 192 181 73
1107 3557 256 181 Litt
1267 3557 192 181 Q.
1363 3557 288 181 Södra
1555 3557 416 181 Burgården
1875 3557 448 181 tillgripit
2196 3557 160 181 be¬-

440 3679 307 157 rörde
644 3679 545 157 fläskstycke,
1087 3679 239 157 men
1224 3679 375 157 blifvit
1496 3679 204 157 af
1598 3679 477 157 Målsegaren
1939 3679 409 157 qvarhållen

2527 180 265 195 till
2693 180 265 195 dess
2858 180 597 195 Polisbetjening
3322 180 332 195 anländt.

2659 299 541 155 Fläskstycket
3099 299 203 155 är
3200 299 271 155 till
3369 299 473 155 Målsegaren
3708 299 473 155 återlemnadt.

2649 379 215 182 På
2757 379 323 182 grund
2972 379 215 182 af
3079 379 287 182 hvad
3259 379 394 182 sålunda
3546 379 538 182 förekommit,
3976 379 359 182 kommer
4191 379 323 182 hustrun

2540 491 276 215 Anna
2713 491 414 215 Josefina
3024 491 449 215 Johansson
3369 491 242 215 att
3507 491 311 215 denna
3714 491 242 215 dag
3852 491 242 215 för
3990 491 242 215 PKn
4094 491 414 215 inställas.

2896 600 416 203 Göteborg
3209 600 243 203 den
3347 600 208 203 19
3451 600 278 203 Juni
3590 600 243 203 1880.

4473 691 257 123 No
4559 691 257 123 135.

4479 843 290 133 Augusta
4663 843 185 133 Jose¬-

4463 938 213 138 fina
4570 938 292 138 Börjesson

2701 726 415 169 Följande
3013 726 415 169 personer
3324 726 312 169 hafva
3497 726 312 169 anmält:

2540 813 183 196 1o
2631 813 335 196 Hustrun
2875 813 244 196 Anna
3027 813 274 196 Sofia
3210 813 335 196 Edström
3454 813 244 196 från
3606 813 335 196 Almered
3850 813 152 196 i
3911 813 396 196 Fässbergs
4185 813 274 196 socken,

2538 931 194 205 att
2649 931 194 205 den
2760 931 166 205 31
2843 931 194 205 Maj
2954 931 249 205 sist.
3120 931 166 205 år
3203 931 194 205 kl.
3314 931 194 205 1/2
3425 931 138 205 4
3480 931 222 205 e.m.
3618 931 138 205 å
3674 931 415 205 Kungstorget
4006 931 222 205 från
4145 931 249 205 henne
4283 931 194 205 till¬-

2548 1058 335 159 gripits
2791 1058 183 159 en
2883 1058 244 159 brun
3035 1058 396 159 torgkorg,
3340 1058 488 159 innehållande
3737 1058 183 159 en
3828 1058 488 159 halfyllesjal
4225 1058 213 159 med
4316 1058 183 159 brun

2539 1170 299 159 botten
2749 1170 210 159 och
2868 1170 239 159 grön
3018 1170 239 159 bård
3168 1170 150 159 -
3228 1170 299 159 bården
3437 1170 329 159 påsydd,
3677 1170 239 159 samt
3826 1170 329 159 frånfar
4066 1170 180 159 af
4156 1170 269 159 svart
4305 1170 150 159 och

2543 1274 267 204 brunt
2721 1274 356 204 slungadt
2988 1274 267 204 garn,
3166 1274 237 204 värd
3314 1274 148 204 2
3373 1274 326 204 Kronor,
3610 1274 207 204 tre
3728 1274 267 204 alnar
3906 1274 267 204 svart
4084 1274 207 204 och
4202 1274 237 204 hvit
4321 1274 148 204 do¬-

2550 1376 294 185 mestik,
2764 1376 213 185 värd
2897 1376 160 185 60
2977 1376 213 185 öre,
3111 1376 187 185 1/2
3217 1376 133 185 ℔
3271 1376 267 185 kaffe,
3458 1376 133 185 1
3511 1376 133 185 ℔
3564 1376 427 185 pudersocker,
3911 1376 240 185 värdt
4071 1376 320 185 tillhopa
4312 1376 160 185 90
4365 1376 160 185 öre,

2558 1515 196 172 ett
2670 1515 280 172 stycke
2866 1515 280 172 fläsk,
3063 1515 252 172 värdt
3231 1515 168 172 33
3315 1515 196 172 öre
3427 1515 196 172 och
3540 1515 168 172 en
3624 1515 308 172 butelj,
3848 1515 449 172 innehållande
4185 1515 280 172 bränvin,

2556 1624 228 145 värdt
2708 1624 127 145 6
2733 1624 178 145 ööre.

2558 1691 183 209 2o
2650 1691 336 209 Hustrun
2894 1691 336 209 Johanna
3138 1691 397 209 Svensson,
3444 1691 305 209 boende
3657 1691 153 209 i
3718 1691 275 209 huset
3902 1691 183 209 No
3993 1691 183 209 17
4085 1691 244 209 Litt
4237 1691 153 209 R
4298 1691 153 209 i
4329 1691 183 209 Red¬-

2557 1817 373 192 bergslid,
2844 1817 201 192 att
2959 1817 201 192 den
3074 1817 172 192 28
3160 1817 230 192 Juni
3304 1817 258 192 sist.
3476 1817 172 192 år
3562 1817 172 192 på
3649 1817 230 192 f.m.
3792 1817 144 192 å
3850 1817 431 192 Kungstorget
4194 1817 230 192 från
4309 1817 201 192 henne

2553 1940 402 185 tillgripits
2875 1940 161 185 en
2955 1940 214 185 brun
3089 1940 348 185 torgkorg,
3357 1940 428 185 innehållande
3705 1940 134 185 3
3758 1940 134 185 ℔
3812 1940 241 185 smör,
3972 1940 134 185 1
4026 1940 134 185 ℔
4080 1940 348 185 köttfars,
4347 1940 134 185 5
4374 1940 134 185 st.

2545 2048 285 173 färska
2745 2048 371 173 makrillar
3030 2048 200 173 och
3145 2048 200 173 två
3259 2048 371 173 buteljer,
3544 2048 456 173 innehållande
3915 2048 342 173 bränvin,
4143 2048 371 173 tillsammans

2558 2193 238 126 värdt
2716 2193 132 126 6
2769 2193 264 126 Kronor
2954 2193 158 126 50
3007 2193 158 126 öre.

2556 2218 172 229 3o
2642 2218 458 229 Arbetskarlen
3014 2218 172 229 C.
3100 2218 172 229 J.
3186 2218 400 229 Johansson,
3500 2218 286 229 boende
3701 2218 143 229 i
3758 2218 257 229 huset
3929 2218 172 229 No
4015 2218 200 229 122
4130 2218 172 229 af
4187 2218 286 229 Majornas

2555 2365 266 178 Förste
2742 2365 240 178 rote,
2902 2365 186 178 att
3008 2365 186 178 den
3115 2365 160 178 29
3195 2365 240 178 Sept.
3355 2365 346 178 sistlidet
3621 2365 160 178 år
3701 2365 186 178 kl.
3807 2365 186 178 3/4
3914 2365 133 178 7
3967 2365 160 178 e.
4047 2365 160 178 m.
4127 2365 133 178 å
4154 2365 346 178 Kungstorget

2547 2484 248 157 från
2702 2484 279 157 honom
2888 2484 466 157 tillgripits
3261 2484 186 157 en
3354 2484 248 157 brun
3509 2484 404 157 torgkorg,
3820 2484 497 157 innehållande
4224 2484 217 157 ett
4317 2484 155 157 par

2545 2574 473 178 skinnkänger,
2930 2574 207 178 ett
3048 2574 207 178 par
3167 2574 444 178 rödskäftade
3522 2574 592 178 bomullsstrumpor,
4025 2574 178 178 en
4113 2574 266 178 handd
4291 2574 207 178 uck
4380 2574 118 178 af

2549 2655 457 201 bomullsväf,
2914 2655 213 201 två
3036 2655 274 201 bitar
3218 2655 305 201 färskt
3432 2655 244 201 kött
3584 2655 213 201 och
3706 2655 274 201 något
3888 2655 305 201 päron,
4071 2655 396 201 tillsammans

2557 2839 287 138 värdt
2748 2839 223 138 Sju
2844 2839 287 138 Kronor;

2577 2882 164 196 4o
2659 2882 246 196 Pigan
2823 2882 273 196 Lovisa
3014 2882 383 196 Andersson,
3315 2882 137 196 i
3369 2882 273 196 tjenst
3561 2882 191 196 hos
3670 2882 601 196 Handelsbokhållaren
4189 2882 164 196 G.
4244 2882 246 196 Wetter¬-

2562 3006 275 179 ström
2746 3006 153 179 å
2807 3006 397 179 Anneberg,
3112 3006 214 179 att
3234 3006 214 179 den
3356 3006 183 179 20
3448 3006 366 179 December
3723 3006 397 179 sistlidet
4028 3006 183 179 år
4120 3006 183 179 på
4211 3006 244 179 f.m.
4333 3006 92 179 å

2564 3094 440 226 Kungstorget
2916 3094 235 226 från
3063 3094 264 226 henne
3239 3094 440 226 tillgripits
3591 3094 176 226 en
3679 3094 235 226 brun
3826 3094 382 226 torgkorg,
4090 3094 411 226 innehållande

2572 3230 129 205 4
2624 3230 129 205 ℔
2675 3230 232 205 smör,
2830 3230 129 205 2
2881 3230 206 205 tjog
3010 3230 206 205 ägg,
3138 3230 154 205 en
3216 3230 334 205 köttlägg,
3473 3230 180 205 ett
3576 3230 360 205 hvetebröd,
3859 3230 180 205 ett
3962 3230 309 205 vörtbröd
4193 3230 180 205 och
4296 3230 154 205 en
4348 3230 154 205 hvit

2558 3328 567 157 bomullsnäsduk,
3030 3328 284 157 märkt
3219 3328 221 157 med
3345 3328 189 157 L.
3440 3328 221 157 A.,
3566 3328 473 157 tillsammans
3944 3328 284 157 värdt
4133 3328 189 157 12
4196 3328 284 157 Kronor.

2548 3467 181 149 5o
2638 3467 483 149 Byggmästaren
3031 3467 181 149 B.
3122 3467 362 149 Jönsson,
3394 3467 302 149 boende
3605 3467 151 149 i
3665 3467 272 149 huset
3847 3467 181 149 No
3937 3467 151 149 4
3998 3467 211 149 vid
4088 3467 393 149 Husargatan,

2555 3558 210 165 att
2675 3558 359 165 Onsdagen
2944 3558 210 165 den
3064 3558 180 165 21
3154 3558 389 165 sistlidne
3453 3558 329 165 Januari
3693 3558 150 165 i
3753 3558 359 165 Färgaren
4022 3558 389 165 Wahlgrens
4291 3558 210 165 butik

2571 3653 205 179 vid
2688 3653 438 179 Kungstorget
3038 3653 234 179 från
3185 3653 263 179 honom
3360 3653 438 179 tillgripits
3711 3653 175 179 en
3798 3653 234 179 brun
3945 3653 263 179 korg,
4091 3653 409 179 innehållande
