5082 4087
571 209 293 216 de
718 209 587 216 begifvit
1158 209 342 216 sig
1353 209 342 216 upp
1549 209 342 216 för
1695 209 636 216 Bergkullen,

573 345 316 189 der
753 345 316 189 han
934 345 406 189 först
1205 345 361 189 gått
1430 345 406 189 några
1701 345 361 189 steg
1927 345 406 189 förbi
2152 345 226 189 det

577 442 509 212 ställe,
947 442 324 212 der
1132 442 509 212 bundten
1502 442 462 212 legat,
1825 442 324 212 men
1964 442 370 212 genast

553 588 407 197 vändt
824 588 542 197 tillbaka
1231 588 362 197 dit,
1457 588 316 197 att
1638 588 452 197 Andrén
1954 588 316 197 och
2090 588 316 197 Lind¬-

580 682 405 159 gren,
850 682 315 159 som
1030 682 270 159 då
1164 682 449 159 ansett
1479 682 315 159 sig
1659 682 360 159 vara
1884 682 405 159 visse
2108 682 270 159 der¬-

574 789 281 164 om
715 789 327 164 att
902 789 514 164 bemälde
1276 789 374 164 karl
1509 789 374 164 vore
1743 789 514 164 tjufven
2071 789 327 164 eller

555 878 443 192 någon
850 878 246 192 i
948 878 541 192 stölden
1342 878 590 192 delaktig
1784 878 541 192 skyndat
2128 878 246 192 ner

546 996 354 171 till
767 996 443 171 gatan;
1077 996 310 171 att
1254 996 354 171 just
1476 996 310 171 som
1653 996 266 171 de
1786 996 443 171 dervid
2051 996 266 171 kom¬-

553 1125 312 170 met
732 1125 312 170 ner
910 1125 223 170 i
999 1125 490 170 porten,
1355 1125 445 170 karlen
1667 1125 623 170 antagligen
2112 1125 267 170 utan

549 1222 326 180 att
736 1222 279 180 se
875 1222 745 180 konstaplarne
1481 1222 559 180 sprungit
1900 1222 326 180 ner
2039 1222 233 180 för

541 1331 491 169 berget,
898 1331 312 169 och
1077 1331 536 169 derefter
1479 1331 312 169 med
1657 1331 625 169 skyndsamma
2103 1331 268 169 stag

544 1445 545 212 begifvit
952 1445 318 212 sig
1134 1445 409 212 samma
1407 1445 318 212 väg
1589 1445 545 212 tillbaka
1998 1445 318 212 som
2134 1445 227 212 han

547 1587 483 169 kommit,
899 1587 440 169 dervid
1206 1587 703 169 konstaplarne
1778 1587 396 169 följt
1997 1587 352 169 efter,

546 1702 477 134 Andrén
880 1702 430 134 rundt
1167 1702 525 134 omkring
1548 1702 286 134 en
1692 1702 382 134 till
1883 1702 430 134 venster

531 1790 554 185 belägen
934 1790 806 185 materialgård
1589 1790 353 185 och
1740 1790 504 185 Lindgren

532 1902 613 136 emellan
978 1902 501 136 nämde
1312 1902 446 136 gård
1591 1902 390 136 och
1758 1902 557 136 Cellfän¬-

546 1993 477 173 gelset
880 1993 382 173 att,
1119 1993 286 173 då
1262 1993 477 173 Andrén
1596 1993 429 173 efter
1882 1993 334 173 att
2025 1993 334 173 hafva

569 2102 418 123 gått
830 2102 470 123 rundt
1143 2102 574 123 omkring
1509 2102 835 123 materialgarden

551 2200 356 194 han
754 2200 356 194 der
958 2200 864 194 sammanträffat
1669 2200 356 194 med
1821 2200 508 194 Lindgren

561 2317 576 183 hvarefter
1004 2317 266 183 de
1137 2317 222 183 i
1226 2317 310 183 det
1403 2317 266 183 de
1536 2317 488 183 paserat
1847 2317 443 183 Cellfän¬-

560 2419 516 163 gelsets
935 2419 422 163 Norra
1216 2419 328 163 och
1404 2419 422 163 Östra
1685 2419 422 163 sidor
1966 2419 375 163 sett
2154 2419 187 163 en

525 2530 396 149 karl
772 2530 346 149 som
970 2530 396 149 gått
1217 2530 544 149 framför
1612 2530 396 149 dem,
1860 2530 346 149 och
2008 2530 346 149 hvil¬-

527 2629 363 176 ken
734 2629 311 176 de
890 2629 570 176 antagit
1304 2629 415 176 vara
1564 2629 674 176 densamme,
2030 2629 259 176 som

532 2732 360 176 kort
757 2732 405 176 förut
1027 2732 405 176 varit
1297 2732 360 176 uppe
1521 2732 270 176 på
1656 2732 495 176 berget,
2016 2732 315 176 att
2151 2732 180 176 då

536 2845 286 165 de
679 2845 477 165 hunnit
1014 2845 382 165 fram
1252 2845 382 165 till
1491 2845 477 165 hörnet
1825 2845 286 165 af
1920 2845 430 165 parkens

536 2965 389 145 Östra
839 2965 216 145 o
925 2965 389 145 Södra
1185 2965 433 145 sidor,
1487 2965 260 145 de
1617 2965 562 145 derstädes
2006 2965 260 145 icke

525 3066 526 124 träffat
908 3066 431 124 någon
1195 3066 431 124 annan
1482 3066 478 124 person
1817 3066 287 124 än
1912 3066 383 124 Polis¬-

505 3141 726 161 konstapeln
1076 3141 311 161 No
1231 3141 311 161 27
1387 3141 674 161 Melander,
1853 3141 467 161 hvilken

526 3274 323 127 der
711 3274 601 127 posterat;
1173 3274 323 127 att
1357 3274 554 127 Melander
1773 3274 277 127 på
1865 3274 370 127 fråga,

508 3379 613 165 huruvida
967 3379 357 165 han
1172 3379 408 165 sett
1427 3379 460 165 någon
1733 3379 460 165 karl,
1989 3379 255 165 som

500 3496 560 129 sprungit
920 3496 327 129 der
1107 3496 233 129 i
1200 3496 607 129 närheten,
1667 3496 607 129 förklarat
2087 3496 187 129 så

512 3596 368 190 icke
742 3596 368 190 vara
972 3596 782 190 förhållandet,
1615 3596 322 190 men
1799 3596 460 190 yttrat
2075 3596 230 190 att

492 3714 378 169 det
708 3714 378 169 väl
924 3714 432 169 vore
1194 3714 486 169 honom
1517 3714 378 169 som
1733 3714 540 169 Andrén
2057 3714 270 169 och

2646 226 645 174 Lindgren
3130 226 430 174 sett
3398 226 537 174 emedan
3774 226 376 174 han
3989 226 430 174 just
4204 226 215 174 då

2663 351 430 161 varit
2950 351 382 161 uppe
3189 351 239 161 å
3284 351 334 161 det
3476 351 812 161 ifrågavarande
4097 351 382 161 berget

2656 443 338 165 dit
2849 443 338 165 han
3042 443 386 165 ofta
3283 443 579 165 nattetid
3717 443 531 165 plägade
4055 443 434 165 begifva

2640 569 387 180 sig
2861 569 552 180 emedan
3247 569 663 180 tjufgods
3744 569 607 180 stundom
4131 569 276 180 der

2659 655 847 161 undangömdes,
3347 655 371 161 att
3559 655 529 161 Andrén
3930 655 371 161 och
4088 655 371 161 Lind¬-

2680 767 438 184 gren
2954 767 383 184 som
3173 767 602 184 åtnöjts
3611 767 383 184 med
3830 767 493 184 denna
4104 767 328 184 för¬-

2666 845 556 192 klaring,
3082 845 463 192 genast
3407 845 556 192 derefter
3823 845 602 192 återvändt
4240 845 278 192 upp¬-

2635 960 393 192 till
2880 960 638 192 förenämde
3371 960 638 192 förstuga,
3862 960 589 192 derifrån
4255 960 245 192 An¬-

2662 1044 454 189 drén,
2964 1044 353 189 som
3166 1044 504 189 mycket
3518 1044 454 189 lidet
3821 1044 302 189 af
3972 1044 504 189 kölden
4274 1044 202 189 kl

2660 1153 578 201 omkring
3081 1153 368 201 1/2
3291 1153 263 201 3
3396 1153 315 201 på
3554 1153 631 201 morgonen
4027 1153 473 201 under
4290 1153 210 201 om

2666 1260 464 252 kring
2976 1260 309 252 en
3130 1260 464 252 timma
3440 1260 670 252 aflägsnat
3955 1260 412 252 sig;
4161 1260 258 252 att

2673 1356 309 205 då
2827 1356 515 205 Andrén
3188 1356 361 205 dit
3394 1356 670 205 återvändt
3857 1356 515 205 Lindgren

2667 1474 847 228 fortfarande
3344 1474 452 228 haft
3570 1474 847 228 uppmärksamhet

2667 1586 496 246 fästat
3014 1586 248 246 å
3113 1586 545 246 stället
3510 1586 347 246 der
3708 1586 743 246 garnbumdten
4253 1586 248 246 un¬-

2665 1709 636 197 dangömts
3142 1709 424 197 samt
3407 1709 689 197 förklarat
3937 1709 371 197 att
4096 1709 371 197 under

2671 1828 573 189 Andréns
3088 1828 625 189 frånvaro
3557 1828 469 189 ingen
3870 1828 469 189 varit
4130 1828 313 189 uppe

2677 1939 288 230 på
2821 1939 479 230 berget
3156 1939 335 230 att
3348 1939 288 230 då
3492 1939 383 230 ännu
3731 1939 335 230 kl.
3923 1939 240 230 5
4019 1939 288 230 på
4115 1939 383 230 morgo¬-

2667 2054 359 166 nen
2872 2054 308 166 de
3026 2054 411 166 icke
3283 2054 565 166 oaktadt
3693 2054 667 166 oaflåtlig
4155 2054 308 166 upp¬-

2658 2176 774 169 märksamhet
3266 2176 442 169 sett
3542 2176 497 169 någon
3873 2176 553 169 person
4205 2176 276 169 af¬-

2672 2271 465 183 hemta
2982 2271 619 183 bundten,
3447 2271 310 183 de
3601 2271 619 183 begifvit
4066 2271 361 183 sig
4221 2271 258 183 ned

2660 2392 415 164 till
2919 2392 622 164 stället,
3386 2392 363 164 der
3594 2392 363 164 han
3801 2392 363 164 var
4008 2392 415 164 gömd
4216 2392 259 164 men

2671 2496 316 179 då
2829 2496 527 179 funnit
3199 2496 580 179 bundten
3620 2496 422 179 vara
3831 2496 633 179 borttagen,

2672 2626 346 167 att
2869 2626 594 167 Lindgren
3315 2626 297 167 af
3463 2626 495 167 Andrén
3760 2626 693 167 underrättats

2665 2721 460 205 derom
2972 2721 358 205 att
3176 2721 307 205 en
3329 2721 665 205 garnbundt
3789 2721 665 205 tillgripits

2659 2848 418 166 samt
2920 2848 366 166 att
3129 2848 575 166 tjufven
3547 2848 732 166 antagligen
4070 2848 418 166 undan¬-

2682 2920 453 206 gömt
2965 2920 679 206 densamma
3475 2920 340 206 på
3645 2920 623 206 berget,
4041 2920 396 206 bakom

2696 3031 843 215 Cellfängelset,
3399 3031 328 215 och
3586 3031 328 215 har
3773 3031 562 215 Lindgren
4195 3031 234 215 i
4242 3031 234 215 öf¬-

2693 3144 371 215 rigt
2924 3144 556 215 afgifvit
3342 3144 371 215 lika
3573 3144 649 215 berättelse
4083 3144 324 215 med
4222 3144 232 215 An¬-

2687 3265 414 173 dren
2946 3265 362 173 med
3153 3265 569 173 tillägg
3566 3265 414 173 att,
3825 3265 465 173 medan
4083 3265 414 173 Andrén

2669 3337 322 215 ka
2830 3337 645 215 morgonen
3314 3337 484 215 under
3636 3337 591 215 omkring
4066 3337 322 215 en
4174 3337 322 215 tim¬-

2661 3447 313 180 na
2817 3447 470 180 varit
3131 3447 470 180 borta
3444 3447 418 180 från
3705 3447 679 180 förstugan
4176 3447 313 180 der¬-

2671 3535 459 207 ifrån
2977 3535 306 207 de
3130 3535 561 207 bevakat
3538 3535 765 207 gömstället,
4098 3535 357 207 Lind¬-

2683 3648 452 193 gren
2966 3648 396 193 med
3192 3648 735 193 oaflåtlig
3701 3648 735 193 uppmärksam¬
