5091 4074
536 220 371 174 för
748 220 265 174 2
854 220 530 174 kronor
1225 220 371 174 hos
1437 220 901 174 Pantlånerskan
2126 220 265 174 Jo¬-

542 389 503 134 sefina
894 389 553 134 Jonsson
1296 389 251 134 i
1396 389 452 134 huset
1698 389 302 134 No
1848 389 251 134 6
1949 389 352 134 vid
2100 389 302 134 Eke¬-

531 442 752 170 lundsgatan,
1132 442 351 170 och
1333 442 752 170 öfverrocken
1934 442 351 170 den
2134 442 251 170 9
2185 442 200 170 ds

539 551 341 152 för
734 551 244 152 8
832 551 487 152 kronor
1173 551 341 152 hos
1368 551 731 152 Pantlånaren
1952 551 292 152 N.
2050 551 341 152 Land¬-

548 652 363 161 gren
775 652 227 161 i
865 652 408 161 huset
1138 652 272 161 No
1274 652 272 161 53
1410 652 318 161 vid
1591 652 272 161 2a
1728 652 635 161 Långgatan,
2181 652 182 161 så

532 770 315 138 har
712 770 1216 138 Detektivpoliskonstapeln
1793 770 270 138 C.
1928 770 270 138 V.
2018 770 360 138 Söder¬-

546 877 445 149 qvist
842 877 346 149 den
1040 877 297 149 12
1188 877 297 149 ds
1336 877 445 149 såsom
1633 877 643 149 misstänkt
2078 877 247 149 för

519 986 438 133 dessa
811 986 632 133 tillgrepp
1298 986 584 133 anhållit
1736 986 341 133 för
1930 986 292 133 1a
2027 986 341 133 resan

535 1073 462 131 stöld
843 1073 668 131 straffade
1357 1073 822 131 Arbetskarlen
1973 1073 360 131 Claes

548 1163 704 145 Johansson,
1101 1163 503 145 boende
1453 1163 252 145 i
1554 1163 453 145 huset
1856 1163 302 145 No
2007 1163 302 145 12
2107 1163 252 145 vid

542 1276 779 196 Brunnsgatan
1165 1276 260 196 i
1269 1276 623 196 Annedal,
1736 1276 571 196 hvilken
2099 1276 260 196 vid

517 1379 365 154 det
726 1379 365 154 med
934 1379 470 154 honom
1247 1379 626 154 anstälda
1717 1379 522 154 förhör
2030 1379 313 154 upp¬-

533 1508 468 181 gifvit
861 1508 327 181 och
1048 1508 655 181 förklarat,
1562 1508 327 181 att
1749 1508 327 181 han
1936 1508 327 181 den
2123 1508 234 181 9
2170 1508 187 181 ds

539 1620 308 170 på
693 1620 565 170 aftonen
1103 1620 308 170 af
1257 1620 308 170 en
1411 1620 565 170 obekant
1771 1620 616 170 mansperson

517 1721 399 189 med
745 1721 626 189 hvilken
1200 1721 399 189 han
1428 1721 968 189 sammanträffat
2168 1721 171 189 å

523 1845 392 158 ett
747 1845 672 158 wärdshus
1251 1845 392 158 vid
1419 1845 896 158 Magasinsgatan,

507 1963 685 140 emottagit
1034 1963 527 140 Gustaf
1403 1963 738 140 Johanssons
1930 1963 422 140 öfver¬-

535 2077 458 163 rock,
840 2077 356 163 för
1044 2077 356 163 att
1247 2077 305 163 på
1400 2077 356 163 den
1604 2077 661 163 obekantes
2062 2077 254 163 be¬-

543 2184 477 183 gäran
861 2184 742 183 pantsätta;
1444 2184 371 183 att
1657 2184 318 183 då
1763 2184 583 183 Johansson

492 2299 308 148 i
616 2299 739 148 sällskap
1170 2299 431 148 med
1416 2299 554 148 denne
1786 2299 431 148 som
1970 2299 370 148 vän¬-

513 2404 373 143 tat
726 2404 586 143 utanför
1152 2404 320 143 på
1312 2404 533 143 gatan,
1685 2404 480 143 först
1952 2404 426 143 besökt

531 2552 411 130 dels
787 2552 616 130 Josefina
1249 2552 616 130 Jonssons
1660 2552 719 130 pantlånekon¬-

522 2652 350 194 tor
722 2652 250 194 i
822 2652 449 194 huset
1121 2652 300 194 No
1271 2652 250 194 6
1371 2652 350 194 vid
1521 2652 749 194 Ekelundsgatan

510 2779 369 152 och
721 2779 421 152 dels
984 2779 316 152 N.
1142 2779 684 152 Landgrens
1616 2779 737 152 pantlånekon¬-

513 2892 380 185 tor
730 2892 272 185 i
839 2892 489 185 huset
1165 2892 326 185 No
1328 2892 326 185 20
1491 2892 380 185 vid
1654 2892 652 185 Kungsgatan

505 3019 431 194 utan
774 3019 377 194 att
990 3019 538 194 lyckas
1367 3019 323 194 få
1528 3019 538 194 rocken
1851 3019 485 194 belånad

535 3144 352 162 han
736 3144 603 162 begifvit
1188 3144 352 162 sig
1390 3144 402 162 till
1641 3144 553 162 bemälde
1993 3144 352 162 Land¬-

534 3279 465 143 grens
844 3279 929 143 pantlånekontor
1618 3279 258 143 i
1722 3279 465 143 huset
2031 3279 310 143 No
2135 3279 206 143 53

493 3420 364 151 vid
701 3420 364 151 2da
909 3420 729 151 Långgatan,
1482 3420 364 151 der
1690 3420 364 151 han
1846 3420 521 151 pantsatt

494 3515 508 145 rocken
850 3515 356 145 för
1053 3515 254 145 8
1155 3515 559 145 kronor,
1562 3515 559 145 hvilket
1917 3515 407 145 belopp

488 3631 373 162 han
701 3631 479 162 jemte
1020 3631 745 162 pantsedeln
1606 3631 266 162 å
1712 3631 532 162 rocken
2032 3631 319 162 lem¬

2706 282 384 169 nat
2926 282 439 169 till
3200 282 384 169 den
3419 282 713 169 obekante,
3968 282 384 169 som
4132 282 384 169 äfven

2692 401 361 138 der
2899 401 619 138 stadnat,
3363 401 568 138 utanför
3724 401 826 138 pantlånekonto¬-

2708 506 368 166 ret,
2938 506 322 166 att
3122 506 276 166 de
3259 506 551 166 derefter
3673 506 230 166 i
3765 506 551 166 sällskap
4132 506 368 166 begif¬-

2691 602 378 184 vit
2907 602 432 184 till
3177 602 378 184 ett
3339 602 1080 184 Nykterhetsvärdshus

2710 718 379 174 der
2926 718 379 174 den
3143 718 650 174 obekante
3630 718 542 174 bjudit
4009 718 325 174 på
4118 718 433 174 förtä¬-

2708 835 403 238 ring
2959 835 302 238 af
3110 835 503 238 porter
3463 835 352 238 för
3664 835 654 238 Johansson
4117 835 453 238 biträde

2720 960 350 203 vid
2920 960 950 203 pantsättningen,
3720 960 400 203 samt
3970 960 350 203 att
4120 960 450 203 Johans¬-

2740 1051 417 243 son
2979 1051 358 243 ej
3158 1051 477 243 egde
3456 1051 537 243 någon
3814 1051 715 243 kännedom
4291 1051 238 243 om

2722 1216 323 192 de
2884 1216 269 192 i
2991 1216 592 192 rockens
3421 1216 538 192 fickor
3798 1216 699 192 bortkomne
4282 1216 269 192 två

2728 1309 850 204 handskarne,
3408 1309 397 204 och
3578 1309 964 204 tändstickslådan

2731 1417 584 194 likasom
3156 1417 425 194 icke
3422 1417 531 194 heller
3793 1417 372 194 det
4006 1417 425 194 från
4218 1417 266 194 Må¬-

2740 1553 728 198 nadskarlen
3312 1553 572 198 Nilsson
3729 1553 676 198 föröfvade
4197 1553 364 198 till¬-

2739 1683 545 170 grepp,
3120 1683 762 170 förnekande
3719 1683 708 170 Johansson
4209 1683 272 170 att

2717 1799 370 160 han
2928 1799 634 160 innehaft
3404 1799 475 160 eller
3720 1799 634 160 pantsatt
4143 1799 422 160 dennes

2649 1975 724 134 skinntröja.

2909 2018 731 177 Härefter
3457 2018 548 177 hafva
3762 2018 731 177 nedannämde

2739 2133 629 147 personer
3210 2133 576 147 blifvit
3629 2133 471 147 hörde
3943 2133 524 147 dervid
4258 2133 210 147 de

2686 2267 559 116 upplyst.

2708 2260 350 218 1o
2883 2260 816 218 Pantlåners
3523 2260 699 218 Josefina
3990 2260 524 218 Jonsson

2744 2391 340 217 och
2939 2391 340 217 hos
3133 2391 438 217 henne
3425 2391 584 217 anstälda
3814 2391 681 217 tjensteflic¬-

2738 2518 380 208 kan
2955 2518 435 208 Anna
3227 2518 761 208 Andersson,
3770 2518 707 208 sammanstäm¬-

2725 2637 469 151 mande
3037 2637 365 151 att
3246 2637 469 151 Claes
3558 2637 729 151 Johansson,
4131 2637 365 151 som
4288 2637 208 151 de

2724 2721 342 194 med
2919 2721 586 194 säkerhet
3359 2721 634 194 igenkände
3847 2721 342 194 den
4042 2721 293 194 19
4140 2721 390 194 sistl.

2721 2797 549 215 Oktober
3120 2797 649 215 innevarit
3620 2797 250 215 å
3719 2797 599 215 Jonssons
4119 2797 449 215 Pantlå¬-

2733 2951 573 189 nekontor
3163 2951 334 189 och
3354 2951 334 189 för
3545 2951 239 189 2
3640 2951 477 189 kronor
3927 2951 525 189 pantsatt,

2740 3039 579 176 Nilssons
3174 3039 723 176 skinntröja,
3752 3039 386 176 samt
3993 3039 338 176 att
4138 3039 434 176 Johans¬-

2729 3155 340 177 son
2924 3155 340 177 den
3118 3155 243 177 9
3216 3155 292 177 ds
3362 3155 292 177 på
3507 3155 535 177 aftonen
3896 3155 389 177 åter
4091 3155 389 177 inkom¬-

2726 3254 377 187 mit
2941 3254 269 187 å
3049 3254 1130 187 pantlånekontoret,
4017 3254 377 187 och
4178 3254 377 187 velat

2726 3383 527 180 belåna
3095 3383 316 180 en
3253 3383 738 180 öfverrock,
3833 3383 685 180 hvarjemte
4307 3383 211 180 de

2719 3498 627 198 tillagt,
3189 3498 418 198 dels
3450 3498 575 198 Jonsson
3868 3498 366 198 att
4077 3498 366 198 hon
4234 3498 261 198 som

2733 3595 317 207 vid
2914 3595 679 207 sistberörde
3457 3595 589 207 tillfälle
3910 3595 362 207 till
4137 3595 272 207 en
4227 3595 272 207 bör¬-

2740 3721 380 163 jan
2957 3721 488 163 ensam
3282 3721 705 163 innevarit
3824 3721 271 163 å
3879 3721 542 163 kontoret
