4981 4097
158 306 254 125 No
242 306 212 125 140

120 439 251 112 Carl
245 439 282 112 Fredrik

124 519 349 107 Höglund
346 519 159 107 och

112 582 347 90 Charles
332 582 189 90 Wil¬-

115 642 222 125 helm
226 642 305 125 Bengtsson

597 256 561 238 Handlanden
1037 256 240 238 C.
1158 256 240 238 A.
1278 256 521 238 Cullberg,
1678 256 400 238 boende
1959 256 200 238 i
2039 256 360 238 huset
2239 256 160 238 No

527 419 233 161 37
644 419 233 161 af
760 419 466 161 Majornas
1110 419 272 161 5te
1265 419 311 161 rote
1459 419 272 161 har
1615 419 466 161 Onsdagen
1964 419 272 161 den
2119 419 233 161 16
2197 419 272 161 inne¬-

529 557 460 142 varande
864 557 334 142 Juni
1073 557 460 142 anmält,
1407 557 293 142 att
1574 557 293 142 den
1741 557 209 142 2
1825 557 418 142 dennes
2118 557 209 142 i
2159 557 293 142 hamn¬-

541 636 473 140 kanalen
885 636 301 140 vid
1057 636 473 140 Franska
1401 636 430 140 tomten
1701 636 344 140 från
1916 636 387 140 honom
2131 636 301 140 till¬-

537 755 442 148 gripits
858 755 241 148 en
979 755 402 148 mindre
1261 755 322 148 båt,
1462 755 362 148 hvari
1703 755 563 148 förvarades
2145 755 241 148 en
2226 755 241 148 tom¬-

550 838 296 158 säck
735 838 259 158 och
883 838 222 158 en
994 838 481 158 trosslina
1364 838 333 158 värdt
1586 838 444 158 tillhopa
1956 838 222 158 35
2030 838 333 158 kronor;

538 948 512 133 hvarjemte
931 948 473 133 Cullberg
1286 948 551 133 uppgifvit,
1719 948 276 133 att
1877 948 354 133 båten
2113 948 315 133 som,
2270 948 158 133 då

532 1033 612 180 tillgreppet
1022 1033 408 180 skedde
1308 1033 367 180 varit
1553 1033 531 180 fastgjord
1961 1033 286 180 vid
2083 1033 286 180 kajen

504 1125 333 144 med
695 1125 333 144 ett
885 1125 381 144 tåg,
1123 1125 333 144 var
1314 1125 428 144 märkt
1599 1125 238 144 i
1694 1125 476 144 aktern
2028 1125 333 144 med
2170 1125 286 144 nam¬-

513 1219 272 184 ned
669 1219 622 184 "Catharina",
1174 1219 311 184 samt
1369 1219 272 184 att
1524 1219 272 184 han
1680 1219 272 184 för
1836 1219 350 184 detta
2030 1219 428 184 tillgrepp

497 1320 611 174 misstänkte
977 1320 655 174 ynglingarne
1501 1320 349 174 Carl
1719 1320 480 174 Fredrik
2025 1320 436 174 Höglund,

493 1429 371 138 boende
753 1429 186 138 i
827 1429 334 138 huset
1050 1429 223 138 No
1161 1429 223 138 68
1273 1429 223 138 af
1384 1429 446 138 Majornas
1718 1429 297 138 1ste
1904 1429 297 138 rote
2090 1429 260 138 och
2201 1429 260 138 Char¬-

488 1518 303 186 les
661 1518 477 186 Wilhelm
1008 1518 607 186 Bengtsson,
1485 1518 433 186 boende
1788 1518 217 186 i
1875 1518 390 186 huset
2135 1518 260 186 No
2222 1518 173 186 92

500 1628 267 141 i
606 1628 480 141 samma
873 1628 373 141 rote.

573 1713 208 177 I
657 1713 542 177 anledning
1074 1713 375 177 häraf
1324 1713 292 177 har
1490 1713 792 177 Poliskonstapeln
2157 1713 250 177 No
2241 1713 208 177 108

481 1827 453 126 Olsson
798 1827 317 126 den
979 1827 272 126 17
1115 1827 453 126 dennes
1432 1827 544 126 anhållit
1840 1827 498 126 bemälde
2157 1827 272 126 Hög¬-

481 1928 367 110 lund
711 1928 322 110 och
894 1928 643 110 Bengtsson,
1400 1928 459 110 hvilka
1721 1928 322 110 vid
1905 1928 322 110 det
2089 1928 322 110 med
2226 1928 230 110 dem

484 2058 673 122 anställda
1002 2058 518 122 förhör
1365 2058 984 122 sammanstämmande
2141 2058 311 122 upp¬-

481 2115 502 158 gifvit,
847 2115 320 158 att
1029 2115 274 158 de
1166 2115 548 158 onsdagen
1577 2115 320 158 den
1760 2115 228 158 2
1851 2115 457 158 dennes
2125 2115 320 158 tagit

481 2216 643 181 målsegarens
996 2216 343 181 båt,
1210 2216 472 181 hvilken
1553 2216 429 181 dervid
1854 2216 386 181 legat
2068 2216 386 181 förtöjd

486 2319 222 131 å
574 2319 310 131 den
752 2319 266 131 af
885 2319 532 131 Cullberg
1284 2319 532 131 uppgifna
1683 2319 443 131 plats,
1949 2319 488 131 hvarefter

489 2394 265 195 de
621 2394 354 195 rott
842 2394 265 195 ut
975 2394 354 195 till
1196 2394 265 195 Ef
1329 2394 575 195 Elfsborg,
1770 2394 309 195 der
1947 2394 265 195 de
2036 2394 309 195 metat

498 2515 420 158 fisk,
778 2515 327 158 men
965 2515 373 158 att,
1199 2515 420 158 sedan
1479 2515 280 158 de
1619 2515 514 158 användt
1992 2515 420 158 båten
2226 2515 233 158 ett

510 2638 289 139 och
675 2638 289 139 ett
840 2638 372 139 halft
1089 2638 372 139 dygn,
1337 2638 248 139 de
1461 2638 331 139 rott
1667 2638 496 139 tillbaka
2040 2638 331 139 till
2205 2638 248 139 sam¬-

500 2714 266 176 ma
633 2714 398 176 plats
898 2714 310 176 der
1075 2714 266 176 de
1208 2714 398 176 tagit
1474 2714 443 176 honom,
1783 2714 310 176 och
1960 2714 310 176 der
2093 2714 310 176 åter¬-

515 2817 634 161 fastgjort
1003 2817 488 161 honom;
1345 2817 390 161 samt
1588 2817 341 161 att
1735 2817 634 161 ynglingarne

496 2899 424 196 Johan
779 2899 472 196 Patrik
1109 2899 613 196 Ahlqvist,
1580 2899 472 196 boende
1910 2899 236 196 i
2005 2899 424 196 huset
2240 2899 189 196 No

473 3015 291 169 68
619 3015 291 169 af
765 3015 582 169 Majornas
1201 3015 243 169 1
1298 3015 388 169 rote
1541 3015 340 169 och
1735 3015 437 169 Johan
1978 3015 388 169 Albert

473 3116 670 189 Johansson,
1000 3116 479 189 boende
1335 3116 239 189 i
1431 3116 431 189 huset
1718 3116 287 189 No
1862 3116 287 189 73
2005 3116 287 189 af
2101 3116 335 189 samma

485 3241 365 131 rote
713 3241 547 131 derefter
1124 3241 410 131 tagit
1397 3241 410 131 båten
1671 3241 319 131 och
1853 3241 547 131 begagnat
2218 3241 228 131 den

475 3330 421 152 men,
739 3330 526 152 såvidt
1107 3330 579 152 Höglund
1528 3330 421 152 hade
1791 3330 368 152 sig
1949 3330 474 152 bekant,

498 3463 440 128 icke
773 3463 771 128 återställt
1324 3463 605 128 densamma.

585 3525 777 206 Ofvannämnde
1207 3525 622 206 Ahlqvist
1673 3525 363 206 och
1828 3525 570 206 Johansson

477 3644 513 167 härom
819 3644 513 167 hörde
1161 3644 513 167 hafva
1446 3644 968 167 sammanstämmande

2617 231 592 174 uppgifvit,
3082 231 296 174 att
3251 231 254 174 de
3378 231 296 174 för
3547 231 465 174 omkring
3886 231 254 174 14
4012 231 381 174 dagar
4224 231 296 174 sedan

2606 355 288 173 af
2750 355 528 173 Höglund
3134 355 384 173 fått
3374 355 384 173 låna
3614 355 480 173 båten,
3950 355 336 173 som
4142 355 288 173 då
4238 355 240 173 le¬-

2623 464 330 195 gat
2811 464 518 195 förtöjd
3188 464 330 195 vid
3376 464 612 195 Frigången
3847 464 235 195 i
3941 464 565 195 närheten
4318 464 188 195 af

2608 554 546 200 Klippan,
3018 554 319 200 att
3200 554 273 200 de
3337 554 410 200 jemte
3610 554 319 200 tre
3792 554 410 200 andra
4020 554 501 200 ynglingar

2598 681 556 172 användt
3003 681 606 172 densamme
3457 681 404 172 till
3710 681 455 172 rodd,
3962 681 556 172 hvarefter

2582 801 279 145 de
2722 801 372 145 åter
2955 801 372 145 lagt
3187 801 326 145 den
3373 801 558 145 tillbaka
3792 801 279 145 på
3931 801 326 145 den
4071 801 372 145 plats,

2596 880 345 166 der
2793 880 444 166 båten
3089 880 493 166 legat,
3434 880 296 166 då
3583 880 296 166 de
3731 880 395 166 fått
3977 880 395 166 låna
4175 880 345 166 honom

2595 989 297 181 af
2744 989 595 181 Höglund;
3190 989 397 181 samt
3438 989 347 181 att
3637 989 545 181 Höglund
3984 989 545 181 uppgifvit

2605 1069 381 199 båten
2859 1069 509 199 tillhöra
3240 1069 339 199 hans
3452 1069 466 199 broder,
3791 1069 466 199 hvilken
4130 1069 339 199 köpt
4300 1069 254 199 den¬-

2584 1158 432 167 samme
2872 1158 336 167 för
3064 1158 240 167 6
3111 1158 432 167 Kronor.

2626 1259 537 175 Följande
3029 1259 537 175 personer
3431 1259 402 175 hafva
3655 1259 447 175 upplyst:

2677 1365 714 192 Ynglingarne
3248 1365 381 192 Carl
3486 1365 476 192 Magnus
3819 1365 571 192 Nilsson,
4200 1365 285 192 född

2579 1464 326 187 den
2766 1464 279 187 20
2905 1464 326 187 Maj
3091 1464 419 187 1862,
3370 1464 465 187 boende
3696 1464 233 187 i
3789 1464 419 187 huset
4068 1464 279 187 No
4208 1464 279 187 68
4301 1464 186 187 af

2563 1581 317 172 Ms
2722 1581 264 172 1
2827 1581 475 172 rote,
3144 1581 528 172 Gustaf
3514 1581 634 172 Månsson,
3989 1581 422 172 född
4200 1581 264 172 den

2562 1653 329 183 22
2727 1653 603 183 Januari
3166 1653 439 183 1862
3440 1653 549 183 boende
3824 1653 274 183 i
3933 1653 494 183 samma
4208 1653 274 183 hus

2558 1771 326 185 och
2745 1771 513 185 Charles
3118 1771 419 185 Oskar
3397 1771 513 185 Fredrik
3770 1771 653 185 Bengtsson,
4236 1771 280 185 född

2563 1868 356 178 den
2766 1868 254 178 1
2868 1868 559 178 januari
3275 1868 457 178 1864,
3579 1868 508 178 boende
3935 1868 254 178 i
4037 1868 457 178 huset
4291 1868 203 178 No

2566 1970 337 169 74
2734 1970 337 169 af
2903 1970 337 169 Ms
3071 1970 281 169 1
3184 1970 449 169 rote
3465 1970 506 169 hafva
3746 1970 730 169 sammanstäm¬-

2559 2093 519 123 mande
2848 2093 346 123 upp¬-

3118 2064 207 89 lyst

3446 2111 314 155 att
3625 2111 493 155 Höglund
3984 2111 314 155 för
4163 2111 314 155 dem
4297 2111 269 155 upp¬-

2578 2190 442 148 gifvit
2887 2190 309 148 att
3064 2190 663 148 ifrågakomne
3594 2190 309 148 båt
3771 2190 575 148 tillhörde
4169 2190 265 148 hans

2578 2250 462 210 broder
2901 2250 324 210 och
3086 2250 324 210 att
3271 2250 324 210 han
3456 2250 231 210 f
3548 2250 370 210 haft
3779 2250 324 210 den
3964 2250 508 210 förtöjd
4288 2250 231 210 vid

2588 2369 562 171 Klippan
2996 2369 255 171 i
3047 2369 511 171 Majorna.

2594 2464 463 234 Hoglund
2931 2464 632 234 ytterligare
3436 2464 337 234 hörd
3647 2464 295 234 har
3815 2464 463 234 vidgått
4152 2464 295 234 att
4278 2464 211 234 han

2590 2653 540 133 uppgifvit
3006 2653 291 133 det
3172 2653 374 133 båten
3421 2653 540 133 tillhörde
3836 2653 332 133 hans
4044 2653 457 133 broder,
4334 2653 208 133 men

2571 2719 310 177 att
2748 2719 310 177 han
2925 2719 442 177 lemnat
3234 2719 398 177 denna
3500 2719 487 177 uppgift
3854 2719 310 177 för
4030 2719 310 177 att
4163 2719 354 177 afhål¬-

2558 2810 256 147 la
2686 2810 384 147 andra
2943 2810 342 147 från
3156 2810 299 147 att
3327 2810 470 147 begagna
3626 2810 342 147 båten.

2688 2915 296 173 På
2836 2915 444 173 grund
3132 2915 296 173 af
3280 2915 395 173 hvad
3527 2915 543 173 sålunda
3873 2915 592 173 förekommit

2577 3005 432 155 komma
2865 3005 384 155 Carl
3105 3005 528 155 Fredrik
3489 3005 528 155 Höglund
3873 3005 336 155 och
4017 3005 432 155 Charles

2585 3109 492 176 Wilhelm
2943 3109 581 176 Bengtsson
3390 3109 313 176 att
3569 3109 402 176 denna
3837 3109 313 176 dag
4016 3109 402 176 inför
4239 3109 224 176 Pkn

2606 3208 605 168 inställas.
3081 3208 518 168 Göteborg
3470 3208 302 168 den
3642 3208 259 168 22
3772 3208 346 168 Juni
3945 3208 302 168 1880.

4456 3326 258 124 No
4542 3326 215 124 141

4462 3389 255 129 Axel
4590 3389 287 129 Wilhelm

4476 3493 336 88 Nilsson,
4700 3493 168 88 Ossi

4463 3552 205 80 an
4531 3552 341 80 Hermans¬-

4471 3611 206 77 son
4588 3611 206 77 och
4677 3611 177 77 Alb.

4438 3653 427 113 Andersson.

2688 3314 754 197 Timmermannen
3300 3314 471 197 August
3630 3314 660 197 Johansson,
4101 3314 377 197 boende

2556 3398 209 204 i
2640 3398 376 204 huset
2891 3398 251 204 No
3016 3398 293 204 107
3183 3398 293 204 vid
3350 3398 585 204 Bäckegatan
3810 3398 209 204 i
3894 3398 251 204 Ms
4019 3398 293 204 5te
4144 3398 293 204 rote,

2553 3523 331 183 har
2742 3523 568 183 Måndagen
3168 3523 331 183 den
3357 3523 284 183 21
3499 3523 284 183 ds
3641 3523 473 183 anmält
3972 3523 331 183 att
4114 3523 378 183 natten

2541 3639 541 162 emellan
2935 3639 345 162 den
3131 3639 295 162 19
3279 3639 345 162 och
3476 3639 295 162 20
3624 3639 246 162 i
3722 3639 246 162 i
3820 3639 443 162 denna
4066 3639 345 162 månad
