5027 4061
499 182 439 214 komulen,
828 182 256 214 har
975 182 256 214 vid
1121 182 256 214 det
1267 182 256 214 med
1413 182 329 214 henne
1633 182 183 214 i
1706 182 475 214 anledning
2071 182 329 214 häraf
2254 182 183 214 an¬-

502 305 360 186 ställda
764 305 360 186 förhör,
1026 305 295 186 under
1222 305 393 186 uppgift,
1517 305 229 186 att
1648 305 229 186 hon
1779 305 196 186 af
1877 305 491 186 Månglerskan
2237 305 196 186 Bör¬-

489 432 308 221 jesson
705 432 215 221 för
828 432 185 221 17
920 432 215 221 öre
1043 432 246 221 köpt
1197 432 461 221 ifrågakomne
1566 432 338 221 komule,
1812 432 369 221 förnekat
2058 432 431 221 tillgreppet,

729 540 443 193 Följande
1061 540 443 193 personer
1393 540 332 193 hafva
1578 540 369 193 upplyst:

491 673 200 175 1o
591 673 734 175 Detektivkonstapeln
1225 673 200 175 P.
1325 673 434 175 Lindgren;
1659 673 234 175 att
1793 673 267 175 han,
1960 673 234 175 som
2093 673 234 175 vid
2193 673 234 175 sagde

487 792 430 182 tillfälle
818 792 463 182 uppehållit
1182 792 232 182 sig
1314 792 165 182 å
1380 792 496 182 Kungstorget
1777 792 232 182 och
1910 792 298 182 förut
2108 792 298 182 kände
2274 792 165 182 hu¬-

502 906 270 199 stru
671 906 438 199 Börjesson
1008 906 236 199 för
1143 906 438 199 oarlighet
1480 906 236 199 och
1614 906 505 199 misstänkte,
2019 906 236 199 att
2153 906 236 199 hon
2255 906 168 199 äm¬-

470 1048 261 203 nade
633 1048 359 203 föröfva
894 1048 293 203 något
1090 1048 424 203 tillgrepp
1416 1048 228 203 och
1546 1048 489 203 fördenskull
1937 1048 261 203 noga
2067 1048 359 203 iakttagit

467 1165 331 157 henne
688 1165 221 157 då
799 1165 258 157 hon
946 1165 331 157 varit
1167 1165 368 157 framme
1425 1165 258 157 vid
1572 1165 552 157 Månglerskan
1977 1165 442 157 Börjessons

505 1297 651 190 försäljningsbord,
1063 1297 310 190 dervid
1280 1297 372 190 Lindgren
1559 1297 248 190 sett
1714 1297 279 190 henne
1900 1297 403 190 tillgripa
2210 1297 217 190 och
2303 1297 93 190 i

483 1403 206 198 en
586 1403 378 198 medhafd
860 1403 275 198 korg
1032 1403 378 198 nedlagt
1306 1403 412 198 nedlägga
1615 1403 412 198 komulen,
1924 1403 446 198 hvarefter
2233 1403 206 198 hon,

502 1538 273 180 utan
673 1538 239 180 att
809 1538 342 180 betala
1049 1538 444 180 densamma,
1391 1538 444 180 aflägsnat
1732 1538 273 180 sig,
1903 1538 273 180 samt
2074 1538 239 180 att
2177 1538 239 180 Lind¬-

487 1657 281 196 gren
662 1657 211 196 då
768 1657 351 196 genast
1014 1657 281 196 gått
1189 1657 316 196 efter
1400 1657 316 196 henne
1610 1657 246 196 och
1751 1657 421 196 anhållit
2067 1657 316 196 henne
2242 1657 176 196 för

454 1784 449 181 tillgreppet;

451 1820 224 240 2o
563 1820 635 240 Hemmansegaren
1086 1820 299 240 Olof
1272 1820 486 240 Simonsson
1646 1820 299 240 från
1833 1820 374 240 gården
2057 1820 336 240 Kyrkeby

498 1967 169 212 i
566 1967 304 212 Säfve
769 1967 338 212 Socken
1005 1967 203 212 på
1107 1967 439 212 Hisingen:
1445 1967 237 212 att
1580 1967 203 212 då
1681 1967 237 212 han
1817 1967 406 212 Lördagen
2121 1967 237 212 den
2256 1967 169 212 4
2290 1967 135 212 ds

497 2102 205 215 på
599 2102 274 215 f.m.
771 2102 308 215 stått
976 2102 240 215 vid
1113 2102 274 215 sitt
1284 2102 171 215 å
1353 2102 514 215 Kungstorget
1764 2102 205 215 då
1866 2102 479 215 befintliga
2209 2102 205 215 for¬-

493 2219 282 196 don,
669 2219 247 196 han
810 2219 599 196 varseblifvit,
1303 2219 247 196 att
1444 2219 387 196 bemälde
1726 2219 493 196 konstaplar
2113 2219 282 196 haft
2254 2219 176 196 sin

486 2355 615 239 uppmärksamhet
992 2355 362 239 fästad
1246 2355 253 239 vid
1390 2355 362 239 hustru
1643 2355 506 239 Börjesson,
2005 2355 362 239 hvarföre

474 2496 358 196 jemväl
725 2496 465 196 Simonsson
1083 2496 286 196 noga
1262 2496 465 196 iakttagit
1620 2496 322 196 henne
1834 2496 251 196 och
1977 2496 358 196 dervid
2192 2496 215 196 sett

480 2594 436 212 hurusom
797 2594 277 212 hon
956 2594 317 212 från
1154 2594 594 212 Månglerskan
1629 2594 515 212 Börjesson
2025 2594 356 212 tagit
2223 2594 158 212 en

471 2733 407 160 komule
756 2733 285 160 och
919 2733 610 160 medhafvande
1407 2733 488 160 densamma
1773 2733 529 160 aflägsnat
2140 2733 203 160 sig

470 2830 314 217 utan
666 2830 275 217 att
823 2830 393 217 derför
1098 2830 353 217 lemna
1333 2830 353 217 några
1569 2830 550 217 penningar;
2001 2830 314 217 samt
2158 2830 196 217 att

484 2962 438 207 Lindgren
813 2962 365 207 genast
1069 2962 292 207 gått
1251 2962 329 207 efter
1471 2962 256 207 och
1617 2962 438 207 anhållit
1909 2962 292 207 henne.

485 3057 226 208 3o
598 3057 603 208 Månadskarlen
1088 3057 301 208 Knut
1276 3057 490 208 Svensson,
1653 3057 452 208 anställd
1992 3057 264 208 hos
2105 3057 301 208 Läder¬-

489 3170 464 191 handlanden
854 3170 199 191 C.
953 3170 199 191 W.
1053 3170 332 191 Wassén
1285 3170 232 191 och
1418 3170 332 191 boende
1650 3170 166 191 i
1716 3170 299 191 huset
1915 3170 199 191 No
2015 3170 199 191 30
2114 3170 232 191 vid
2214 3170 199 191 Köp¬-

483 3281 455 221 mangatan,
833 3281 175 221 i
903 3281 559 221 hufvudsaklig
1357 3281 699 221 öfverenstämmelse
1952 3281 245 221 med
2056 3281 385 221 Simonsson

563 3402 224 236 På
675 3402 336 236 grund
899 3402 224 236 af
1011 3402 299 236 hvad
1197 3402 411 236 sålunda
1496 3402 560 236 förekommit,
1944 3402 224 236 är
2019 3402 336 236 Augusta

479 3513 414 222 Josefina
790 3513 449 222 Börjesson
1136 3513 345 222 kallad
1377 3513 276 222 till
1550 3513 518 222 inställelse
1965 3513 311 222 inför
2137 3513 173 222 PKn

469 3645 376 213 denna
720 3645 334 213 dag.
929 3645 501 213 Göteborg
1305 3645 292 213 den
1472 3645 209 213 6
1556 3645 376 213 Sept.
1765 3645 292 213 1880.

4490 213 255 131 No
4574 213 255 131 191.

4506 375 192 90 Carl
4626 375 239 90 Ludvig
4769 375 168 90 Carl¬-

4470 453 199 93 ström.

2777 204 695 216 Fiskhandlanden
3356 204 270 216 Per
3511 204 425 216 Larsson
3819 204 309 216 från
4012 204 386 216 Smögen
4282 204 193 216 i
4321 204 193 216 Bo¬-

2587 324 242 225 hus
2726 324 276 225 län,
2898 324 380 225 förande
3175 324 484 225 däcksbåten
3555 324 380 225 Norden,
3831 324 242 225 som
3969 324 207 225 nu
4073 324 345 225 ligger
4280 324 207 225 för¬-

2593 459 283 207 töjd
2769 459 318 207 invid
2982 459 318 207 kajen
3194 459 177 207 i
3264 459 743 207 Pustervikskanalen
3901 459 248 207 har
4042 459 424 207 Lördagen
4325 459 177 207 den

2595 581 188 195 4
2671 581 376 195 dennes
2934 581 414 195 anmält,
3235 581 263 195 att
3385 581 339 195 samma
3611 581 263 195 dag
3762 581 226 195 på
3874 581 301 195 f.m.
4063 581 188 195 å
4138 581 339 195 kajen
4326 581 188 195 in¬-

2596 694 226 193 vid
2725 694 226 193 den
2854 694 323 193 plats,
3080 694 226 193 der
3209 694 323 193 Norden
3434 694 194 193 då
3531 694 323 193 legat,
3757 694 258 193 från
3918 694 355 193 Larsson
4144 694 419 193 tillgripits

2584 835 247 169 fem
2725 835 247 169 st.
2866 835 388 169 torkade
3148 835 352 169 fiskar
3394 835 493 169 (kabeljo),
3782 835 317 169 värde
3993 835 529 169 tillsammans
4381 835 176 169 Fem

2612 942 388 181 Kronor;
2894 942 282 181 samt
3070 942 247 181 att
3211 942 247 181 han
3352 942 247 181 för
3493 942 317 181 detta
3705 942 458 181 tillgrepp
4057 942 494 181 misstänkte
4410 942 141 181 en

2587 1065 507 168 Säckbärare
2985 1065 471 168 Carlström
3347 1065 326 168 jemte
3564 1065 217 168 en
3673 1065 398 168 obekant
3963 1065 543 168 arbetskarl,
4361 1065 181 168 som

2604 1192 552 192 sällskapat
3037 1192 276 192 med
3155 1192 473 192 Carlström.

2778 1297 182 215 I
2850 1297 472 215 anledning
3214 1297 327 215 häraf
3432 1297 254 215 har
3577 1297 799 215 detektivkonstapeln
4267 1297 218 215 V.
4340 1297 254 215 Bruun

2583 1438 422 229 Söndagen
2899 1438 246 229 den
3040 1438 176 229 5
3110 1438 351 229 dennes
3356 1438 422 229 anhållit
3672 1438 562 229 försvarslöse
4094 1438 457 229 Säckbäraren

2596 1546 300 178 Carl
2783 1546 374 178 Ludvig
3045 1546 524 178 Carlström,
3457 1546 374 178 boende
3719 1546 187 178 i
3794 1546 337 178 huset
4018 1546 225 178 No
4131 1546 187 178 9
4206 1546 262 178 vid
4318 1546 262 178 Rang¬-

2587 1665 609 237 strömsliden,
3081 1665 418 237 hvilken
3386 1665 266 237 vid
3538 1665 266 237 det
3690 1665 266 237 med
3842 1665 342 237 honom
4033 1665 418 237 anställda

2599 1812 363 226 förhör
2853 1812 508 226 uppgifvit,
3252 1812 254 226 att
3397 1812 218 226 då
3505 1812 254 226 han
3651 1812 435 226 Lördagen
3977 1812 254 226 den
4122 1812 181 226 4
4195 1812 218 226 ds
4267 1812 254 226 uppe¬-

2587 1931 363 214 hållit
2841 1931 254 214 sig
2986 1931 254 214 vid
3131 1931 327 214 kajen
3349 1931 182 214 i
3422 1931 436 214 närheten
3748 1931 218 214 af
3857 1931 508 214 däcksbåten
4220 1931 327 214 Nordens

2602 2056 777 213 förtöjningsplats,
3268 2056 259 213 han
3416 2056 259 213 der
3565 2056 629 213 sammanträffat
4083 2056 259 213 med
4231 2056 222 213 en
4305 2056 185 213 för

2624 2176 369 165 honom
2870 2176 451 165 obekant
3197 2176 287 165 man
3361 2176 614 165 arbetskarl,
3853 2176 287 165 som
4017 2176 246 165 då
4098 2176 410 165 innehaft

2619 2295 236 188 tre
2754 2295 236 188 st.
2889 2295 372 188 fiskar;
3160 2295 236 188 att
3295 2295 473 188 Carlström,
3666 2295 236 188 som
3802 2295 405 188 derefter
4106 2295 304 188 gjort
4275 2295 236 188 säll¬-

2606 2460 317 167 skap
2804 2460 277 167 med
2963 2460 277 167 den
3121 2460 475 167 obekante
3477 2460 356 167 neråt
3715 2460 594 167 Skeppsbron,
4190 2460 277 167 der
4309 2460 158 167 af

2595 2541 347 186 denne
2826 2541 462 186 erhållit
3172 2541 231 186 en
3288 2541 347 186 fisk,
3519 2541 424 186 hvilken
3827 2541 501 186 Carlström
4173 2541 308 186 genast

2611 2687 262 203 för
2760 2687 224 203 50
2872 2687 262 203 öre
3022 2687 299 203 sålt
3209 2687 299 203 till
3396 2687 224 203 en
3508 2687 336 203 okänd
3732 2687 374 203 bonde;
3994 2687 299 203 samt
4181 2687 262 203 att
4293 2687 187 203 den

2614 2790 477 234 obekante
2972 2790 398 234 straxt
3251 2790 358 234 efter
3489 2790 278 234 det
3649 2790 278 234 han
3808 2790 398 234 lemnat
4046 2790 438 234 Carlström

2615 2928 373 214 fisken,
2886 2928 440 214 aflägsnat
3225 2928 271 214 sig,
3394 2928 474 214 medtagande
3767 2928 203 214 de
3869 2928 305 214 andre
4072 2928 237 214 två
4173 2928 373 214 fiskarne.

2699 3084 663 157 Arbetskarlarne
3252 3084 332 157 Peter
3473 3084 405 157 Persson
3768 3084 369 157 boende
4026 3084 184 157 i
4100 3084 332 157 huset
4321 3084 221 157 No
4395 3084 147 157 14

2642 3164 235 224 vid
2777 3164 471 224 Bergsgatan
3147 3164 235 224 och
3281 3164 336 224 August
3517 3164 504 224 Gustafsson,
3920 3164 336 224 boende
4156 3164 168 224 i
4189 3164 370 224 Stations¬-

2653 3312 374 200 karlen
2914 3312 411 200 Olssons
3213 3312 262 200 hus
3363 3312 187 200 å
3438 3312 336 200 Burås
3662 3312 187 200 i
3737 3312 710 200 Galgkrogsbergen
4298 3312 224 200 haf¬-

2634 3406 245 192 va
2757 3406 774 192 sammanstämmande
3409 3406 571 192 uppgifvit,
3857 3406 285 192 att
4020 3406 245 192 då
4142 3406 245 192 de
4224 3406 326 192 Lörda¬-

2629 3544 239 201 gen
2765 3544 239 201 den
2902 3544 170 201 4
2970 3544 341 201 dennes
3208 3544 307 201 varit
3413 3544 511 201 sysselsatte
3822 3544 239 201 med
3959 3544 341 201 arbete
4197 3544 341 201 ombord
4402 3544 102 201 å

2610 3671 505 196 däcksbåten
3007 3671 397 196 Norden,
3295 3671 469 196 Carlström
3656 3671 325 196 jemte
3873 3671 216 196 en
3981 3671 253 196 för
4125 3671 253 196 dem
4233 3671 325 196 obekant
