4966 4077
483 193 450 228 bergs
783 193 350 228 hus
983 193 250 228 i
1083 193 850 228 Galgkrogarne,
1783 193 350 228 har
1933 193 500 228 upplyst,

462 323 342 243 att
657 323 293 243 då
804 323 342 243 han
999 323 342 243 den
1194 323 293 243 20
1341 323 488 243 dennes
1682 323 293 243 på
1828 323 439 243 e.m.,
2072 323 342 243 uppe¬-

472 471 469 193 hållit
801 471 329 193 sig
988 471 235 193 å
1082 471 939 193 Kongeportsplats,
1880 471 329 193 han
2021 471 282 193 sett

486 623 443 170 Olaus
781 623 639 170 Andersson
1273 623 393 170 från
1518 623 738 170 målsegarens
2059 623 246 170 åk¬-

464 707 323 200 don
649 707 601 200 tillgripa
1111 707 277 200 en
1249 707 416 200 korg,
1526 707 601 200 hwarefter
1942 707 416 200 Anders¬-

468 847 318 219 son
649 847 454 219 ingått
967 847 227 219 å
1058 847 635 219 portgången
1557 847 363 219 till
1784 847 272 219 No
1920 847 227 219 1
2011 847 318 219 vid
2147 847 227 219 be¬-

483 975 356 156 rörde
681 975 317 156 plats.

631 1093 472 201 Korgen
961 1093 330 201 med
1150 1093 566 201 innehåll
1574 1093 330 201 har
1763 1093 519 201 blifvit
2093 1093 283 201 till

503 1231 438 142 egaren
766 1231 570 142 återlemnad.

679 1333 343 171 Det
875 1333 491 171 skulle
1219 1333 343 171 här
1415 1333 687 171 antecknas,
1955 1333 343 171 att
2102 1333 245 171 PKn

474 1446 302 191 den
646 1446 259 191 16
776 1446 431 191 dennes
1078 1446 345 191 till
1294 1446 431 191 Rådhus
1596 1446 431 191 Rätten
1854 1446 475 191 öfverlem¬-

470 1598 331 222 nat
659 1598 331 222 den
848 1598 473 222 vidare
1179 1598 757 222 ransakningen
1747 1598 473 222 angående

460 1746 444 166 annat
756 1746 296 166 af
904 1746 444 166 Olaus
1200 1746 641 166 Andersson
1693 1746 345 166 och
1841 1746 444 166 Arbets¬-

464 1881 488 201 karlen
806 1881 391 201 Carl
1050 1881 488 201 Magnus
1392 1881 635 201 Magnusson
1831 1881 537 201 föröfvadt

455 1977 600 227 tillgrepp
917 1977 277 227 af
1055 1977 323 227 twå
1240 1977 693 227 järnstänger
1794 1977 369 227 från
1979 1977 323 227 Hand¬-

457 2118 492 189 landen
801 2118 492 189 Ludwig
1146 2118 640 189 Tingström
1638 2118 246 189 i
1736 2118 443 189 huset
2032 2118 295 189 No
2130 2118 197 189 23

476 2248 302 191 vid
649 2248 605 191 Torggatan.
1124 2248 518 191 Göteborg
1512 2248 302 191 den
1685 2248 259 191 22
1815 2248 346 191 Now.
1988 2248 302 191 1880.

27 2305 344 119 No
141 2305 287 119 242

0 2445 508 127 Ambernt

24 2531 407 176 Andreasson

505 2371 968 200 Grosshandlanden
1321 2371 306 200 M.
1473 2371 714 200 Hollender,
1983 2371 357 200 boen¬-

487 2521 276 178 de
625 2521 230 178 i
717 2521 414 178 huset
993 2521 276 178 No
1131 2521 230 178 4
1223 2521 322 178 vid
1407 2521 874 178 Grönsakstorget,
2098 2521 230 178 har

456 2623 361 170 den
663 2623 309 170 23
817 2623 515 170 dennes
1178 2623 567 170 anmält,
1590 2623 361 170 att
1796 2623 464 170 samma
2053 2623 258 170 dag

460 2740 299 192 på
610 2740 398 192 e.m.
858 2740 299 192 ur
1008 2740 299 192 en
1157 2740 448 192 olåst
1456 2740 498 192 tambur
1804 2740 398 192 till
2003 2740 299 192 hans

470 2835 483 213 bostad
808 2835 387 213 från
1050 2835 435 213 honom
1340 2835 725 213 tillgripits
1920 2835 290 213 en
2016 2835 242 213 låg

473 2947 566 217 filthatt
897 2947 330 217 med
1086 2947 424 217 ljust
1369 2947 424 217 foder
1652 2947 377 217 wärd
1887 2947 236 217 8
1935 2947 424 217 Kronor,

458 3144 368 184 och
669 3144 316 184 en
827 3144 684 184 öfverrock
1352 3144 316 184 af
1510 3144 421 184 brun
1773 3144 421 184 slät
1983 3144 316 184 dof¬-

480 3229 327 212 fel
667 3229 327 212 med
854 3229 420 212 svart
1134 3229 327 212 och
1321 3229 654 212 hwitrutigt
1788 3229 514 212 yllefoder

476 3348 355 222 värd
697 3348 310 222 140
875 3348 399 222 jemte
1140 3348 222 222 i
1229 3348 487 222 rockens
1584 3348 443 222 fickor
1850 3348 487 222 förwarade

468 3435 206 220 2
550 3435 289 220 par
715 3435 330 220 gula
922 3435 289 220 och
1087 3435 289 220 ett
1252 3435 289 220 par
1417 3435 413 220 svarte
1706 3435 495 220 handskar
2036 3435 289 220 allt¬-

469 3566 557 194 sammans
875 3566 456 194 wärdt
1179 3566 355 194 140
1331 3566 456 194 kronor.

526 3694 812 244 Poliskonstapeln
1210 3694 257 244 No
1339 3694 257 244 46
1467 3694 513 244 Larsson,
1852 3694 299 244 har
1980 3694 342 244 ofvan¬

2618 193 587 188 nämnde
3029 193 411 188 dag
3264 193 352 188 på
3440 193 646 188 aftonen
3851 193 587 188 anhållit

2618 314 1105 208 Plåtslageriarbetaren
3585 314 507 208 Ambernt
3907 314 553 208 Andreasson

2630 465 402 137 utan
2881 465 553 137 bestämd
3283 465 553 137 bostad,
3686 465 302 137 då
3837 465 352 137 han
4038 465 251 137 å
4088 465 352 137 Stam¬-

2623 539 377 211 pens
2858 539 847 211 Pantlånekontor
3565 539 235 211 i
3659 539 424 211 huset
3941 539 282 211 No
4082 539 282 211 14
4177 539 235 211 vid

2634 685 437 198 Östra
2926 685 631 198 Larmgatan
3411 685 388 198 sökt
3654 685 485 198 belåna
3993 685 340 198 den
4139 685 291 198 från

2626 797 546 230 Hollender
3046 797 588 230 tillgripne
3467 797 588 230 öfverrocken.

3039 962 381 197 Vid
3256 962 381 197 det
3474 962 381 197 med
3692 962 762 197 Andreasson
4237 962 163 197 i

2644 1063 641 210 anledning
3137 1063 444 210 häraf
3432 1063 591 210 anstälda
3876 1063 493 210 förhör
4172 1063 246 210 har

2632 1181 316 243 han
2812 1181 496 243 widgått
3173 1181 316 243 och
3353 1181 631 243 förklarat,
3849 1181 316 243 att
4029 1181 270 243 då
4120 1181 270 243 han,

2642 1326 345 233 som
2839 1326 296 233 en
2987 1326 493 233 längre
3331 1326 345 233 tid
3528 1326 443 233 varit
3824 1326 394 233 utan
4021 1326 443 233 syssel¬-

2648 1434 599 233 sättning
3098 1434 549 233 berörde
3497 1434 350 233 dag
3697 1434 300 233 på
3847 1434 300 233 e.
3996 1434 300 233 m.
4096 1434 300 233 upp¬-

2656 1544 386 274 gått
2897 1544 241 274 i
2993 1544 434 274 huset
3282 1544 289 274 No
3427 1544 241 274 4
3523 1544 337 274 vid
3668 1544 771 274 Grönsakstorget

2648 1713 351 187 för
2848 1713 351 187 att
3049 1713 501 187 bettla
3400 1713 351 187 han
3601 1713 652 187 derstädes
4102 1713 301 187 ur
4202 1713 201 187 en

2647 1811 436 244 olåst
2937 1811 484 244 tambur
3276 1811 436 244 olof.
3567 1811 678 244 tillgripit
4051 1811 388 244 rocken

2648 1959 323 236 med
2832 1959 369 236 deri
3063 1959 599 236 förvarade
3523 1959 553 236 handskar
3938 1959 323 236 och
4076 1959 415 236 hatten,

2635 2072 326 253 att
2822 2072 326 253 han
3008 2072 465 253 iklädt
3333 2072 326 253 sig
3519 2072 465 253 hatten
3845 2072 326 253 och
4031 2072 233 253 i
4078 2072 372 253 tambu¬-

2622 2257 349 204 ren
2822 2257 698 204 qvarlemnat
3370 2257 349 204 sin
3570 2257 399 204 egen
3819 2257 499 204 mössa,
4119 2257 349 204 hwar¬-

2626 2364 473 204 efter
2942 2364 368 204 han
3152 2364 631 204 begifvit
3625 2364 368 204 sig
3835 2364 420 204 till
4045 2364 368 204 Stam¬-

2622 2496 452 238 pens
2905 2496 1018 238 pantlånekontor
3753 2496 396 238 för
3980 2496 396 238 att
4149 2496 283 238 be¬-

2618 2643 486 243 låna
2922 2643 607 243 rocken
3347 2643 425 243 men
3590 2643 364 243 då
3772 2643 668 243 blifvit
4197 2643 243 243 af

2631 2776 1028 185 Poliskonstapeln
3496 2776 595 185 Larsson
3875 2776 541 185 anhållen

2963 2923 337 201 De
3131 2923 786 201 tillgripne
3693 2923 730 201 persedlarne

2660 2982 508 284 hafva
2998 2982 621 284 blifvit
3450 2982 452 284 till
3676 2982 678 284 Målsegaren

2651 3138 705 152 återlemnade.

2859 3247 636 208 Göteborg
3336 3247 371 208 den
3548 3247 318 208 24
3708 3247 424 208 Now.
3920 3247 371 208 1880.

4417 3238 292 169 No
4515 3238 292 169 243.

4389 3451 268 109 Anna
4522 3451 335 109 Kattrina

4329 3531 437 155 Olsson

2610 3487 927 172 Detektivkonstapeln
3410 3487 253 172 V.
3537 3487 379 172 Bruun
3789 3487 421 172 anhöll
4042 3487 337 172 Thors¬-

2600 3617 404 193 dagen
2869 3617 314 193 den
3049 3617 269 193 23
3183 3617 404 193 sist.
3452 3617 583 193 September
3901 3617 269 193 på
4035 3617 314 193 fm.
4170 3617 179 193 då
