5010 4050
460 142 263 178 på
592 142 351 178 sätt
811 142 614 178 målsegaren
1294 142 570 178 uppgifvit
1733 142 219 178 i
1820 142 439 178 sistl.
2084 142 263 178 Juli

486 270 375 158 månad
736 270 291 158 vid
903 270 291 158 tre
1069 270 583 158 tillfällen
1527 270 291 158 den
1693 270 250 158 26
1818 270 291 158 och
1985 270 250 158 27
2068 270 333 158 sistl.

481 401 553 165 September
907 401 298 165 med
1077 401 383 165 falsk
1333 401 426 165 nyckel
1630 401 426 165 öppnat
1928 401 298 165 den
2056 401 383 165 ifråga¬-

455 497 400 169 komne
721 497 445 169 kistan
1033 497 400 169 derur
1299 497 623 169 tillgripit
1788 497 267 169 de
1877 497 534 169 omförmälde

447 639 654 136 penningarne
971 639 349 136 uren
1189 639 480 136 äpplena
1537 639 305 136 och
1668 639 654 136 kontorsrocken

448 730 519 180 hvarjemte
847 730 519 180 Brattberg
1246 730 439 180 tillagt
1565 730 279 180 att
1725 730 279 180 han
1884 730 279 180 den
2044 730 239 180 31
2124 730 239 180 Juli

439 869 501 151 pantsatt
815 869 669 151 Cylinderuret
1359 869 293 151 hos
1526 869 627 151 Pantlånaren
2027 869 251 151 P.
2111 869 167 151 J.

443 980 407 170 Osberg
728 980 204 170 i
810 980 367 170 huset
1054 980 244 170 No
1177 980 204 170 3
1258 980 285 170 vid
1421 980 570 170 Jerntorget
1869 980 285 170 för
2032 980 204 170 3
2073 980 326 170 kronor

435 1082 288 175 men
600 1082 659 175 sönderslagit
1135 1082 288 175 och
1299 1082 371 175 sjelf
1546 1082 494 175 behållit
1876 1082 535 175 spindeluret

451 1191 276 191 att
608 1191 276 191 han
766 1191 394 191 genast
1041 1191 354 191 efter
1278 1191 591 191 tillgreppet
1750 1191 236 191 af
1829 1191 591 191 kontorsrocken

407 1326 593 155 pantsatt
851 1326 593 155 densamma
1296 1326 346 155 hos
1493 1326 741 155 Pantlånaren
2086 1326 247 155 P
2135 1326 198 155 M.

424 1428 541 169 Lindström
840 1428 208 169 i
923 1428 374 169 huset
1173 1428 250 169 No
1298 1428 250 169 43
1423 1428 250 169 af
1547 1428 499 169 Majornas
1922 1428 208 169 2
2005 1428 333 169 rote
2171 1428 208 169 för

451 1560 183 117 4
525 1560 403 117 kronor,
818 1560 257 117 att
965 1560 257 117 han
1111 1560 440 117 dessutom
1441 1560 293 117 dels
1624 1560 257 117 den
1771 1560 220 117 21
1881 1560 367 117 sistl.
2101 1560 330 117 Septem¬-

449 1660 326 155 ber
636 1660 233 155 i
729 1660 420 155 samma
1009 1660 746 155 drängkammare
1615 1660 326 155 med
1801 1660 280 155 en
1894 1660 420 155 hoftång

441 1777 209 209 i
525 1777 418 209 afsigt
817 1777 293 209 att
985 1777 460 209 föröfva
1319 1777 543 209 tillgrepp
1737 1777 585 209 frånbrutit
2155 1777 209 209 två

440 1917 525 189 stycken
822 1917 620 189 hänglåsar
1299 1917 382 189 från
1538 1917 286 189 en
1681 1917 477 189 Kusken
1967 1917 382 189 August

447 2025 480 179 Palmgren
807 2025 520 179 tillhörig
1207 2025 360 179 kista
1446 2025 280 179 och
1606 2025 320 179 dels
1806 2025 280 179 den
1966 2025 240 179 26
2086 2025 200 179 i
2126 2025 240 179 sam¬-

444 2151 376 194 man
659 2151 483 194 månad
981 2151 376 194 med
1196 2151 483 194 samma
1518 2151 429 194 tång
1733 2151 644 194 frånbrutit

456 2280 555 160 kistlåset
883 2280 341 160 till
1096 2280 427 160 kusken
1395 2280 341 160 Nils
1609 2280 427 160 Magnus
1865 2280 469 160 Berggrens

440 2429 386 134 kista
698 2429 343 134 utan
912 2429 301 134 att
1084 2429 301 134 han
1256 2429 258 134 ur
1385 2429 515 134 kistorna
1771 2429 515 134 föröfvat
2114 2429 301 134 något

441 2530 565 163 tillgrepp
875 2530 522 163 Balmgren
1267 2530 304 163 och
1441 2530 522 163 Berggren
1832 2530 391 163 hafva
2050 2530 391 163 anmält:

438 2644 289 142 att
603 2644 248 142 på
727 2644 330 142 sätt
933 2644 536 142 Brattberg
1345 2644 536 142 uppgifvit
1758 2644 454 142 inbrott
2047 2644 330 142 ofvan¬-

433 2773 368 122 nämde
679 2773 368 122 dagar
924 2773 532 122 föröfvats
1333 2773 205 122 i
1415 2773 368 122 deras
1660 2773 409 122 kistor
1947 2773 327 122 utan
2110 2773 205 122 att

441 2871 371 156 dervid
701 2871 334 156 något
886 2871 483 156 tillgripits

437 2986 381 147 Delar
691 2986 254 147 af
818 2986 297 147 det
987 2986 678 147 sönderslagna
1538 2986 339 147 uret
1750 2986 381 147 jemte
2004 2986 297 147 den
2132 2986 169 147 af

426 3104 668 144 Pantlånaren
961 3104 446 144 Osberg
1273 3104 579 144 utfärdade
1719 3104 624 144 pantsedeln
2164 3104 134 144 å

434 3180 661 191 cylinderuret
971 3180 289 191 har
1136 3180 207 191 i
1218 3180 578 191 Brattbergs
1673 3180 413 191 bostad
1921 3180 454 191 påträffat

438 3293 540 174 hvaremot
843 3293 630 174 pantsedeln
1338 3293 225 174 å
1427 3293 450 174 rocken
1742 3293 360 174 icke
1922 3293 405 174 kunnats

387 3442 534 177 återfinnas

421 3561 459 147 Kusken
742 3561 642 147 Stefansson
1247 3561 321 147 hur
1430 3561 459 147 utlöst
1751 3561 321 147 det
1888 3561 459 147 pantsatt

446 3673 321 170 uret
647 3673 281 170 och
767 3673 321 170 rocken

2627 137 284 217 På
2769 137 426 217 grund
3053 137 284 217 af
3195 137 379 217 hvad
3432 137 521 217 sålunda
3810 137 663 217 förekommit
4284 137 284 217 kom¬-

2628 237 320 207 mer
2811 237 366 207 Carl
3040 237 457 207 Gustaf
3360 237 595 207 Brattberg
3818 237 320 207 att
4001 237 412 207 denna
4229 237 229 207 dag

2622 420 305 161 för
2797 420 740 161 Poliskammaren
3363 420 522 161 inställas.

3315 482 508 194 Göteborg
3696 482 297 194 den
3865 482 212 194 1
3950 482 466 194 Oktober
4247 482 297 194 1880.

4558 578 288 136 No
4654 578 288 136 214.

4518 691 307 144 Robert
4702 691 246 144 Edvard

4482 799 355 141 Sjöberg

2706 636 416 217 Sedan
2983 636 647 217 upplysning
3492 636 509 217 vunnits
3862 636 324 217 att
4000 636 555 217 skrifbiträ

2626 742 329 216 vid
2814 742 657 216 Hospitalet
3330 742 235 216 å
3424 742 563 216 Hisingen
3847 742 469 216 Robert
4128 742 376 216 Edvard

2601 941 514 180 Sjöberg
2975 941 468 180 boende
3303 941 234 180 å
3396 941 701 180 Hospitalet,
3957 941 234 180 å
4004 941 514 180 upprepade

2608 1072 433 172 gånger
2911 1072 390 172 under
3171 1072 650 172 innevarande
3691 1072 260 172 år
3821 1072 347 172 till
4037 1072 303 172 ett
4167 1072 390 172 synner¬-

2606 1191 384 220 ligen
2862 1191 469 220 billigt
3203 1191 341 220 pris
3416 1191 298 220 och
3587 1191 426 220 jemväl
3885 1191 213 220 i
3970 1191 426 220 öfrigt
4226 1191 298 220 under

2609 1308 650 214 misstänkta
3119 1308 696 214 förhållande
3676 1308 325 214 här
3861 1308 232 214 i
3954 1308 464 214 stader
4233 1308 278 214 för¬-

2617 1443 309 219 sålt
2810 1443 463 219 korngryn
3157 1443 270 219 och
3312 1443 347 219 ärter
3543 1443 309 219 dels
3736 1443 270 219 vid
3890 1443 347 219 flere
4083 1443 463 219 tillfällen

2605 1574 409 213 till
2861 1574 716 213 Handlanden
3423 1574 460 213 Johan
3730 1574 511 213 August
4037 1574 460 213 Nilsson

2608 1697 335 250 dels
2818 1697 294 250 och
2985 1697 252 250 en
3111 1697 335 250 gång
3321 1697 335 250 till
3531 1697 587 250 Handlanden
3992 1697 377 250 Johan
4202 1697 335 250 Petter

2608 1807 621 245 Pettersson
3095 1807 443 245 hvilka
3406 1807 532 245 personer
3805 1807 355 245 idka
4026 1807 443 245 handel
4292 1807 222 245 med

2617 1949 348 285 mjölj
2849 1949 271 285 och
3004 1949 310 285 gryn
3198 1949 193 285 å
3275 1949 619 285 Kungstorget,
3778 1949 271 285 har
3933 1949 426 285 bemälde
4204 1949 348 285 Sjöberg

2605 2075 440 231 blifvit
2925 2075 480 231 anhållen
3285 2075 280 231 och
3445 2075 320 231 hörd
3646 2075 440 231 hvarvid
3966 2075 280 231 han
4086 2075 440 231 uppgifvit

2586 2209 221 252 och
2713 2209 441 252 förklarat:
3059 2209 221 252 att
3185 2209 252 252 han,
3343 2209 221 252 som
3469 2209 252 252 vore
3627 2209 410 252 fosterson
3942 2209 252 252 till
4068 2209 441 252 Sysslomannen

2581 2323 216 237 vid
2705 2323 309 237 nämnde
2921 2323 371 237 Hospital
3199 2323 216 237 och
3323 2323 371 237 anställd
3601 2323 216 237 hos
3725 2323 278 237 denne
3910 2323 278 237 såsom
4064 2323 464 237 skrifbiträde,

2580 2436 272 224 redan
2761 2436 151 224 i
2821 2436 302 224 slutet
3032 2436 181 224 af
3123 2436 392 224 sistlidet
3425 2436 181 224 år
3515 2436 211 224 vid
3636 2436 272 224 några
3817 2436 453 224 tillfällen,
4179 2436 181 224 då
4239 2436 302 224 korngryn

2581 2559 299 230 skolat
2791 2559 180 230 af
2880 2559 419 230 Handlanden
3210 2559 269 230 Fritz
3389 2559 329 230 Larsson
3629 2559 240 230 till
3779 2559 419 230 Hospitalet
4108 2559 419 230 levereras,
4407 2559 120 230 af

2566 2648 307 282 grynen
2781 2648 399 282 tillegnat
3088 2648 215 282 sig
3210 2648 307 282 mindre
3425 2648 368 282 partier,
3701 2648 307 282 hvilka
3916 2648 215 282 han
4039 2648 368 282 derefter
4284 2648 276 282 försålt

2569 2777 255 246 till
2728 2777 350 246 bemälde
2983 2777 382 246 Nilsson,
3269 2777 255 246 utan
3428 2777 223 246 att
3556 2777 350 246 Sjöberg
3810 2777 286 246 kunde
4001 2777 318 246 erinra
4224 2777 223 246 sig
4319 2777 191 246 huru

2579 2884 312 267 mycket
2797 2884 249 267 gryn
2953 2884 218 267 han
3077 2884 343 267 sålunda
3327 2884 467 267 tillgripit;
3701 2884 218 267 att
3825 2884 218 267 han
3950 2884 374 267 föröfvat
4199 2884 343 267 tillgrep¬-

2572 3049 230 187 pen
2703 3049 197 187 på
2802 3049 230 187 det
2933 3049 295 187 sätt,
3130 3049 230 187 att
3261 3049 295 187 sedan
3426 3049 459 187 Sysslomannen

3747 2976 226 105 låtit
3898 2976 226 105 genom
4024 2976 226 105 Sjöberg

3875 3001 397 160 reqvirera
4181 3001 336 160 varorna
4394 3001 153 160 hos

2575 3121 508 207 Leverantören,
2994 3121 329 207 bemälde
3233 3121 269 207 Fritz
3413 3121 329 207 Larsson
3652 3121 209 207 och
3771 3121 269 207 denne
3951 3121 269 207 låtit
4130 3121 209 207 sin
4250 3121 269 207 dräng
4399 3121 150 207 Jo¬-

2569 3241 212 232 han
2690 3241 393 232 Johansson
2992 3241 242 232 köra
3143 3241 181 232 ut
3234 3241 333 232 varorna
3476 3241 242 232 till
3627 3241 454 232 Hospitalet,
3990 3241 333 232 Sjöberg
4232 3241 242 232 dels
4353 3241 212 232 efter

2575 3323 198 239 det
2688 3323 311 239 drängen
2914 3323 198 239 dit
3028 3323 311 239 anländt
3254 3323 198 239 och
3367 3323 226 239 dels
3509 3323 170 239 på
3594 3323 255 239 vägen
3763 3323 226 239 dit,
3905 3323 198 239 vid
4018 3323 396 239 tillfällen
4330 3323 170 239 då
4386 3323 170 239 Sjö¬-

2585 3418 244 260 berg
2738 3418 244 260 gått
2891 3418 336 260 drängen
3135 3418 244 260 till
3288 3418 305 260 mötes,
3501 3418 244 260 från
3654 3418 214 260 det
3776 3418 427 260 levererade
4112 3418 336 260 partiet
4325 3418 214 260 afta¬-

2554 3534 238 225 git
2690 3534 204 225 än
2792 3534 204 225 en
2895 3534 238 225 hel
3031 3534 273 225 säck
3201 3534 238 225 med
3338 3534 443 225 korngryn,
3678 3534 204 225 än
3780 3534 341 225 mindre
4019 3534 443 225 myckenhet
4326 3534 238 225 deraf

2577 3643 387 210 hvarefter
2875 3643 357 210 drängen,
3143 3643 179 210 på
3232 3643 328 210 anmodan
3471 3643 179 210 af
3560 3643 357 210 Sjöberg,
3828 3643 238 210 till
3977 3643 417 210 Handlanden
4275 3643 268 210 Nilsson
