4978 4055
487 172 218 143 e)
596 172 181 143 i
668 172 363 143 början
922 172 218 143 af
1031 172 472 143 sistlidne
1394 172 399 143 Januari
1684 172 327 143 månad
1902 172 218 143 de
2011 172 218 143 10
2084 172 290 143 säckar

496 281 352 177 hafre,
742 281 246 177 som
883 281 492 177 Handlanden
1270 281 211 177 C.
1375 281 211 177 L.
1481 281 457 177 Berggren,
1832 281 352 177 enligt
2078 281 281 177 hvad
2219 281 176 177 har

475 394 312 190 ofvan
683 394 520 190 omförmäles,
1099 394 346 190 anmält
1342 394 243 190 sig
1480 394 312 190 hafva
1688 394 346 190 mistat
1931 394 243 190 och
2069 394 208 190 af
2138 394 243 190 hvil¬-

462 523 221 167 pa
573 523 221 167 de
683 523 295 167 sålt
868 523 258 167 fem
1015 523 369 167 säckar
1273 523 295 167 till
1457 523 369 167 Åkaren
1715 523 479 167 Johansson
2084 523 258 167 och
2195 523 184 167 fem

485 623 262 165 till
649 623 492 165 Berndtsson,
1042 623 262 165 allt
1206 623 229 165 för
1337 623 164 165 5
1403 623 328 165 Kronor
1599 623 328 165 stycket;

481 728 203 162 f)
583 728 304 162 under
786 728 440 162 sistlidne
1124 728 237 162 vår
1259 728 271 162 från
1428 728 474 162 Johanssons
1801 728 237 162 båt
1936 728 237 162 fem
2037 728 271 162 säckar

468 817 316 172 hafre
678 817 246 172 som
819 817 211 172 de
924 817 281 172 till
1100 817 281 172 pris
1275 817 316 172 efter
1486 817 211 172 80
1591 817 246 172 öre
1731 817 246 172 L℔,
1872 817 316 172 deraf
2047 817 316 172 Almgren

492 967 414 136 bekommit
802 967 414 136 tillhopa
1112 967 207 136 12
1216 967 379 136 Kronor,
1492 967 276 136 sålt
1664 967 276 136 till
1837 967 483 136 Handlanden
2182 967 172 136 Au¬-

483 1048 259 186 gust
645 1048 357 186 Nilsson
904 1048 162 186 i
969 1048 292 186 huset
1163 1048 194 186 No
1261 1048 194 186 10
1358 1048 227 186 vid
1455 1048 389 186 Sillgatan;

492 1157 197 186 g)
591 1157 296 186 några
788 1157 296 186 dagar
985 1157 394 186 derefter
1280 1157 427 186 likaledes
1609 1157 263 186 från
1773 1157 460 186 Johanssons
2134 1157 230 186 båt
2233 1157 164 186 tre

481 1270 344 181 säckar
721 1270 344 181 hafre,
962 1270 240 181 som
1099 1270 206 181 de
1202 1270 275 181 till
1374 1270 240 181 ett
1511 1270 275 181 pris
1683 1270 206 181 af
1786 1270 206 181 83
1889 1270 240 181 öre
1992 1270 378 181 Lispundet

483 1381 320 183 deraf
697 1381 391 183 Almgren
981 1381 427 183 erhållit
1301 1381 284 183 åtta
1479 1381 391 183 Kronor,
1764 1381 284 183 sålt
1941 1381 284 183 till
2084 1381 284 183 bemäl¬-

481 1506 203 160 de
549 1506 338 160 Nilsson;

485 1596 213 194 h)
591 1596 355 194 tidigt
839 1596 213 194 på
946 1596 319 194 våren
1159 1596 532 194 innevarande
1585 1596 213 194 år
1691 1596 284 194 från
1869 1596 497 194 Johanssons
2224 1596 177 194 båt

486 1689 245 179 tre
626 1689 350 179 säckar
871 1689 350 179 hafre,
1117 1689 245 179 som
1257 1689 245 179 för
1397 1689 245 179 Fem
1537 1689 350 179 Kronor
1782 1689 385 179 stycket
2028 1689 315 179 inköpts

469 1839 214 192 af
576 1839 534 192 Berndtsson,
1004 1839 427 192 hvilkens
1324 1839 320 192 dräng
1538 1839 356 192 Alfred
1787 1839 392 192 Larsson
2036 1839 285 192 hemtat

452 1936 466 150 desamme
791 1936 212 150 å
833 1936 636 150 Barlastkajen;

478 2030 222 205 i)
589 2030 296 205 kort
774 2030 444 205 derefter
1107 2030 296 205 från
1292 2030 333 205 samme
1515 2030 259 205 båt
1663 2030 259 205 fem
1811 2030 370 205 säckar
2033 2030 296 205 hafre,

485 2155 225 184 som
613 2155 450 184 Berndtsson
967 2155 225 184 för
1095 2155 386 184 enahanda
1385 2155 257 184 pris
1545 2155 482 184 tillhandlat
1931 2155 225 184 sig
2060 2155 225 184 och
2156 2155 225 184 hvil¬-

486 2269 223 182 ka
597 2269 260 182 han
746 2269 335 182 sjelf
970 2269 447 182 afhemtat
1304 2269 260 182 vid
1453 2269 335 182 Lilla
1639 2269 298 182 Bomen;

485 2345 224 217 k)
597 2345 336 217 någon
821 2345 261 217 tid
970 2345 448 217 derefter
1306 2345 299 217 från
1493 2345 336 217 samme
1717 2345 261 217 båt
1866 2345 299 217 fyra
2015 2345 299 217 säckar

485 2490 361 135 hafre,
737 2490 252 135 som
882 2490 505 135 Berndtsson
1278 2490 252 135 för
1423 2490 433 135 enahanda
1747 2490 288 135 pris
1927 2490 361 135 inköpt
2144 2490 180 135 och

470 2601 340 168 hvilka
708 2601 272 168 hans
878 2601 306 168 dräng
1082 2601 272 168 Olof
1252 2601 442 168 Johansson
1593 2601 408 168 afhemtat
1899 2601 238 168 vid
2001 2601 340 168 Barlast¬-

437 2737 303 107 kajen;

465 2783 202 191 l)
566 2783 168 191 i
634 2783 336 191 början
869 2783 202 191 af
970 2783 437 191 sistlidne
1306 2783 370 191 Oktober
1575 2783 303 191 månad
1777 2783 235 191 fem
1912 2783 168 191 å
1945 2783 404 191 Skeppsbro¬-

465 2888 315 195 kajen
675 2888 385 195 utanför
955 2888 525 195 Tullskjulet
1375 2888 420 195 upplagde
1689 2888 350 195 säckar
1934 2888 245 195 med
2039 2888 280 195 hafre,

456 3002 242 167 som
595 3002 207 167 de
698 3002 276 167 sålt
871 3002 276 167 till
1043 3002 345 167 Åkaren
1285 3002 449 167 Johansson
1630 3002 242 167 för
1768 3002 173 167 5
1837 3002 345 167 Kronor
2078 3002 207 167 50
2147 3002 173 167 öre

469 3108 436 201 stycket,
796 3108 327 201 deraf
1014 3108 400 201 Almgren
1305 3108 436 201 bekommit
1632 3108 218 201 11
1705 3108 327 201 Kronor;

479 3226 215 176 m)
587 3226 251 176 vid
730 3226 323 176 något
946 3226 467 176 tillfälle
1305 3226 539 176 innevarande
1736 3226 287 176 höst
1915 3226 287 176 från
2095 3226 215 176 en
2166 3226 180 176 Gö¬-

467 3355 353 187 teborgs
723 3355 513 187 Hemförarebåt
1140 3355 449 187 aktiebolag
1493 3355 417 187 tillhörig
1814 3355 224 187 båt
1942 3355 257 187 fyra
2070 3355 289 187 säckar,

451 3440 402 169 hvilka
732 3440 402 169 åkaren
1013 3440 522 169 Johansson
1415 3440 281 169 för
1576 3440 281 169 fem
1736 3440 402 169 Kronor
1977 3440 362 169 stycket

466 3551 371 200 inköpt
726 3551 260 200 och
874 3551 223 200 af
986 3551 409 200 drängen
1283 3551 483 200 Forsström
1655 3551 409 200 hemtats
1952 3551 260 200 vid
2063 3551 223 200 Bar¬-

408 3697 464 154 lastkajen;

2625 166 210 216 n)
2730 166 175 216 i
2800 166 350 216 slutet
3045 166 210 216 af
3150 166 455 216 sistlidne
3500 166 385 216 Oktober
3780 166 315 216 månad
3990 166 280 216 från
4130 166 385 216 Rederiak¬-

2593 315 514 193 tiebolaget
2997 315 367 193 Örnens
3254 315 257 193 båt
3401 315 220 193 No
3511 315 184 193 2
3584 315 257 193 fem
3731 315 367 193 säckar
3988 315 367 193 hafre,
4208 315 294 193 hvilka

2622 409 503 187 Handlanden
3018 409 216 187 A.
3126 409 216 187 W.
3233 409 503 187 Lagergren,
3629 409 252 187 som
3773 409 252 187 har
3917 409 324 187 butik
4132 409 180 187 i
4204 409 324 187 huset
4384 409 144 187 No

2618 537 216 184 44
2726 537 252 184 vid
2870 537 324 184 Östra
3086 537 505 184 Hamngatan,
3483 537 541 184 tillhandlat
3915 537 252 184 sig
4060 537 252 184 för
4204 537 216 184 90
4276 537 180 184 öre

2609 632 262 188 L℔,
2758 632 224 188 af
2870 632 411 188 hvilket
3169 632 374 188 belopp
3431 632 411 188 Almgren
3730 632 449 188 bekommit
4067 632 224 188 14
4142 632 336 188 Kronor;

2634 767 212 188 o)
2740 767 247 188 den
2881 767 212 188 30
2987 767 459 188 sistlidne
3339 767 388 188 Oktober
3622 767 282 188 från
3798 767 494 188 sistnämnde
4186 767 247 188 båt
4292 767 212 188 fyra

2625 882 313 209 säckar
2844 882 313 209 hafre,
3063 882 250 209 som,
3219 882 375 209 upplagde
3500 882 219 209 vid
3626 882 469 209 Sänkverket,
4001 882 219 209 för
4126 882 219 209 Fem
4220 882 250 209 Kronor

2627 967 331 232 stycket
2868 967 331 232 inköpts
3108 967 181 232 af
3199 967 451 232 Berndtsson,
3560 967 271 232 hvars
3741 967 271 232 dräng
3921 967 241 232 Olof
4072 967 391 232 Johansson
4343 967 150 232 der

2617 1182 466 166 afhemtat
2928 1182 388 166 desamme;

2629 1204 171 243 p)
2715 1204 200 243 den
2829 1204 171 243 11
2915 1204 285 243 dennes
3114 1204 228 243 från
3257 1204 285 243 Rederi
3456 1204 257 243 aktie
3628 1204 314 243 bolaget
3856 1204 342 243 "Örnens"
4112 1204 200 243 båt
4226 1204 171 243 No
4312 1204 171 243 1,
4369 1204 114 243 då

2638 1351 367 207 liggande
2914 1351 153 207 i
2975 1351 275 207 Stora
3158 1351 489 207 Hamnkanalen,
3556 1351 153 207 6
3617 1351 306 207 säckar
3831 1351 306 207 hafre,
4045 1351 214 207 som
4137 1351 336 207 Johansson

2630 1472 203 217 och
2746 1472 320 217 Almgren
2979 1472 233 217 till
3124 1472 203 217 ett
3240 1472 233 217 pris
3386 1472 262 217 efter
3560 1472 174 217 91
3647 1472 203 217 öre
3763 1472 378 217 Lispundet
4054 1472 233 217 sålt
4199 1472 233 217 till
4316 1472 174 217 Han¬-

2636 1544 424 231 delsfirman
2969 1544 273 231 Lerén
3151 1544 152 231 &
3212 1544 303 231 Rohde,
3424 1544 212 231 som
3545 1544 212 231 har
3666 1544 273 231 butik
3848 1544 152 231 i
3909 1544 273 231 huset
4091 1544 182 231 No
4182 1544 152 231 6
4242 1544 212 231 vid
4333 1544 152 231 Ka¬-

2612 1762 381 121 serntorget;

2635 1853 224 170 3o
2747 1853 485 170 Johansson
3120 1853 261 170 och
3231 1853 336 170 Hagman:

2645 1921 174 197 a)
2732 1921 203 197 Wid
2848 1921 261 197 något
3022 1921 377 197 tillfälle
3313 1921 319 197 emellan
3545 1921 203 197 den
3661 1921 174 197 13
3748 1921 203 197 och
3864 1921 174 197 20
3951 1921 290 197 dennes
4155 1921 232 197 från
4271 1921 203 197 sist¬-

2637 2037 327 187 nämnda
2866 2037 327 187 Bolags
3095 2037 229 187 båt
3226 2037 196 187 No
3324 2037 196 187 4,
3422 2037 196 187 då
3520 2037 360 187 förtöjd
3782 2037 164 187 i
3847 2037 294 187 Stora
4011 2037 425 187 Hamnkanalen

2642 2153 243 209 midt
2794 2153 213 209 för
2915 2153 669 209 Residensbyggnaden,
3493 2153 243 209 fyra
3644 2153 304 209 säckar
3857 2153 304 209 hafre,
4070 2153 213 209 som
4161 2153 304 209 försålts

2622 2283 244 191 till
2774 2283 305 191 Åkaren
2987 2283 396 191 Johansson
3292 2283 213 191 för
3414 2283 152 191 5
3475 2283 305 191 Kronor
3688 2283 366 191 stycket,
3962 2283 274 191 deraf
4145 2283 305 191 Hagman
4328 2283 152 191 be¬-

2632 2379 314 198 kommit
2851 2379 219 198 Sju
2977 2379 314 198 Kronor
3196 2379 188 198 50
3290 2379 219 198 öre
3415 2379 219 198 och
3541 2379 314 198 hvilka
3760 2379 345 198 blifvit
4011 2379 188 198 af
4105 2379 345 198 Drängen
4325 2379 125 198 Ek

2631 2460 419 279 afhemtade
2953 2460 258 279 från
3114 2460 193 279 en
3211 2460 161 279 i
3275 2460 483 279 Wallgrafven
3662 2460 355 279 utanför
3888 2460 612 279 Trädgårdsförenin¬-

2641 2673 241 156 gen
2778 2673 379 156 förtöjd
3019 2673 241 156 pråm;

2656 2760 211 168 4o
2761 2760 493 168 Johansson,
3149 2760 352 168 Hagman
3395 2760 246 168 och
3501 2760 352 168 Almgren:

2652 2814 188 234 a)
2746 2814 251 234 Kort
2903 2814 282 234 efter
3091 2814 408 234 sistlidne
3405 2814 408 234 midsommar
3718 2814 251 234 från
3875 2814 408 234 Göteborgs
4158 2814 376 234 Hemförare¬-

2665 2943 597 193 Båtaktiebolags
3162 2943 232 193 båt
3295 2943 199 193 No
3394 2943 232 193 42,
3527 2943 199 193 då
3626 2943 365 193 förtöjd
3891 2943 166 193 i
3958 2943 464 193 härvarande
4289 2943 199 193 hamn

2662 3053 249 216 midt
2818 3053 218 216 för
2942 3053 374 216 Keillers
3223 3053 436 216 verkstäder
3566 3053 249 216 fyra
3722 3053 312 216 säckar
3940 3053 281 216 hafre
4127 3053 218 216 som
4252 3053 218 216 för
4345 3053 156 216 Fem

2645 3152 321 203 Kronor
2870 3152 289 203 sålts
3063 3152 257 203 till
3223 3152 482 203 Berndtsson,
3609 3152 225 203 som
3738 3152 289 203 låtit
3930 3152 289 203 hemta
4123 3152 354 203 partiet
4348 3152 161 203 vid

2642 3305 539 143 Barlastkajen,
3086 3305 222 143 der
3213 3305 381 143 detsamma
3467 3305 349 143 upplagts;

2649 3423 223 127 5o
2760 3423 484 127 Johansson
3133 3423 261 127 och
3244 3423 410 127 Lundberg:

2648 3503 197 176 a)
2747 3503 164 176 i
2812 3503 426 176 sistlidne
3140 3503 262 176 Juni
3304 3503 295 176 månad
3501 3503 262 176 från
3665 3503 197 176 en
3764 3503 459 176 sistnämnde
4124 3503 328 176 bolags
4321 3503 197 176 båt,

2645 3638 182 142 då
2736 3638 333 142 förtöjd
2978 3638 152 142 i
3039 3638 273 142 Stora
3221 3638 485 142 Hamnkanalen,
3615 3638 212 142 tre
3736 3638 303 142 säckar
3948 3638 303 142 fuktig
4161 3638 303 142 hafre,
4342 3638 152 142 som

2663 3727 294 191 Åkaren
2868 3727 382 191 Johansson
3162 3727 235 191 köpt
3309 3727 206 191 för
3426 3727 206 191 fem
3544 3727 294 191 Kronor
3749 3727 323 191 stycket
3984 3727 206 191 och
4102 3727 264 191 låtit
4249 3727 264 191 drängen
