5038 4076
502 118 532 183 erhållen
901 118 576 183 förtäring
1344 118 443 183 lemnat
1654 118 665 183 malsegarens
2142 118 310 183 Kapp¬-

483 230 363 216 säck
710 230 409 216 sedan
982 230 318 216 han
1164 230 363 216 dock
1391 230 545 216 derifrån
1800 230 500 216 uttagit
2163 230 318 216 der
2300 230 136 216 i

456 375 594 190 densamma
901 375 643 190 förvarade
1396 375 594 190 skjortor
1791 375 594 190 kallsonger

458 481 341 200 samt
671 481 851 200 annutationsboken
1395 481 298 200 med
1565 481 511 200 betyger,
1948 481 298 200 att
2118 481 298 200 han
2246 481 213 200 den

449 629 277 140 22
587 629 416 140 samma
865 629 370 140 Juni
1095 629 416 140 månad
1373 629 462 140 kommit
1696 629 323 140 hit
1881 629 370 140 till
2065 629 370 140 staden

445 748 460 170 hvarest
779 748 292 170 han
946 748 251 170 af
1072 748 292 170 det
1239 748 334 170 från
1448 748 543 170 Hallströn
1824 748 501 170 tillgripna

457 865 448 158 godset
771 865 537 158 pantsatt
1174 865 672 158 Pantlånaren
1711 865 224 158 A
1800 865 492 158 Nilsson
2158 865 224 158 i
2203 865 224 158 hu¬-

455 1014 311 145 set
632 1014 267 145 No
766 1014 267 145 82
899 1014 222 145 i
988 1014 711 145 Galgkrogarne
1566 1014 311 145 för
1744 1014 222 145 1
1833 1014 400 145 krona
2100 1014 267 145 50
2189 1014 222 145 öre

488 1128 196 177 2
566 1128 470 177 skjortor
919 1128 274 177 och
1075 1128 274 177 ett
1232 1128 274 177 par
1389 1128 548 177 Kallsånger
1819 1128 274 177 hos
1937 1128 470 177 Pantlåner¬-

497 1241 329 180 skan
702 1241 206 180 J
785 1241 452 180 Jonsson
1114 1241 206 180 i
1196 1241 370 180 huset
1442 1241 247 180 No
1566 1241 206 180 6
1648 1241 288 180 vid
1771 1241 576 180 Eklundsgatan

505 1366 275 164 för
662 1366 196 164 2
740 1366 393 164 kronor
1016 1366 236 164 50
1133 1366 275 164 öre
1291 1366 275 164 ett
1448 1366 550 164 cylinderur
1880 1366 275 164 hos
1998 1366 432 164 Pantlåna¬-

476 1445 280 208 ren
636 1445 200 208 W
716 1445 361 208 Karth
957 1445 200 208 i
1037 1445 361 208 huset
1277 1445 240 208 No
1397 1445 200 208 5
1478 1445 280 208 vid
1638 1445 521 208 Wallgatan
2038 1445 240 208 en
2119 1445 240 208 väst

473 1599 266 176 för
625 1599 190 176 1
701 1599 342 176 krona
929 1599 228 176 25
1042 1599 266 176 öre
1194 1599 266 176 och
1346 1599 228 176 en
1460 1599 304 176 rock
1650 1599 266 176 för
1802 1599 228 176 75
1916 1599 266 176 öre
2067 1599 304 176 utan
2219 1599 190 176 att

469 1716 312 159 han
648 1716 357 159 dock
871 1716 401 159 kunde
1138 1716 446 159 sakert
1450 1716 446 159 erinra
1762 1716 312 159 sig
1896 1716 446 159 huruvida

491 1828 402 151 rocken
772 1828 523 151 pantsatts
1174 1828 281 151 hos
1335 1828 442 151 Jonsson
1657 1828 362 151 eller
1898 1828 362 151 Karth
2139 1828 281 151 att
2260 1828 201 151 han

475 1972 345 166 till
690 1972 259 166 en
820 1972 474 166 obekant
1165 1972 388 166 Karl,
1423 1972 302 166 som
1596 1972 302 166 han
1768 1972 474 166 träffat
2113 1972 216 166 å
2156 1972 302 166 Kung¬-

471 2130 413 128 torget
760 2130 496 128 bortbytt
1131 2130 289 128 ett
1297 2130 289 128 par
1462 2130 372 128 byxor
1710 2130 330 128 emot
1916 2130 289 128 ett
2081 2130 289 128 par
2205 2130 248 128 säm¬-

460 2200 254 197 re
587 2200 423 197 sådana
882 2200 296 197 och
1051 2200 254 197 en
1178 2200 592 197 mellangift
1643 2200 254 197 af
1770 2200 211 197 4
1854 2200 465 197 kronor;
2150 2200 211 197 att

450 2311 292 186 han
617 2311 334 186 till
826 2311 459 186 obekant
1159 2311 417 186 person
1452 2311 334 186 sålt
1660 2311 250 186 de
1785 2311 250 186 af
1869 2311 542 186 Pantlånare¬-

454 2430 259 194 ne
583 2430 475 194 Nilsson
929 2430 475 194 Jonsson
1274 2430 302 194 och
1446 2430 388 194 Karth
1705 2430 561 194 utfärdade
2094 2430 302 194 pant¬-

437 2559 498 181 sedlarne
811 2559 291 181 med
977 2559 498 181 undantag
1351 2559 249 181 af
1476 2559 415 181 Karths
1766 2559 540 181 pantsedel
2181 2559 208 181 å
2223 2559 166 181 en

473 2684 304 136 väst
663 2684 304 136 väst
852 2684 417 136 hvilken
1156 2684 266 136 han
1308 2684 493 136 förstört;
1687 2684 266 136 att
1839 2684 266 136 han
1953 2684 379 136 derefter

470 2799 273 170 med
626 2799 585 170 tillfälligt
1094 2799 390 170 arbete
1367 2799 546 170 uppehållit
1796 2799 273 170 sig
1913 2799 429 170 härstädes

464 2905 316 165 till
662 2905 395 165 slutet
939 2905 237 165 af
1057 2905 395 165 sistl.
1334 2905 316 165 Juli
1532 2905 356 165 månad
1769 2905 237 165 då
1887 2905 277 165 han
2006 2905 395 165 begifvit

458 3018 307 209 sig
634 3018 351 209 till
853 3018 438 209 gården
1160 3018 438 209 Lossby
1466 3018 219 209 i
1554 3018 570 209 Björlanda
1992 3018 438 209 socken
2255 3018 132 209 å

446 3152 526 141 Hisingen,
850 3152 445 141 hvarest
1174 3152 283 141 hon
1336 3152 486 141 erhållit
1700 3152 405 141 arbete
1983 3152 283 141 hos
2104 3152 324 141 banden

449 3244 431 144 Anders
751 3244 474 144 Petters
1096 3244 431 144 Olsson
1398 3244 345 144 till
1613 3244 302 144 den
1786 3244 216 144 1
1872 3244 431 144 dennes
2131 3244 302 144 hvil¬-

438 3403 305 162 ken
613 3403 305 162 dag
787 3403 262 162 på
918 3403 305 162 fm,
1092 3403 262 162 då
1223 3403 305 162 han
1398 3403 349 162 gått
1616 3403 392 162 förbi
1834 3403 610 162 Reutgerssons

459 3476 356 207 stuga
697 3476 277 207 och
855 3476 475 207 iaktagit
1212 3476 277 207 att
1370 3476 356 207 ingen
1608 3476 277 207 der
1766 3476 317 207 inne
1924 3476 515 207 tillstädes¬-

429 3662 405 144 varit
699 3662 315 144 han
879 3662 315 144 med
1058 3662 270 144 en
1193 3662 360 144 stor
1418 3662 360 144 spik
1643 3662 450 144 öppnat
1957 3662 315 144 ett
2092 3662 270 144 fön¬-

443 3754 366 180 ster
672 3754 321 180 och
855 3754 412 180 genom
1130 3754 549 180 detsamma
1542 3754 458 180 krupit
1863 3754 275 180 in
2000 3754 229 180 i
2046 3754 366 180 Stugan

2603 268 344 137 hvarest
2853 268 219 137 han
2978 268 250 137 dels
3134 268 156 137 i
3197 268 219 137 ett
3322 268 250 137 kök,
3478 268 250 137 dels
3634 268 188 137 på
3728 268 313 137 vinden
3947 268 219 137 och
4072 268 250 137 dels
4228 268 156 137 i
4291 268 219 137 ett
4385 268 156 137 rum

2608 359 358 198 innanför
2877 359 298 198 köket,
3085 359 418 198 tillgripit
3414 359 358 198 samtlige
3682 359 179 198 de
3772 359 179 198 af
3861 359 418 198 Rutgersson
4189 359 328 198 anmälde
4398 359 179 198 per¬-

2608 461 369 229 sedlarne;
2891 461 170 229 af
2977 461 284 229 hvilka
3175 461 199 229 han
3289 461 284 229 iklädt
3487 461 199 229 sig
3601 461 454 229 öfverrocken,
3970 461 199 229 två
4083 461 369 229 skjortor,
4367 461 170 229 en
4424 461 142 229 un¬-

2623 567 381 183 dertröja,
2916 567 205 183 ett
3033 567 205 183 par
3151 567 293 183 byxor,
3356 567 440 183 kalsongerna
3708 567 205 183 och
3825 567 205 183 ett
3943 567 205 183 par
4060 567 381 183 strumpor;
4353 567 205 183 att
4441 567 147 183 det

2615 672 153 199 i
2677 672 305 199 rummet
2890 672 366 199 innanför
3165 672 275 199 köket
3348 672 305 199 stulna
3561 672 305 199 godset
3775 672 458 199 tillgripits
4141 672 183 199 ur
4233 672 214 199 der
4324 672 275 199 befint¬-

2590 802 244 229 lige
2743 802 336 229 kistor,
2987 802 183 229 af
3079 802 305 229 hvilka
3292 802 305 229 locket
3506 802 244 229 till
3658 802 214 229 den
3780 802 244 229 ena,
3933 802 214 229 som
4055 802 275 229 varit
4238 802 275 229 låst,
4390 802 214 229 blif¬-

2599 955 230 189 vit
2730 955 197 189 af
2829 955 295 189 honom
3026 955 427 189 uppryckt;
3354 955 230 189 att
3485 955 263 189 han,
3649 955 230 189 som
3781 955 164 189 i
3846 955 328 189 stugan
4076 955 459 189 qvarlemnat
4404 955 197 189 sina

2591 1056 236 182 egna
2739 1056 266 182 förut
2916 1056 355 182 påhafvde
3182 1056 325 182 kläder,
3419 1056 355 182 derefter
3685 1056 295 182 genast
3891 1056 355 182 begifvit
4157 1056 207 182 sig
4276 1056 207 182 hit
4364 1056 207 182 till¬-

2588 1139 360 205 staden,
2850 1139 360 205 hvarest
3112 1139 229 205 han
3243 1139 229 205 för
3374 1139 196 205 de
3472 1139 327 205 belopp
3701 1139 229 205 och
3832 1139 229 205 hos
3963 1139 196 205 de
4061 1139 491 205 pantlånare,
4421 1139 164 205 som

2579 1274 338 226 funnos
2816 1274 406 226 upptagne
3121 1274 169 226 i
3188 1274 203 226 de
3290 1274 508 226 pantsedlar,
3696 1274 338 226 hvilka
3933 1274 271 226 han,
4102 1274 203 226 då
4204 1274 237 226 han
4305 1274 305 226 anhölls

2586 1399 451 219 innehade,
2933 1399 416 219 pantsatt
3245 1399 243 219 det
3384 1399 173 219 i
3453 1399 312 219 samme
3661 1399 485 219 pantsedlar
4042 1399 485 219 omförmälda
4389 1399 208 219 från

2589 1539 450 199 Rutgersson
2942 1539 321 199 stulne
3167 1539 289 199 gods;
3360 1539 225 199 att
3488 1539 225 199 han
3617 1539 385 199 dessutom
3906 1539 161 199 å
3970 1539 385 199 Majornas
4227 1539 353 199 Pantlåne¬-

2596 1669 313 176 kontor
2815 1669 156 176 i
2877 1669 281 176 huset
3065 1669 188 176 No
3158 1669 188 176 44
3252 1669 219 176 vid
3377 1669 438 176 Husargatan
3721 1669 219 176 den
3846 1669 156 176 1
3908 1669 188 176 ds
4002 1669 219 176 för
4127 1669 156 176 5
4190 1669 313 176 Kronor
4377 1669 219 176 pant¬-

2592 1786 242 164 satt
2743 1786 212 164 ett
2864 1786 212 164 par
2985 1786 333 164 vantar,
3227 1786 272 164 byxor
3408 1786 212 164 och
3529 1786 181 164 en
3620 1786 272 164 väst,
3801 1786 212 164 men
3922 1786 363 164 förlorat
4194 1786 423 164 pantsedeln
4496 1786 91 164 å

2585 1864 425 190 desamme;
2903 1864 283 190 samt
3080 1864 248 190 att
3221 1864 248 190 han
3363 1864 495 190 antagligen
3752 1864 318 190 under
3965 1864 318 190 vägen
4177 1864 283 190 från
4318 1864 248 190 Björ¬-

2585 2016 306 156 landa
2789 2016 238 156 hit
2925 2016 272 156 till
3095 2016 340 156 staden
3333 2016 340 156 tappat
3572 2016 204 156 de
3674 2016 204 156 af
3776 2016 306 156 honom
3980 2016 272 156 från
4116 2016 408 156 Rutgersson

2589 2147 443 186 tillgripne
2937 2147 443 186 rakknifvar
3285 2147 221 186 och
3380 2147 411 186 yllevantar.

2761 2200 249 208 Vid
2904 2200 569 208 efterhörande
3366 2200 249 208 hos
3508 2200 534 208 ofvannämnde
3935 2200 498 208 pantlånare
4291 2200 249 208 hafva

2597 2382 198 140 de
2663 2382 330 140 upplyst:

2593 2432 479 186 Nilsson:
2953 2432 280 186 att
3112 2432 240 186 de
3232 2432 240 186 af
3352 2432 519 186 Johansson
3751 2432 280 186 hos
3911 2432 359 186 honom
4111 2432 439 186 pantsatte

2591 2565 188 192 2
2667 2565 452 192 skjortor
3006 2565 264 192 och
3156 2565 264 192 ett
3307 2565 264 192 par
3458 2565 490 192 kalsonger
3834 2565 414 192 blifvit
4136 2565 301 192 fran
4286 2565 264 192 honom

2562 2743 389 109 utlösta.

2579 2802 381 160 Jansson
2856 2802 242 160 att
2995 2802 554 160 cylinderuret
3445 2802 381 160 blifvit
3722 2802 381 160 utlöst,
3999 2802 242 160 men
4138 2802 208 160 en
4241 2802 312 160 rock,
4415 2802 139 160 en

2594 2989 474 146 långsjal
2950 2989 277 146 och
3108 2989 237 146 en
3227 2989 356 146 annan
3424 2989 277 146 sjal,

3616 2938 276 84 samt

3672 2941 217 196 en
3780 2941 397 196 skjorta
4069 2941 361 196 funnes
4322 2941 181 196 i
4358 2941 181 196 be¬-

2581 3106 332 136 håll
2747 3106 208 136 och

2559 3143 373 190 Karth
2807 3143 290 190 att
2973 3143 580 190 Hällströms
3428 3143 331 190 väst
3635 3143 290 190 och
3801 3143 580 190 Rutgersson
4215 3143 290 190 till¬-

2583 3283 405 141 hörige
2866 3283 243 141 en
2987 3283 324 141 väst
3189 3283 243 141 en
3311 3283 283 141 blå
3473 3283 445 141 skjorta
3796 3283 283 141 och
3958 3283 243 141 en
4039 3283 445 141 yllehals¬-

2577 3409 322 155 duk
2761 3409 368 155 dock
2991 3409 368 155 ännu
3221 3409 460 155 funnes
3543 3409 368 155 qvar
3774 3409 230 155 å
3866 3409 460 155 Karths
4142 3409 414 155 pantlå¬-

2535 3527 506 166 nekontor.

2591 3626 265 202 De
2723 3626 619 202 Rutgersson
3210 3626 619 202 tillhörige
3697 3626 663 202 Klädesplagg
4183 3626 354 202 hvilka

2587 3755 558 179 Johansson
3016 3755 301 179 vid
3188 3755 644 179 anhållandet
3703 3755 301 179 var
3875 3755 429 179 iklädd
4133 3755 429 179 afvensom
