5119 4087
554 218 268 112 hon
707 218 345 112 kunde
937 218 307 112 från
1129 218 268 112 sin
1282 218 383 112 matmor
1550 218 268 112 och
1703 218 345 112 lemna
1933 218 268 112 dem
2087 218 268 112 det
2202 218 268 112 till¬-

569 330 365 118 gripne,
835 330 233 118 som
967 330 199 118 de
1067 330 299 118 skule
1266 330 432 118 pantsätta
1598 330 233 118 och
1731 330 432 118 sedermera
2063 330 365 118 utlösa;
2296 330 166 118 att

576 448 275 120 hon,
747 448 584 120 efterkommande
1228 448 309 120 deras
1434 448 549 120 uppmaningar,
1881 448 240 120 vid
2018 448 309 120 olika
2190 448 240 120 till¬-

568 556 320 116 fällen
792 556 448 116 tillgripit
1145 556 384 116 samtlige
1433 556 192 116 af
1529 556 448 116 Målsegaren
1881 556 352 116 anmälde
2106 556 384 116 persedlar,

567 686 244 98 med
706 686 418 98 undantag
1020 686 209 98 av
1124 686 452 98 broschen,
1472 686 244 98 som
1611 686 244 98 hon
1750 686 348 98 trodde
1994 686 244 98 att
2133 686 278 98 Sara
2272 686 174 98 Jo¬-

567 794 380 102 hansson
844 794 311 102 sjelf
1051 794 518 102 tillgripit,
1466 794 277 102 enär
1639 794 311 102 denna
1846 794 311 102 varit
2054 794 311 102 ensam
2227 794 207 102 inne

587 907 166 110 i
653 907 232 110 det
786 907 266 110 rum,
952 907 232 110 der
1085 907 398 110 broschen
1383 907 299 110 legat
1583 907 232 110 vid
1715 907 232 110 det
1848 907 432 110 tillfälle
2180 907 232 110 den
2280 907 232 110 bort¬-

574 1013 377 118 kommit;
848 1013 240 118 att
985 1013 240 118 hon
1122 1013 343 118 endast
1362 1013 240 118 vid
1499 1013 240 118 ett
1636 1013 480 118 tillfälle,
2013 1013 206 118 då
2116 1013 240 118 hon
2218 1013 206 118 haft

574 1120 329 118 nyckeln
814 1120 239 118 till
963 1120 389 118 vedboden,
1263 1120 419 118 tillgripit
1592 1120 150 118 4
1652 1120 299 118 mindre
1861 1120 329 118 vedträn
2101 1120 210 118 och
2191 1120 269 118 således

584 1240 289 114 icke
764 1240 289 114 eger
945 1240 433 114 kännedom
1270 1240 217 114 om
1379 1240 289 114 hvem
1559 1240 253 114 som
1704 1240 506 114 frånbrutit
2101 1240 361 114 brädan
2318 1240 108 114 i

573 1350 368 116 vedboden
849 1350 214 116 och
972 1350 429 116 tillgripit
1309 1350 214 116 den
1431 1350 306 116 öfriga
1646 1350 306 116 veden;
1860 1350 214 116 att
1983 1350 214 116 hon
2105 1350 306 116 gifvit
2289 1350 153 116 hu¬-

551 1460 360 124 strurna
813 1460 426 124 Johansson
1141 1460 262 124 allt
1304 1460 262 124 hvad
1468 1460 229 124 hon
1599 1460 458 124 tillgripit
1959 1460 262 124 från
2090 1460 360 124 Målegaren

550 1578 273 130 samt
720 1578 239 130 att
857 1578 239 130 hon
993 1578 409 130 dessutom
1300 1578 273 130 från
1471 1578 239 130 sin
1607 1578 409 130 Matmoder
1914 1578 478 130 tillgripit
2255 1578 171 130 Två

555 1694 331 118 Kannor
786 1694 397 118 potatis,
1084 1694 231 118 som
1216 1694 231 118 hon
1348 1694 297 118 äfven
1547 1694 331 118 gifvit
1778 1694 430 118 hustrurna
2075 1694 397 118 Johansson,

552 1814 203 106 2o
654 1814 270 106 Sara
822 1814 439 106 Johansson
1160 1814 236 106 och
1295 1814 203 106 3o
1397 1814 372 106 Johanna
1667 1814 439 106 Johansson
1971 1814 439 106 sammanstäm¬-

563 1922 333 112 mande:
796 1922 233 112 att
929 1922 432 112 Andersson
1261 1922 266 112 utan
1427 1922 299 112 deras
1627 1922 366 112 begäran
1893 1922 333 112 lemnat
2126 1922 233 112 dem
2225 1922 233 112 ifrå¬-

561 2035 385 111 gakomne
841 2035 490 111 persedlar,
1226 2035 245 111 som
1366 2035 245 111 hon
1506 2035 280 111 bedt
1682 2035 245 111 dem
1822 2035 385 111 förvara
2102 2035 210 111 åt
2172 2035 280 111 henne;

561 2145 231 101 att
693 2145 198 101 de
792 2145 329 101 likväl
1022 2145 231 101 för
1154 2145 461 101 erhållande
1516 2145 198 101 af
1615 2145 428 101 penningar
1944 2145 263 101 till
2076 2145 362 101 uppehälle

555 2247 371 107 pantsatt
833 2247 340 107 lakanet
1081 2247 217 107 den
1205 2247 186 107 12
1297 2247 309 107 sistl.
1514 2247 371 107 Februari
1792 2247 217 107 för
1916 2247 186 107 50
2009 2247 217 107 öre
2133 2247 217 107 hos
2225 2247 217 107 Pant¬-

534 2347 350 119 lånaren
789 2347 191 119 J.
884 2347 318 119 Olsson
1107 2347 159 119 i
1170 2347 286 119 huset
1361 2347 191 119 No
1456 2347 191 119 13
1552 2347 223 119 vid
1679 2347 254 119 Öfra
1838 2347 477 119 Husargatan,
2188 2347 254 119 vaxdu¬-

541 2456 214 125 ken
664 2456 214 125 den
786 2456 153 125 8
848 2456 306 125 dennes
1062 2456 214 125 för
1185 2456 184 125 75
1277 2456 214 125 öre
1399 2456 214 125 och
1522 2456 214 125 ett
1644 2456 306 125 stycke
1859 2456 214 125 tyg
1981 2456 214 125 den
2104 2456 184 125 10
2196 2456 184 125 ds
2257 2456 153 125 för

548 2561 193 122 25
644 2561 225 122 öre
773 2561 225 122 hos
901 2561 482 122 Pantlånaren
1286 2561 193 122 P.
1383 2561 193 122 J.
1479 2561 321 122 Osberg
1704 2561 161 122 i
1768 2561 289 122 huset
1960 2561 193 122 No
2057 2561 161 122 3
2121 2561 225 122 vid
2217 2561 225 122 Jern¬-

545 2664 332 144 torget
777 2664 265 144 samt
943 2664 232 144 ett
1075 2664 332 144 stycke
1307 2664 232 144 tyg
1440 2664 232 144 och
1573 2664 199 144 en
1672 2664 232 144 duk
1805 2664 232 144 den
1937 2664 166 144 1
2004 2664 332 144 dennes
2236 2664 232 144 för
2335 2664 133 144 50

546 2796 223 125 öre
673 2796 223 125 och
801 2796 223 125 ett
928 2796 286 125 annat
1118 2796 318 125 stycke
1341 2796 223 125 tyg
1468 2796 286 125 jemte
1659 2796 191 125 en
1754 2796 223 125 duk
1882 2796 223 125 den
2009 2796 159 125 8
2072 2796 318 125 dennes
2263 2796 159 125 för

539 2902 199 121 50
638 2902 233 121 öre
771 2902 233 121 hos
904 2902 499 121 Pantlånaren
1303 2902 199 121 H.
1403 2902 199 121 C.
1503 2902 399 121 Hallberg
1802 2902 166 121 i
1868 2902 299 121 huset
2068 2902 199 121 No
2167 2902 199 121 14
2234 2902 166 121 vid

535 3016 500 124 Husargatan;
935 3016 233 124 att
1068 3016 233 124 de,
1201 3016 233 124 som
1335 3016 300 124 hafva
1535 3016 233 124 sin
1668 3016 333 124 vedbod
1901 3016 333 124 intill
2101 3016 367 124 Abramskys

522 3136 371 122 vedbod,
792 3136 270 122 sett
961 3136 338 122 brädan
1197 3136 270 122 vara
1366 3136 473 122 lösbruten,
1737 3136 236 122 men
1872 3136 236 122 att
2007 3136 203 122 de
2109 3136 270 122 icke
2244 3136 203 122 lös¬-

523 3250 312 118 brutit
741 3250 218 118 den
866 3250 281 118 eller
1053 3250 436 118 tillgripit
1396 3250 281 118 någon
1583 3250 249 118 ved;
1738 3250 218 118 att
1863 3250 187 118 de
1957 3250 249 118 icke
2112 3250 218 118 ega
2206 3250 218 118 någon

522 3374 390 112 kännedom
814 3374 195 112 om
911 3374 227 112 den
1041 3374 455 112 tillgripne
1399 3374 422 112 broschen,
1723 3374 260 112 samt
1886 3374 227 112 att
2016 3374 195 112 de
2113 3374 260 112 icke
2243 3374 195 112 kun¬-

524 3482 205 118 na
626 3482 342 118 erinra
866 3482 239 118 sig
1002 3482 273 118 huru
1173 3482 205 118 de
1276 3482 342 118 kommit
1515 3482 171 118 i
1583 3482 479 118 besittning
1959 3482 205 118 af
2062 3482 239 118 det
2165 3482 273 118 lakan,

524 3594 226 114 som
653 3594 258 114 icke
814 3594 355 114 tillhör
1072 3594 387 114 Abramsky
1362 3594 226 114 och
1491 3594 290 114 hvarå
1684 3594 193 114 de
1781 3594 387 114 innehade
2039 3594 419 114 pantsedeln.

636 3711 348 96 Hustrun
889 3711 379 96 Carolina
1174 3711 411 96 Svensson,
1490 3711 316 96 boende
1711 3711 158 96 i
1774 3711 285 96 huset
1964 3711 190 96 No
2059 3711 158 96 1
2122 3711 221 96 vid
2217 3711 253 96 Engga¬

2721 241 261 101 tan,
2885 241 229 101 har
3015 241 327 101 anmält
3244 241 229 101 sig
3375 241 229 101 som
3505 241 294 101 egare
3701 241 261 101 till
3865 241 490 101 sistberörde
4257 241 327 101 lakan,
4453 241 163 101 un¬-

2743 357 234 105 der
2876 357 401 105 uppgift,
3177 357 234 105 att
3311 357 234 105 det
3445 357 301 105 någon
3646 357 234 105 dag
3779 357 167 105 i
3846 357 334 105 sistl.
4080 357 401 105 Februari
4348 357 234 105 månad

2729 459 524 121 tillgripits
3148 459 175 121 å
3218 459 210 121 en
3323 459 210 121 af
3428 459 314 121 henne
3638 459 175 121 i
3707 459 524 121 oftaberörde
4127 459 245 121 hus
4232 459 384 121 gemensamt

2739 577 234 119 med
2872 577 435 119 hustrurna
3207 577 435 119 Johansson
3542 577 402 119 begagnad
3844 577 402 119 torkvind
4145 577 234 119 och
4279 577 402 119 värderat

2736 696 484 104 detsamma
3099 696 323 104 till
3301 696 242 104 En
3381 696 323 104 Krona.

2820 772 469 128 Hustrurna
3181 772 469 128 Johansson
3542 772 325 128 hafva
3758 772 433 128 igenlöst
4083 772 217 128 de
4155 772 397 128 pantsatte

2709 880 562 143 persedlarne,
3165 880 246 143 som
3306 880 386 143 blifvit
3587 880 281 143 till
3762 880 457 143 Målegarne
4078 880 492 143 återlemnade.

2804 980 250 141 På
2929 980 375 141 grund
3180 980 250 141 af
3305 980 334 141 hvad
3513 980 459 141 sålunda
3847 980 542 141 förkommit
4264 980 292 141 äro
4389 980 209 141 An¬-

2711 1093 220 155 na
2821 1093 366 155 Helena
3078 1093 476 155 Andersson
3444 1093 293 155 samt
3627 1093 476 155 hustrurne
3993 1093 293 155 Sara
4139 1093 403 155 Johansson

2710 1197 235 165 och
2845 1197 369 165 Johanna
3113 1197 436 165 Johansson
3448 1197 369 165 kallade
3717 1197 268 165 till
3884 1197 503 165 inställelse
4287 1197 302 165 inför
4454 1197 168 165 PKn

2719 1341 329 123 denna
2939 1341 292 123 dag.
3121 1341 438 123 Göteborg
3450 1341 256 123 den
3596 1341 219 123 25
3706 1341 292 123 Mars
3852 1341 256 123 1880.

4576 1411 300 96 No
4676 1411 250 96 71.

4574 1545 286 86 Andreas
4756 1545 260 86 Eriksson

2847 1451 542 167 Poliskonstapeln
3304 1451 171 167 No
3390 1451 171 167 59
3476 1451 314 167 Norberg
3704 1451 200 167 har
3818 1451 400 167 Thorsdagen
4132 1451 200 167 den
4246 1451 171 167 25
4332 1451 171 167 ds
4389 1451 143 167 kl.

2702 1585 212 153 3/4
2823 1585 182 153 11
2914 1585 273 153 f.m.,
3096 1585 273 153 efter
3278 1585 334 153 anmälan
3521 1585 182 153 af
3612 1585 546 153 Fläskmånglaren
4067 1585 273 153 Johan
4218 1585 334 153 Eriksson,

2721 1703 219 159 som
2846 1703 281 159 idkar
3033 1703 469 159 försäljning
3408 1703 187 159 af
3502 1703 281 159 fläsk
3689 1703 250 159 från
3845 1703 187 159 en
3939 1703 250 159 vagn
4095 1703 156 159 å
4127 1703 437 159 Kungstorget,

2712 1829 380 161 anhållit
2997 1829 507 161 Arbetskarlen
3409 1829 349 161 Andreas
3663 1829 412 161 Eriksson,
3980 1829 317 161 boende
4201 1829 158 161 i
4265 1829 285 161 huset
4423 1829 127 161 No

2707 1949 199 157 51
2806 1949 166 157 i
2873 1949 598 157 Landalabergen,
3371 1949 232 157 for
3504 1949 232 157 det
3636 1949 232 157 han
3769 1949 232 157 vid
3902 1949 299 157 sagde
4101 1949 232 157 tid
4234 1949 266 157 från
4400 1949 166 157 å
4433 1949 133 157 E¬-

2702 2071 355 155 rikssons
2969 2071 237 155 vagn
3116 2071 414 155 tillgripit
3442 2071 207 155 ett
3560 2071 296 155 stycke
3767 2071 296 155 fläsk,
3974 2071 325 155 vägande
4210 2071 325 155 omkring
4447 2071 148 155 1
4476 2071 148 155 1/4

2707 2240 146 97 ℔
2765 2240 204 97 och
2882 2240 262 97 värdt
3057 2240 175 97 50
3115 2240 175 97 öre.

2880 2290 221 143 Vid
3007 2290 221 143 det
3133 2290 221 143 med
3259 2290 379 143 Eriksson
3543 2290 158 143 i
3606 2290 410 143 anledning
3922 2290 284 143 häraf
4111 2290 410 143 anställde
4395 2290 189 143 för¬-

2679 2405 247 171 hör
2820 2405 247 171 har
2961 2405 247 171 han
3102 2405 493 171 uppgifvit,
3489 2405 247 171 att
3630 2405 247 171 det
3771 2405 317 171 varit
3983 2405 282 171 hans
4159 2405 352 171 mening
4371 2405 211 171 köpa

2698 2527 507 169 fläskbiten,
3104 2527 169 169 i
3172 2527 440 169 anledning
3510 2527 338 169 hvaraf
3746 2527 237 169 som
3882 2527 237 169 han
4017 2527 338 169 derför
4254 2527 304 169 tagit
4423 2527 101 169 i

2688 2655 324 163 handen
2914 2655 227 163 och
3044 2655 259 163 gått
3206 2655 291 163 några
3400 2655 259 163 steg
3562 2655 291 163 ifrån
3756 2655 356 163 vagnen,
4015 2655 227 163 men
4145 2655 227 163 att
4275 2655 227 163 han
4372 2655 194 163 der¬-

2702 2771 235 163 vid
2837 2771 370 163 blifvit
3106 2771 202 163 af
3206 2771 470 163 målsegaren
3576 2771 571 163 uppmärksammad
4046 2771 235 163 och
4181 2771 370 163 tvingad
4416 2771 168 163 att

2694 2947 462 92 återlemna
3014 2947 356 92 fläsket.

2849 2997 245 132 Vid
2989 2997 701 132 kroppsvisitation
3585 2997 175 132 å
3655 2997 421 132 Eriksson
3971 2997 245 132 har
4111 2997 245 132 han
4216 2997 386 132 befunnits

2701 3118 317 144 sakna
2912 3118 493 144 penningar,
3300 3118 211 144 så
3406 3118 247 144 att
3547 3118 247 144 han
3688 3118 282 144 icke
3864 3118 352 144 kunnat
4111 3118 352 144 betala
4322 3118 282 144 fläsk¬-

2669 3278 335 92 stycket.

2844 3317 218 153 På
2953 3317 327 153 grund
3171 3317 218 153 af
3280 3317 291 153 hvad
3462 3317 400 153 sålunda
3753 3317 546 153 förekommit,
4190 3317 218 153 är
4263 3317 327 153 Andreas

2685 3449 416 140 Eriksson
2997 3449 346 140 kallad
3240 3449 277 140 till
3413 3449 520 140 inställelse
3829 3449 312 140 inför
4036 3449 242 140 PKn
4175 3449 312 140 denna
4348 3449 208 140 dag.

2950 3569 459 98 Göeborg
3284 3569 292 98 den
3451 3569 251 98 27
3577 3569 334 98 Mars
3744 3569 292 98 1880.
