4989 4104
512 223 278 187 någon
697 223 216 187 dag
821 223 154 187 i
882 223 309 187 slutet
1098 223 185 187 af
1191 223 401 187 sistlidne
1500 223 339 187 Oktober
1747 223 370 187 begifvit
2024 223 216 187 sig
2117 223 185 187 till

501 345 450 171 Handlanden
854 345 193 171 C.
951 345 193 171 L.
1047 345 450 171 Hellströms
1401 345 161 171 i
1465 345 289 171 huset
1658 345 193 171 No
1754 345 193 171 79
1851 345 289 171 Norra
2044 345 289 171 Liden
2204 345 161 171 be¬-

498 470 296 177 lägne
696 470 329 177 bostad
926 470 230 177 och
1058 470 263 177 der,
1222 470 296 177 under
1420 470 560 177 föregifvande,
1881 470 230 177 att
1980 470 362 177 Hellström

511 581 314 176 fallit
730 581 157 176 i
793 581 219 176 ett
918 581 157 176 å
981 581 376 176 Hultmans
1263 581 282 176 holme
1451 581 439 176 befintligt
1796 581 251 176 dike
1953 581 219 176 och
2047 581 282 176 derföre

499 701 249 180 vore
655 701 156 180 i
717 701 281 180 behof
904 701 187 180 af
998 701 281 180 andra
1185 701 343 180 kläder,
1434 701 436 180 tillnarrat
1777 701 218 180 sig
1902 701 218 180 ett
2026 701 218 180 par
2120 701 218 180 gamla

509 840 488 182 svartrandiga
905 840 305 182 byxor,
1118 840 213 182 ett
1240 840 213 182 par
1362 840 396 182 kalsonger
1667 840 213 182 och
1789 840 213 182 ett
1911 840 213 182 par
2002 840 366 182 rödrandiga

494 924 429 169 strumpor;
824 924 231 169 att
956 924 231 169 han
1087 924 264 169 till
1252 924 231 169 ett
1384 924 330 169 okändt
1615 924 461 169 fruntimmer
1977 924 231 169 för
2109 924 198 169 50
2175 924 165 169 öre

493 1054 376 171 försålt
766 1054 478 171 Hellströms
1142 1054 342 171 byxor,
1381 1054 410 171 hvaremot
1688 1054 239 171 han
1825 1054 239 171 för
1961 1054 273 171 eget
2098 1054 205 171 bruk

491 1183 398 150 behållit
789 1183 530 150 kallsongerna
1220 1183 232 150 och
1353 1183 497 150 strumporna,
1750 1183 331 150 hvilka
1983 1183 298 150 plagg
2148 1183 166 150 han

504 1283 211 135 nu
609 1283 282 135 vore
786 1283 388 135 iklädd;
1068 1283 282 135 samt
1244 1283 247 135 att
1385 1283 247 135 han
1526 1283 388 135 användt
1807 1283 211 135 de
1913 1283 317 135 genom
2089 1283 247 135 pant¬-

469 1400 482 194 sättningen
847 1400 206 194 af
950 1400 378 194 Virgins
1225 1400 447 194 persedlar
1570 1400 413 194 erhållne
1845 1400 447 194 penningarne

482 1543 259 147 till
644 1543 259 147 sitt
773 1543 389 147 uppehälle.

628 1588 523 199 Ofvannämnde
1046 1588 488 199 Handlanden
1430 1588 209 199 C.
1534 1588 209 199 L.
1639 1588 453 199 Hellström
1987 1588 244 199 har
2092 1588 244 199 vits¬-

487 1720 285 162 ordat
677 1720 411 162 Svenssons
993 1720 348 162 uppgift
1246 1720 316 162 derom,
1467 1720 221 162 att
1594 1720 221 162 han
1720 1720 285 162 någon
1910 1720 221 162 dag
2036 1720 158 162 i
2068 1720 253 162 slutet

490 1822 193 216 af
586 1822 289 216 sist.
779 1822 354 216 Oktober
1037 1822 289 216 månad
1229 1822 161 216 i
1294 1822 450 216 Hellströms
1648 1822 322 216 bostad
1873 1822 450 216 tillnarrat
2194 1822 161 216 sig

495 1934 219 179 ett
620 1934 219 179 par
745 1934 313 179 byxor,
964 1934 282 179 värda
1152 1934 188 179 En
1246 1934 313 179 Krona,
1465 1934 219 179 ett
1590 1934 219 179 par
1716 1934 470 179 kallsonger,
2060 1934 219 179 värda

479 2044 184 170 25
571 2044 214 170 öre
694 2044 214 170 och
816 2044 214 170 ett
938 2044 214 170 par
1061 2044 398 170 strumpor,
1367 2044 275 170 värda
1550 2044 184 170 25
1611 2044 184 170 öre.

581 2160 359 192 Byxorna
842 2160 228 192 och
973 2160 391 192 pjexorna
1266 2160 293 192 hafva
1462 2160 359 192 blifvit
1723 2160 196 192 af
1820 2160 326 192 Virgin
2016 2160 326 192 utlöste.

580 2282 232 202 På
696 2282 348 202 grund
928 2282 232 202 af
1044 2282 309 202 hvad
1237 2282 425 202 sålunda
1546 2282 579 202 förekommit,
1971 2282 309 202 kommer

474 2390 371 187 August
734 2390 445 187 Svensson
1067 2390 260 187 att
1216 2390 334 187 denna
1438 2390 260 187 dag
1586 2390 260 187 för
1735 2390 260 187 PKn
1846 2390 445 187 inställas.

722 2528 464 166 Göteborg
1070 2528 271 166 den
1225 2528 232 166 16
1341 2528 464 166 November
1650 2528 271 166 1880.

81 2621 324 128 No
189 2621 270 128 236

48 2791 229 115 Carl
192 2791 287 115 Magnus
364 2791 143 115 Ma¬-

59 2869 269 115 gnusson
254 2869 171 115 och
328 2869 171 115 Olaus

30 2939 254 117 Andersson

577 2607 590 200 Jernhandlanden
1069 2607 328 200 Ludvig
1299 2607 459 200 Tingström,
1659 2607 230 200 som
1790 2607 230 200 har
1922 2607 295 200 butik
2118 2607 164 200 i
2151 2607 164 200 hu¬-

518 2721 231 199 set
650 2721 198 199 No
749 2721 198 199 23
848 2721 231 199 vid
980 2721 462 199 Torggatan,
1343 2721 231 199 har
1474 2721 363 199 anmält,
1738 2721 231 199 att
1870 2721 396 199 Lördagen
2134 2721 165 199 den

485 2837 194 175 13
582 2837 323 175 dennes
808 2837 226 175 vid
937 2837 517 175 middagstiden
1357 2837 162 175 i
1422 2837 452 175 portgången
1777 2837 258 175 till
1906 2837 388 175 ofvannämn¬-

475 2974 210 182 de
580 2974 245 182 hus
720 2974 280 182 från
895 2974 315 182 honom
1105 2974 525 182 tillgripits
1526 2974 245 182 två
1666 2974 385 182 stänger
1946 2974 315 182 jern,
2121 2974 140 182 om

470 3068 386 159 tillköpa
759 3068 193 159 64
856 3068 193 159 ℔s
952 3068 289 159 vigt,
1145 3068 321 159 märkta
1370 3068 193 159 M.
1466 3068 193 159 R.
1563 3068 225 159 och
1691 3068 289 159 värda
1884 3068 161 159 4
1948 3068 193 159 Kr
2045 3068 193 159 75
2109 3068 193 159 öre.

625 3175 309 188 Sedan
830 3175 480 188 upplysning
1208 3175 412 188 vunnits,
1516 3175 240 188 att
1654 3175 549 188 arbetskarlen
2065 3175 206 188 Carl

469 3313 335 175 Magnus
703 3313 469 175 Magnusson,
1072 3313 335 175 boende
1306 3313 168 175 i
1373 3313 536 175 arbetskarlen
1809 3313 335 175 Henrik
2010 3313 302 175 Johans¬-

452 3417 263 189 sons
616 3417 230 189 hus
748 3417 230 189 vid
879 3417 329 189 Danska
1110 3417 296 189 wägen
1307 3417 164 189 i
1373 3417 362 189 Örgryte
1636 3417 329 189 Socken
1866 3417 394 189 Lördagen
2129 3417 164 189 den

472 3558 197 141 13
571 3558 197 141 ds
669 3558 230 141 hos
801 3558 525 141 Smedmästaren
1227 3558 197 141 H.
1326 3558 197 141 P.
1424 3558 361 141 Nilsson
1687 3558 164 141 i
1753 3558 296 141 huset
1950 3558 197 141 No
2048 3558 197 141 92
2114 3558 164 141 vid

452 3632 314 202 Gamla
661 3632 314 202 allén
870 3632 279 202 till
1045 3632 279 202 salu
1219 3632 418 202 utbjudit
1532 3632 209 202 de
1637 3632 279 202 båda
1811 3632 279 202 från
1951 3632 383 202 Tingström

2631 239 438 215 tillgripne
2975 239 563 215 jernstängerna,
3443 239 313 215 hvilka
3662 239 219 215 väl
3787 239 188 215 af
3881 239 375 215 Nilsson,
4162 239 219 215 som
4256 239 219 215 miss¬-

2644 360 308 206 tänkt
2849 360 239 206 sin
2986 360 478 206 fångesmans
3361 360 410 206 åtkomst,
3669 360 513 206 emottagits,
4079 360 239 206 men
4216 360 205 206 ej
4284 360 171 206 be¬-

2635 475 348 166 talts;
2879 475 209 166 så
2983 475 244 166 har
3122 475 522 166 Pkonstapeln
3540 475 209 166 No
3644 475 209 166 59
3748 475 383 166 Norberg
4027 475 417 166 Måndagen
4305 475 174 166 den

2645 582 200 151 15
2745 582 333 151 dennes
2977 582 200 151 på
3077 582 266 151 eft.
3243 582 299 151 midd.
3443 582 399 151 anhållit
3742 582 499 151 ofvannämnde
4108 582 399 151 Magnusson,

2625 690 353 153 hvilken
2881 690 224 153 vid
3010 690 224 153 det
3138 690 224 153 med
3266 690 289 153 honom
3459 690 417 153 anställda
3779 690 321 153 förhör
4004 690 449 153 uppgifvit,
4325 690 160 153 att

2632 799 250 176 han
2775 799 429 176 Lördagen
3097 799 250 176 den
3240 799 214 176 13
3347 799 357 176 dennes
3597 799 250 176 här
3740 799 179 176 i
3812 799 357 176 staden
4026 799 429 176 sällskapat

2631 913 237 176 med
2766 913 609 176 Arbetskarlarne
3274 913 304 176 Olaus
3477 913 440 176 Andersson
3815 913 237 176 och
3950 913 338 176 August
4153 913 338 176 Gustafs¬-

2638 1047 258 161 son,
2799 1047 258 161 båda
2960 1047 258 161 från
3121 1047 451 161 Starrkärrs
3476 1047 322 161 socken
3701 1047 161 161 i
3766 1047 258 161 Ahle
3927 1047 322 161 härad;
4153 1047 226 161 att
4249 1047 226 161 Olaus

2634 1095 418 245 Andersson
2955 1095 322 245 dervid
3181 1095 322 245 ingått
3406 1095 161 245 i
3470 1095 450 245 portgången
3824 1095 257 245 till
3984 1095 289 245 huset
4177 1095 193 245 No
4274 1095 193 245 23
4338 1095 161 245 vid

2641 1232 408 220 Torggatan
2955 1232 220 220 och
3080 1232 220 220 der
3206 1232 408 220 tillegnat
3520 1232 220 220 sig
3646 1232 220 220 två
3772 1232 346 220 stånger
4023 1232 283 220 jern,
4212 1232 220 220 som
4306 1232 157 220 han

2644 1338 332 225 genast
2876 1338 499 225 öfverlemnat
3275 1338 266 225 till
3441 1338 465 225 Magnusson;
3807 1338 233 225 att
3940 1338 432 225 Magnusson
4239 1338 266 225 deref¬-

2642 1481 264 208 ter,
2807 1481 363 208 åtföljd
3071 1481 198 208 af
3169 1481 429 208 Andersson
3499 1481 231 208 och
3631 1481 494 208 Gustafsson,
4026 1481 198 208 på
4092 1481 363 208 uppmaning

2646 1550 199 264 af
2745 1550 465 264 Andersson,
3111 1550 399 264 begifvit
3410 1550 233 264 sig
3543 1550 266 264 till
3709 1550 498 264 ofvannämnde
4074 1550 399 264 Smedmästa¬-

2644 1697 222 214 ren
2771 1697 349 214 Nilsson
3025 1697 222 214 för
3152 1697 222 214 att
3279 1697 381 214 försälja
3564 1697 571 214 jernstängerna,
4040 1697 222 214 som
4167 1697 285 214 äfven
4325 1697 127 214 af

2643 1809 363 222 Nilsson
2907 1809 463 222 emottagits
3271 1809 231 222 men
3403 1809 198 222 ej
3502 1809 396 222 betalts,
3799 1809 264 222 enär
3964 1809 297 222 denne
4130 1809 363 222 uppgifvit

2643 1919 249 210 sig
2786 1919 320 210 sakna
2999 1919 427 210 småmynt;
3319 1919 249 210 att
3461 1919 498 210 Magnusson,
3852 1919 213 210 då
3959 1919 249 210 han
4101 1919 249 210 den
4244 1919 213 210 15
4315 1919 142 210 ds

2643 2013 264 235 åter
2808 2013 396 235 infunnit
3105 2013 231 235 sig
3238 2013 231 235 hos
3370 2013 363 235 Nilsson
3634 2013 231 235 för
3766 2013 231 235 att
3898 2013 330 235 fordra
4097 2013 363 235 betalning

2645 2126 215 235 för
2768 2126 552 235 jernstängerna,
3228 2126 338 235 blifvit
3474 2126 184 235 af
3566 2126 184 235 en
3658 2126 430 235 tillkallad
3996 2126 430 235 Pkonstapel
4303 2126 153 235 an¬-

2644 2227 364 209 hållen;
2909 2227 265 209 samt
3074 2227 232 209 att
3206 2227 430 209 Magnusson
3537 2227 397 209 dessutom
3835 2227 397 209 Onsdagen
4133 2227 232 209 den
4265 2227 199 209 10
4332 2227 132 209 ds

2639 2341 198 218 på
2738 2341 263 218 e.m.
2902 2341 165 218 i
2968 2341 461 218 portgången
3330 2341 263 218 till
3495 2341 461 218 Handlanden
3857 2341 461 218 Tingströms
4187 2341 230 218 butik

2638 2469 448 210 tillgripit
2990 2469 192 210 en
3086 2469 416 210 fyrkantig
3406 2469 448 210 jernstång,
3757 2469 224 210 som
3885 2469 224 210 han
4013 2469 256 210 kort
4141 2469 320 210 derefter

2651 2581 341 180 försålt
2899 2581 248 180 till
3054 2581 496 180 Smedmästaren
3457 2581 341 180 Nilsson
3704 2581 217 180 för
3828 2581 217 180 Två
3952 2581 310 180 Kronor
4169 2581 186 180 50
4231 2581 186 180 öre,

2636 2615 315 287 hvaraf
2856 2615 409 287 Andersson
3171 2615 220 287 och
3297 2615 472 287 Gustafsson,
3675 2615 315 287 hvilka
3895 2615 189 287 då
3990 2615 315 287 jemväl
4179 2615 283 287 åtföljt

2640 2772 279 212 honom
2826 2772 248 212 till
2981 2772 372 212 Nilssons
3259 2772 403 212 verkstad,
3569 2772 372 212 erhållit
3848 2772 372 212 hvardera
4126 2772 186 212 67
4188 2772 186 212 öre.

2749 2924 537 212 Ofvannämnde
3179 2924 322 212 Olaus
3394 2924 501 212 Andersson,
3788 2924 179 212 i
3859 2924 465 212 anledning
4181 2924 251 212 häraf

2630 3007 435 205 anhållen
2956 3007 254 205 och
3101 3007 326 205 hörd;
3318 3007 254 205 har
3463 3007 435 205 förnekat
3790 3007 254 205 all
3935 3007 435 205 kännedom
4261 3007 217 205 om
4333 3007 109 205 i

2635 3141 496 206 frågakomne
3024 3141 496 206 tillgrepp,
3413 3141 319 206 under
3626 3141 425 206 uppgift,
3944 3141 248 206 att
4086 3141 248 206 han
4192 3141 248 206 hvar¬-

2604 3246 254 198 ken
2749 3246 254 198 den
2894 3246 217 198 10
3002 3246 181 198 i
3075 3246 326 198 denna
3292 3246 326 198 månad
3509 3246 326 198 eller
3727 3246 254 198 den
3872 3246 217 198 13
3980 3246 398 198 dennes,
4234 3246 181 198 vid

2632 3371 241 189 den
2769 3371 241 189 tid
2907 3371 448 189 Magnusson
3252 3371 448 189 uppgifvit
3597 3371 241 189 sig
3735 3371 310 189 hafva
3942 3371 414 189 innehaft
4218 3371 241 189 jern¬-

2636 3506 469 192 stängerna,
3004 3506 301 192 varit
3205 3506 167 192 i
3272 3506 335 192 dennes
3473 3506 368 192 sällskap.

2731 3591 344 199 August
2972 3591 482 199 Gustafsson
3351 3591 207 199 är
3454 3591 482 199 eftersökt,
3833 3591 241 199 men
3971 3591 241 199 har
4109 3591 276 199 icke
4246 3591 207 199 kun¬-

2613 3720 331 163 nat
2755 3720 567 163 anträffas.
