5031 4074
501 218 503 199 omtalat
867 218 320 199 att
1050 218 640 199 Kappsäcken
1552 218 320 199 med
1735 218 411 199 tyget
2009 218 320 199 och
2192 218 274 199 de
2283 218 137 199 6

447 364 585 172 vexlarne
886 364 487 172 kommit
1227 364 439 172 honom
1519 364 682 172 tillhanda,
2055 364 341 172 men
2201 364 244 172 un¬-

448 461 317 184 der
629 461 634 184 förnekande
1127 461 317 184 det
1308 461 317 184 han
1490 461 453 184 jemväl
1807 461 362 184 fått
1988 461 453 184 emottaga

461 567 398 184 några
726 567 620 184 penningar,
1213 567 576 184 förebrått
1656 567 487 184 Hansson
2010 567 310 184 och
2143 567 310 184 Dahl¬-

439 668 425 236 ström
722 668 330 236 för
911 668 330 236 det
1099 668 283 236 de
1241 668 377 236 icke
1477 668 425 236 sändt
1760 668 519 236 dylika;
2090 668 236 236 att

450 770 556 242 Stenberg
867 770 417 242 redan
1145 770 325 242 Kl.
1330 770 232 242 3
1423 770 325 242 em.
1609 770 464 242 afrest
1933 770 371 242 från
2119 770 325 242 Sköf¬-

454 882 307 201 de,
630 882 307 201 der
805 882 482 201 Hansson
1156 882 307 201 och
1331 882 570 201 Dahlström
1769 882 570 201 tillbragt
2164 882 263 201 nat¬-

444 986 346 208 ten
641 986 395 208 till
888 986 938 208 midsommardagen,
1678 986 346 208 att
1876 986 444 208 sedan
2122 986 346 208 Hans¬-

467 1104 390 185 son,
711 1104 634 185 Dahlström
1199 1104 341 185 och
1394 1104 585 185 Stenberg
1833 1104 341 185 med
1979 1104 439 185 hvaran¬-

460 1210 305 158 dra
635 1210 524 158 aftalat,
1028 1210 305 158 att
1202 1210 262 158 de
1333 1210 393 158 efter
1595 1210 349 158 det,
1813 1210 524 158 Stenberg
2162 1210 262 158 för¬-

469 1314 553 143 falskat
871 1314 302 143 de
1022 1314 251 143 6
1123 1314 553 143 nyköpte
1525 1314 654 143 vexlarne,
1978 1314 402 143 skulle

486 1390 487 176 mötas
811 1390 271 176 i
919 1390 541 176 Skara,
1298 1390 595 176 Hansson
1676 1390 758 176 midsommarda¬-

479 1526 296 155 gen
648 1526 296 155 for
817 1526 296 155 att
987 1526 296 155 roa
1156 1526 296 155 sig
1326 1526 508 155 begifvit
1707 1526 296 155 sig
1876 1526 339 155 till
2046 1526 381 155 Axeval¬-

427 1589 302 186 la
578 1589 353 186 hed
779 1589 353 186 och
981 1589 655 186 Dahlström
1485 1589 453 186 efter
1787 1589 554 186 uppgift
2140 1589 302 186 till

413 1694 345 171 den
610 1694 345 171 vid
807 1694 641 171 Tidaholms
1300 1694 542 171 jernväg
1694 1694 542 171 belägna
2039 1694 394 171 stati¬-

399 1779 437 134 onen
673 1779 711 134 Ekedalen,
1219 1779 383 134 der
1438 1779 765 134 Dahlströms
1984 1779 383 134 moder

391 1906 374 142 och
604 1906 695 142 svärmoder
1139 1906 535 142 bodde;
1514 1906 428 142 samt
1781 1906 374 142 att
1942 1906 481 142 Hansson

400 1985 387 158 från
641 1985 580 158 Axevalla
1076 1985 580 158 begifvit
1511 1985 338 158 sig
1704 1985 387 158 till
1898 1985 531 158 Lidköping

409 2061 332 185 för
598 2061 332 185 att
788 2061 570 185 utkräfva
1215 2061 285 185 en
1358 2061 522 185 fordran
1738 2061 332 185 och
1880 2061 522 185 derifrån,

377 2170 303 170 då
528 2170 353 170 han
730 2170 353 170 den
932 2170 303 170 26
1083 2170 404 170 Juni
1335 2170 605 170 anhölls,
1789 2170 454 170 ämnat
2041 2170 404 170 begif¬-

380 2258 292 173 va
526 2258 340 173 sig
721 2258 389 173 till
964 2258 486 173 Skara,
1304 2258 292 173 på
1450 2258 389 173 sätt
1644 2258 778 173 ofverenskommit

342 2372 388 121 varit.

445 2392 434 254 Sedan
734 2392 531 254 Hansson
1121 2392 579 254 afgifvit
1555 2392 434 254 denna
1796 2392 628 254 berättelse,

390 2576 457 196 blefvo
710 2576 594 196 Dahlström
1167 2576 320 196 och
1350 2576 594 196 Stenberg,
1807 2576 411 196 efter
2036 2576 411 196 anmälan

427 2701 239 173 i
523 2701 573 173 telegram
953 2701 382 173 till
1191 2701 907 173 Stadsfiskalerne
1956 2701 239 173 i
2003 2701 478 173 Uddeval¬-

421 2798 295 169 la
568 2798 345 169 och
765 2798 640 169 Falköping
1258 2798 492 169 genast
1553 2798 492 169 häktade,

696 3360 649 144 hvarjemte
1195 3360 1199 144 detektivkonstaplarne
2194 3360 250 144 An¬-

431 3450 374 186 drén
665 3450 327 186 och
852 3450 281 186 E.
992 3450 608 186 Hellström
1460 3450 561 186 afreste,
1881 3450 327 186 den
2021 3450 327 186 förre

439 3545 346 226 till
655 3545 562 226 Uddevalla
1087 3545 303 226 och
1260 3545 303 226 den
1433 3545 475 226 sednare
1779 3545 346 226 till
1952 3545 475 226 Falköping

2619 238 296 169 för
2788 238 296 169 att
2957 238 211 169 i
3041 238 591 169 Dahlströms
3506 238 296 169 och
3675 238 549 169 Stenbergs
4097 238 507 169 bostäder
4435 238 211 169 an¬-

2617 370 496 200 ställa
2964 370 892 200 undersökningar
3708 370 396 200 samt
3955 370 496 200 Andrén
4253 370 396 200 jemväl

2639 483 330 189 för
2827 483 330 189 att
3016 483 424 189 genom
3299 483 472 189 förhör
3629 483 330 189 med
3818 483 660 189 Dahlströms
4289 483 236 189 och

2629 592 665 204 Hanssons
3127 592 609 204 hustrur
3570 592 443 204 söka
3847 592 498 204 vinna
4124 592 443 204 vidare

2587 727 800 167 upplysningar.

2691 794 614 210 Onsdagen
3151 794 358 210 den
3356 794 307 210 30
3509 794 409 210 juni
3765 794 665 210 hitfördes
4225 794 358 210 Dahl¬-

2606 951 466 159 ström
2917 951 363 159 och
3124 951 673 159 Stenberg,
3642 951 518 159 hvilka
4005 951 363 159 vid
4212 951 363 159 med
4367 951 259 159 dem

2632 1070 704 185 nästpåföljde
3204 1070 308 185 dag
3380 1070 440 185 hållet
3688 1070 440 185 förhör
3996 1070 352 185 helt
4216 1070 308 185 och
4348 1070 264 185 hål¬-

2641 1187 335 184 lit
2833 1187 622 184 förnekade
3311 1187 335 184 att
3503 1187 527 184 vetskap
3886 1187 287 184 om
4030 1187 287 184 de
4125 1187 527 184 ifrågava¬-

2645 1299 480 179 rande
2965 1299 1119 179 förfalskningarne.
3924 1299 426 179 Dock
4137 1299 480 179 erkände

2634 1416 709 135 Dahlström
3180 1416 600 135 omsider
3616 1416 382 135 att
3834 1416 382 135 han
4052 1416 273 135 i
4106 1416 491 135 desamme

2640 1516 409 179 vore
2895 1516 664 179 delaktig,
3406 1516 511 179 dervid
3764 1516 358 179 han
3968 1516 255 179 i
4070 1516 409 179 hvad
4274 1516 358 179 honom

2643 1671 579 124 anginge,
3077 1671 676 124 vitsordade
3608 1671 579 124 Hanssons
3994 1671 627 124 berättelse,

2642 1731 256 181 i
2744 1731 564 181 hvilken
3155 1731 667 181 Dahlström
3668 1731 513 181 likväl
4027 1731 513 181 gjorde
4334 1731 308 181 föl¬-

2648 1872 453 163 jande
2950 1872 554 163 tillagg
3352 1872 352 163 och
3554 1872 654 163 ändringar
4006 1872 554 163 nemligen:

2649 1967 361 145 att
2856 1967 361 145 det
3062 1967 671 145 ingalunda
3578 1967 310 145 på
3733 1967 413 145 sätt
3991 1967 568 145 Hansson
4352 1967 310 145 upp¬-

2657 2086 507 127 gifvit
3012 2086 456 127 varit
3316 2086 710 127 Dahlström,
3874 2086 355 127 som
4077 2086 456 127 först
4330 2086 355 127 fram¬-

2627 2158 582 160 kommit
3034 2158 407 160 med
3267 2158 756 160 förslaget
3848 2158 349 160 om
3964 2158 640 160 förfalsk¬-

2645 2265 764 171 ningarne,
3233 2265 470 171 utan
3527 2265 470 171 hade
3820 2265 646 171 Hansson
4232 2265 411 171 sedan

2620 2378 705 142 Dahlström
3162 2378 813 142 händelsevis
3812 2378 542 142 kommit
4191 2378 379 142 att
4354 2378 271 142 för

2608 2492 520 191 honom
2955 2492 636 191 omtala,
3418 2492 405 191 det
3649 2492 810 191 Dahlströms
4227 2492 405 191 svär-

2620 2604 479 180 fader
2939 2604 639 180 Stenberg
3419 2604 479 180 varit
3738 2604 639 180 straffad
4218 2604 373 180 för
4378 2604 266 180 dy¬-

2629 2713 431 181 likt
2899 2713 539 181 brott,
3276 2713 647 181 enträget
3761 2713 431 181 bedt
3977 2713 593 181 Dahlström

2605 2854 378 100 att
2821 2854 810 100 föranstalta
3469 2854 324 100 om
3631 2854 378 100 ett
3848 2854 432 100 möte
4118 2854 378 100 med
4280 2854 378 100 Sten¬-

2627 2924 460 172 berg,
2934 2924 563 172 dertill
3343 2924 665 172 Dahlström
3855 2924 409 172 till
4110 2924 307 172 en
4213 2924 409 172 början

2564 3006 509 208 nekat
2904 3006 396 208 med
3130 3006 1187 208 tillkännagifvande
4148 3006 396 208 att
4317 3006 283 208 han

2605 3122 358 168 och
2810 3122 614 168 Stenberg
3270 3122 409 168 icke
3526 3122 409 168 vore
3782 3122 563 168 vänner,
4191 3122 409 168 samt
4396 3122 256 168 att

2597 3279 608 121 Stenberg
3054 3279 710 121 antagligen
3611 3279 558 121 blifvit
3966 3279 558 121 afskräckt

2621 3376 415 130 från
2881 3376 363 130 att
3088 3376 415 130 begå
3348 3376 519 130 vidare
3711 3376 519 130 brott;
4074 3376 363 130 att
4230 3376 363 130 Dahl¬-

2603 3451 543 169 ström
2964 3451 482 169 dock
3266 3451 784 169 slutligen
3869 3451 543 169 låtit
4170 3451 422 169 förmå

2625 3552 374 194 sig
2838 3552 374 194 att
3052 3552 267 194 i
3159 3552 428 194 bref
3427 3552 535 194 anmoda
3801 3552 642 194 Stenberg
4283 3552 321 194 om
4390 3552 267 194 ett
