5041 4058
513 186 186 82 de
606 186 186 82 af
699 186 371 82 Eriksson
977 186 340 82 inköpte
1225 186 371 82 pjexorna
1503 186 217 82 har
1627 186 340 82 blifvit
1875 186 248 82 till
1999 186 371 82 Målsegaren

475 288 455 82 återlemnade.

560 362 207 94 På
663 362 310 94 grund
870 362 207 94 af
973 362 276 94 hvad
1146 362 379 94 sålunda
1421 362 517 94 förekommit,
1835 362 345 94 kommer
2042 362 310 94 Abraham

487 465 392 108 Eriksson
781 465 228 108 att
912 465 294 108 denna
1107 465 228 108 dag
1238 465 228 108 för
1368 465 228 108 PKn
1499 465 457 108 inställas.
1858 465 392 108 Göteborg
2152 465 228 108 den
2249 465 131 108 10

501 593 268 62 April
650 593 209 62 1880.

95 686 272 85 No
185 686 227 85 79.

82 808 192 71 Carl
202 808 216 71 Johan
322 808 168 71 Lund¬-

44 896 224 67 qvist.

589 655 468 122 Emigranten
956 655 301 122 Johan
1157 655 401 122 Hultgren
1458 655 267 122 från
1625 655 435 122 Sundsvall
1959 655 234 122 har
2093 655 234 122 den
2227 655 167 122 8
2260 655 134 122 ds

517 779 361 124 anmält,
780 779 230 124 att
911 779 263 124 från
1076 779 296 124 honom
1273 779 296 124 samma
1470 779 230 124 dag
1601 779 197 124 på
1700 779 197 124 f.
1799 779 296 124 midd.
1996 779 263 124 inne
2160 779 164 124 å
2193 779 197 124 emi¬-

493 883 501 148 grantagenten
899 883 188 148 J.
993 883 375 148 Nilssons
1275 883 313 148 kontor
1494 883 156 148 i
1557 883 282 148 huset
1744 883 188 148 No
1838 883 188 148 26
1932 883 219 148 vid
2026 883 344 148 Sillgatan

493 1011 459 129 tillgripits
860 1011 184 129 en
952 1011 367 129 nattsäck
1228 1011 184 129 af
1319 1011 367 129 blommigt
1595 1011 245 129 tyg,
1748 1011 489 129 innehållande
2145 1011 184 129 en
2206 1011 184 129 lif¬-

481 1101 232 151 rock
626 1101 174 151 af
713 1101 261 151 svart
887 1101 464 151 Kamgarnstyg,
1264 1101 232 151 värd
1409 1101 174 151 20
1495 1101 319 151 Kronor,
1727 1101 203 151 ett
1843 1101 203 151 par
1959 1101 261 151 byxor
2133 1101 203 151 och
2220 1101 174 151 väst

488 1209 183 160 af
579 1209 274 160 samma
762 1209 274 160 slags
945 1209 244 160 tyg,
1097 1209 274 160 värdt
1280 1209 183 160 13
1372 1209 335 160 Kronor,
1616 1209 213 160 ett
1738 1209 213 160 par
1860 1209 244 160 gråa
2012 1209 305 160 byxor,
2195 1209 183 160 vär¬-

480 1333 178 136 da
569 1333 237 136 Åtta
717 1333 326 136 Kronor,
954 1333 237 136 åtta
1102 1333 207 136 st.
1221 1333 267 136 natt-
1398 1333 207 136 och
1517 1333 533 136 öfverskjortor,
1961 1333 296 136 märkta
2139 1333 207 136 Johan

503 1435 349 146 Hultgren
765 1435 204 146 och
881 1435 262 146 värda
1056 1435 175 146 En
1143 1435 262 146 Krona
1318 1435 349 146 stycket,
1580 1435 204 146 två
1696 1435 204 146 st.
1813 1435 495 146 ylleskjortor,
2191 1435 175 146 vär¬-

499 1541 176 150 da
587 1541 176 150 En
674 1541 263 150 Krona
850 1541 176 150 50
938 1541 234 150 öre,
1084 1541 205 150 ett
1201 1541 205 150 par
1318 1541 410 150 kalsonger,
1640 1541 263 150 värde
1815 1541 146 150 2
1874 1541 293 150 Kronor
2049 1541 293 150 stycket,

500 1646 161 139 6
564 1646 225 139 par
693 1646 548 139 yllestrumpor,
1144 1646 290 139 värda
1337 1646 193 139 En
1434 1646 290 139 Krona
1627 1646 322 139 paret,
1853 1646 225 139 sex
1981 1646 354 139 stycken
2207 1646 161 139 blå

507 1740 203 151 och
623 1740 261 151 hvita
797 1740 377 151 näsdukar,
1086 1740 261 151 värda
1260 1740 174 151 En
1347 1740 261 151 Krona
1521 1740 174 151 50
1608 1740 232 151 öre,
1753 1740 203 151 ett
1869 1740 203 151 par
1984 1740 348 151 stöflar,
2216 1740 174 151 vär¬-

497 1839 175 154 da
584 1839 204 154 Sju
701 1839 292 154 Kronor
905 1839 204 154 och
1022 1839 204 154 ett
1139 1839 204 154 par
1256 1839 292 154 nästan
1460 1839 204 154 nya
1577 1839 409 154 resårskor,
1898 1839 263 154 värda
2073 1839 175 154 12
2131 1839 263 154 kronor.

649 1957 376 123 Fredagen
931 1957 220 123 den
1056 1957 157 123 9
1119 1957 314 123 dennes
1339 1957 220 123 har
1464 1957 596 123 Poliskonstapeln
1966 1957 188 123 No
2060 1957 220 123 110
2154 1957 220 123 Mell¬-

490 2055 303 157 qvist
693 2055 303 157 efter
895 2055 371 157 anmälan
1164 2055 202 157 af
1266 2055 506 157 Pantlånaren
1670 2055 202 157 G.
1771 2055 405 157 Bergman,
2075 2055 337 157 boende
2277 2055 101 157 i

488 2163 286 158 huset
679 2163 191 158 No
775 2163 191 158 37
870 2163 223 158 vid
997 2163 286 158 Breda
1188 2163 286 158 Vägen
1379 2163 382 158 anhållit
1666 2163 223 158 för
1793 2163 318 158 första
2016 2163 286 158 resan
2175 2163 223 158 stöld

467 2279 402 160 straffade
777 2279 186 160 fe
869 2279 526 160 Artilleristen
1303 2279 248 160 Carl
1457 2279 279 160 Johan
1643 2279 433 160 Lundqvist,
1984 2279 186 160 då
2076 2279 279 160 denne
2231 2279 155 160 hos

468 2389 376 164 Bergman
742 2389 274 164 sökt
913 2389 342 164 belåna
1152 2389 205 164 en
1255 2389 274 164 hvit
1426 2389 616 164 bomullskjorta,
1939 2389 308 164 märkt
2110 2389 240 164 Johan

494 2507 421 148 Hultgren;
817 2507 226 148 och
947 2507 356 148 befanns
1205 2507 453 148 Lundqvist,
1561 2507 194 148 då
1658 2507 226 148 han
1788 2507 388 148 anhölls,
2046 2507 324 148 derjemte

491 2627 449 134 innehafva
837 2627 207 134 af
941 2627 207 134 de
1044 2627 277 134 från
1217 2627 415 134 Hultgren
1528 2627 484 134 tillgripne
1909 2627 449 134 persedlar
2220 2627 138 134 en

460 2747 243 124 hvit
612 2747 577 124 bomullsskjorta,
1098 2747 213 124 ett
1219 2747 213 124 par
1341 2747 395 124 kalsonger
1645 2747 213 124 och
1766 2747 152 124 4
1827 2747 213 124 par
1918 2747 456 124 yllestrumpor,

590 2853 225 116 Vid
718 2853 225 116 det
847 2853 225 116 med
976 2853 418 116 Lundqvist
1297 2853 161 116 i
1361 2853 418 116 anledning
1683 2853 289 116 häraf
1876 2853 418 116 anställde
2165 2853 193 116 för¬-

459 2963 219 136 hör
584 2963 219 136 har
709 2963 219 136 han
834 2963 438 136 uppgifvit,
1178 2963 219 136 att
1303 2963 219 136 han
1428 2963 219 136 den
1553 2963 156 136 8
1616 2963 313 136 dennes
1834 2963 219 136 vid
1928 2963 438 136 middagstiden

445 3075 242 142 här
584 3075 173 142 i
653 3075 345 142 staden
894 3075 587 142 sammanträffat
1378 3075 242 142 med
1516 3075 207 142 en
1620 3075 242 142 för
1758 3075 311 142 honom
1965 3075 380 142 obekant
2207 3075 207 142 per¬-

471 3182 283 153 son,
648 3182 389 153 hvilken
931 3182 283 153 sagt
1108 3182 248 153 sig
1249 3182 318 153 komma
1461 3182 283 153 från
1638 3182 425 153 Alingsås
1957 3182 248 153 och
2063 3182 283 153 ämnade

467 3300 265 137 resa
632 3300 265 137 till
798 3300 430 137 Carlstad;
1129 3300 232 137 att
1261 3300 232 137 han
1393 3300 265 137 bedt
1559 3300 430 137 Lundqvist
1890 3300 298 137 följa
2088 3300 232 137 sig
2187 3300 199 137 till

450 3413 409 148 Ångbåten
757 3413 477 148 Konghälla,
1131 3413 239 148 som
1268 3413 307 148 legat
1472 3413 375 148 förtöjd
1745 3413 239 148 vid
1881 3413 307 148 Lilla
2051 3413 307 148 Bommen,

469 3535 248 140 för
610 3535 248 140 att
752 3535 425 140 derifrån
1071 3535 248 140 för
1212 3535 319 140 honom
1425 3535 283 140 bära
1602 3535 213 140 en
1708 3535 425 140 nattsäck
2027 3535 354 140 ombord
2240 3535 106 140 å

453 3665 495 122 Ångfartyget
849 3665 396 122 Kongelf;
1146 3665 231 122 att
1278 3665 297 122 sedan
1476 3665 231 122 han
1608 3665 429 122 fullgjort
1938 3665 297 122 detta
2103 3665 297 122 uppdrag

2645 241 256 84 den
2792 241 439 84 obekante
3121 241 293 84 bedt
3304 241 329 84 honom
3524 241 293 84 göra
3707 241 586 84 ressällskap,
4146 241 366 84 hvaremot

2651 363 210 88 de
2756 363 280 88 båda
2931 363 280 88 rest
3106 363 245 88 med
3246 363 420 88 Ångbåten
3561 363 385 88 Kongelf
3840 363 280 88 till
4015 363 385 88 Steken,
4295 363 245 88 der
4400 363 140 88 de

2636 483 286 96 gått
2815 483 322 96 iland
3030 483 250 96 och
3173 483 465 96 hvarifrån
3530 483 250 96 den
3674 483 429 96 obekante
3995 483 286 96 sagt
4174 483 250 96 sig
4282 483 250 96 skola

2647 589 278 104 resa
2821 589 348 104 vidare
3065 589 244 104 med
3204 589 452 104 bantåget;
3552 589 244 104 att
3691 589 487 104 Lundqvist,
4074 589 313 104 innan
4282 589 209 104 de
4352 589 174 104 åt¬-

2651 705 435 112 skiljdes,
2985 705 201 112 af
3085 705 301 112 honom
3286 705 401 112 erhållit
3587 705 201 112 de
3688 705 201 112 af
3788 705 435 112 Lundqvist
4089 705 435 112 innehafvde,

2653 825 268 116 från
2820 825 401 116 Hultgren
3121 825 468 116 tillgripne
3489 825 535 116 persedlarene
3924 825 268 116 samt
4091 825 234 116 att
4225 825 234 116 han
4325 825 201 116 der¬-

2645 956 297 91 efter
2843 956 297 91 ensam
3041 956 396 91 begifvit
3338 956 231 91 sig
3470 956 231 91 hit
3602 956 264 91 till
3766 956 363 91 staden.
4030 956 198 91 de
4129 956 198 91 af
4195 956 363 91 Lundqvist

2749 1036 186 65 De
2842 1036 186 65 af
2904 1036 342 65 Lundqvist

2624 1085 477 96 innehafvde
2998 1085 715 96 klädespersedlarne
3611 1085 238 96 äro
3747 1085 272 96 till
3917 1085 477 96 målsegarne
4258 1085 272 96 öfver¬-

2593 1201 438 82 lemnade.

2830 1273 228 104 På
2944 1273 342 104 grund
3172 1273 228 104 af
3287 1273 304 104 hvad
3477 1273 419 104 sålunda
3781 1273 571 104 förekommit,
4200 1273 304 104 kommer

2620 1379 286 130 Carl
2799 1379 322 130 Johan
3014 1379 466 130 Lundqvist
3372 1379 251 130 att
3515 1379 322 130 denna
3730 1379 251 130 dag
3874 1379 251 130 för
4017 1379 251 130 PKn
4124 1379 430 130 inställas.

3037 1515 470 92 Göteborg
3389 1515 274 92 den
3546 1515 235 92 10
3664 1515 353 92 April
3860 1515 274 92 1880.

4509 1577 292 118 No
4607 1577 243 118 80.

4529 1713 292 114 Anders
4704 1713 234 114 Gustaf

4463 1847 435 130 Kramer

2647 1693 770 94 Poliskonstapeln
3296 1693 243 94 No
3418 1693 284 94 110
3580 1693 527 94 Mellqvist
3985 1693 284 94 har
4107 1693 405 94 Lördagen

2664 1807 295 84 den
2833 1807 253 84 10
2959 1807 253 84 ds
3086 1807 295 84 kl.
3254 1807 253 84 9.
3381 1807 337 84 e.m.
3592 1807 506 84 anhållit
3929 1807 591 84 Arbetskarlen

2664 1915 459 80 Anders
2985 1915 459 80 Gustaf
3307 1915 505 80 Kramer,
3674 1915 459 80 boende
3995 1915 229 80 i
4087 1915 413 80 huset
4316 1915 184 80 No

2636 2033 281 88 106
2796 2033 321 88 Litt
2997 2033 241 88 A.
3117 2033 241 88 B.
3237 2033 241 88 C.
3358 2033 200 88 i
3438 2033 481 88 Majornas
3798 2033 401 88 Tredje
4079 2033 361 88 rote,
4280 2033 200 88 för

2632 2145 349 98 det
2832 2145 349 98 han
3031 2145 598 98 innehaft
3479 2145 299 98 en
3629 2145 399 98 säck
3828 2145 698 98 innehållande

2645 2251 498 94 omkring
3007 2251 272 94 60
3143 2251 227 94 ℔
3234 2251 453 94 hafre,
3551 2251 317 94 för
3732 2251 498 94 åtkomst
4049 2251 453 94 hvartill

2670 2365 353 82 han
2871 2365 403 82 icke
3123 2365 504 82 kunnat
3426 2365 554 82 redogöra.

2636 2467 352 92 Vid
2837 2467 352 92 det
3038 2467 352 92 med
3239 2467 503 92 Kramer
3591 2467 251 92 i
3692 2467 654 92 anledning
4144 2467 352 92 häraf

2646 2569 554 96 anstälde
3061 2569 462 96 förhör
3384 2569 323 96 har
3569 2569 323 96 han
3753 2569 554 96 vidgått,
4169 2569 323 96 att
4307 2569 231 96 han

2645 2695 331 88 och
2834 2695 283 88 en
2975 2695 945 88 stufveriarbetare
3778 2695 331 88 vid
3967 2695 378 88 namn
4156 2695 378 88 Anders

2622 2803 627 88 Johansson
3104 2803 434 88 sagde
3394 2803 338 88 dag
3587 2803 290 88 på
3732 2803 434 88 afton
3973 2803 531 88 öfverens¬-

2642 2915 465 82 kommit
2967 2915 605 82 tillgripa
3432 2915 465 82 hafre,
3758 2915 326 82 att
3944 2915 279 82 de
4083 2915 326 82 för
4223 2915 326 82 detta

2626 3015 530 92 ändamål
3011 3015 579 92 begifvit
3445 3015 337 92 sig
3638 3015 386 92 till
3879 3015 289 92 en
4024 3015 241 92 i
4072 3015 434 92 Puster¬-

2641 3117 705 92 vikskanalen
3205 3117 517 92 förtöjd
3581 3117 423 92 pråm,
3864 3117 329 92 der
4005 3117 517 92 Johansson

2628 3227 386 86 gått
2869 3227 482 86 ombord
3206 3227 241 86 i
3303 3227 482 86 pråmen
3640 3227 337 86 och
3833 3227 241 86 i
3929 3227 289 86 en
4074 3227 289 86 af
4170 3227 386 86 Kramer

2612 3343 591 78 medförd
3042 3343 430 78 säck
3311 3343 376 78 öst
3526 3343 484 78 hafre
3849 3343 376 78 som
4064 3343 323 78 de
4171 3343 323 78 haft

2652 3457 307 82 för
2828 3457 439 82 afsigt
3135 3457 307 82 att
3310 3457 570 82 försälja;
3748 3457 351 82 samt
3968 3457 307 82 att
4143 3457 263 82 de
4231 3457 263 82 der¬-

2615 3560 391 92 efter
2875 3560 391 92 burit
3136 3560 434 92 säcken
3440 3560 347 92 till
3657 3560 782 92 Stigbergsliden
4265 3560 217 92 der

2651 3690 433 49 Kramer
2954 3690 476 49 blifvit
3300 3690 260 49 af
3430 3690 823 49 Poliskonstapeln
4080 3690 476 49 Mellqvist

2603 3769 408 33 anhållen

3035 3705 318 58 hvaremot

3296 3769 609 69 Johansson
3764 3769 515 69 lyckats
4092 3769 468 69 undkomma
