5091 4065
470 184 286 144 från
649 184 465 144 Urmakaren
1006 184 214 144 G.
1114 184 465 144 Carlsson,
1471 184 357 144 boende
1721 184 250 144 vid
1864 184 322 144 Sörby
2043 184 393 144 Jernvägs¬-

465 358 348 86 station.

628 395 171 129 I
696 395 444 129 anledning
1038 395 307 129 häraf
1243 395 342 129 afläts
1482 395 478 129 skrifvelse
1858 395 273 129 till
1994 395 376 129 Urmakaren

525 499 399 146 Carlsson,
832 499 215 146 med
955 499 369 146 begäran,
1232 499 215 146 att
1355 499 307 146 derest
1570 499 307 146 dylika
1785 499 369 146 effekter
2061 499 338 146 blifvit
2276 499 154 146 ho¬-

515 600 246 164 nom
656 600 528 164 frånstulne,
1078 600 246 164 han
1218 600 317 164 derom
1429 600 317 164 ville
1640 600 246 164 hos
1781 600 246 164 PKn
1922 600 281 164 göra
2062 600 352 164 anmälan;

513 710 230 168 Och
645 710 230 168 har
776 710 394 168 Carlsson
1072 710 164 168 i
1137 710 394 168 närlagde
1433 710 460 168 skrifvelse
1795 710 197 168 af
1893 710 230 168 den
2025 710 197 168 16
2123 710 329 168 dennes

510 818 396 176 anmält,
798 818 252 176 att
942 818 288 176 uret
1122 818 252 176 och
1266 818 396 176 kikaren
1554 818 180 176 i
1626 818 360 176 början
1878 818 216 176 af
1986 818 324 176 denna
2166 818 252 176 månad

503 942 468 166 tillgripits
877 942 250 166 från
1034 942 312 166 honom,
1252 942 250 166 samt
1408 942 219 166 att
1533 942 219 166 han
1658 942 219 166 för
1783 942 281 166 detta
1970 942 406 166 tillgrepp
2251 942 219 166 miss¬-

498 1062 376 162 tänkte
762 1062 226 162 en
875 1062 527 162 mansperson
1289 1062 263 162 vid
1439 1062 301 162 namn
1628 1062 527 162 Bergström,
2042 1062 263 162 som
2155 1062 263 162 någon

529 1172 232 162 tid
661 1172 365 162 arbetat
927 1172 232 162 hos
1059 1172 431 162 Carlsson,
1391 1172 232 162 men
1524 1172 232 162 vid
1656 1172 497 162 sistberörde
2054 1172 232 162 tid
2154 1172 232 162 under

535 1286 345 160 uppgift,
794 1286 201 160 att
909 1286 345 160 företaga
1168 1286 173 160 en
1254 1286 230 160 resa
1398 1286 230 160 till
1542 1286 374 160 Göteborg,
1830 1286 374 160 aflägsnat
2118 1286 230 160 sig,
2233 1286 201 160 hvar¬-

531 1424 265 138 efter
707 1424 235 138 ofta
854 1424 323 138 berörde
1089 1424 353 138 effekter
1324 1424 294 138 saknats.

711 1496 246 154 Som
852 1496 246 154 det
992 1496 211 154 af
1098 1496 422 154 Carlsson
1414 1496 387 154 lemnade
1696 1496 528 154 signalement
2118 1496 176 154 å
2153 1496 281 154 ofvan¬-

530 1606 361 162 nämnde
782 1606 469 162 Bergström
1143 1606 289 162 till
1324 1606 289 162 alla
1504 1606 325 162 delar
1720 1606 685 162 öfverensstämmer
2262 1606 180 162 med

526 1714 449 162 Jakobssons
879 1714 417 162 utseende,
1199 1714 192 162 så
1296 1714 224 162 har
1424 1714 705 162 detektivkonstapeln
2033 1714 192 162 C.
2097 1714 353 162 Hellström

532 1838 240 150 den
669 1838 206 150 21
772 1838 343 150 dennes
1011 1838 411 150 anhållit
1320 1838 514 150 ofvannämnde
1731 1838 480 150 Jakobsson,
2074 1838 308 150 hvilken

522 1944 226 144 vid
651 1944 226 144 det
780 1944 226 144 med
910 1944 291 144 honom
1104 1944 421 144 anställde
1427 1944 324 144 förhör
1654 1944 453 144 uppgifvit,
2010 1944 226 144 att
2139 1944 226 144 han
2236 1944 162 144 den

524 2052 218 146 13
633 2052 182 146 i
705 2052 327 146 denna
923 2052 327 146 månad
1141 2052 218 146 af
1250 2052 508 146 härvarande
1650 2052 327 146 Rådh.
1868 2052 291 146 Rätt
2013 2052 363 146 frikänts

510 2155 223 156 för
637 2155 477 156 tillgreppet
1019 2155 191 156 af
1115 2155 477 156 pincenizen;
1497 2155 223 156 att
1624 2155 223 156 han
1752 2155 509 156 visserligen,
2165 2155 191 156 på
2229 2155 191 156 sätt

535 2257 421 155 Carlsson
850 2257 491 155 uppgifvit,
1236 2257 386 155 arbetat
1517 2257 245 155 hos
1657 2257 316 155 denne
1867 2257 316 155 under
2042 2257 316 155 omkring

535 2355 242 167 tre
674 2355 381 167 veckors
951 2355 242 167 tid
1089 2355 242 167 och
1228 2355 415 167 derunder
1539 2355 312 167 varit
1747 2355 346 167 kallad
1955 2355 415 167 Bergström;

542 2459 238 170 att
678 2459 238 170 han
814 2459 238 170 den
950 2459 170 170 2
1018 2459 340 170 dennes
1255 2459 238 170 med
1391 2459 340 170 bantåg
1629 2459 340 170 afrest
1867 2459 272 170 från
2036 2459 306 170 Sörby
2206 2459 204 170 till

522 2578 465 154 Ullstorp,
880 2578 250 154 der
1023 2578 250 154 han
1166 2578 608 154 sammanträffat
1667 2578 250 154 med
1810 2578 215 154 en
1881 2578 537 154 kringvandran¬-

522 2702 214 140 de
629 2702 321 140 okänd
843 2702 499 140 handlande,
1235 2702 214 140 af
1342 2702 392 140 hvilken
1626 2702 249 140 han
1769 2702 249 140 mot
1911 2702 249 140 ett
2054 2702 249 140 sig
2161 2702 249 140 till¬-

528 2809 344 158 hörigt
768 2809 344 158 fickur
1009 2809 241 158 och
1146 2809 206 158 en
1249 2809 481 158 mellangift
1627 2809 206 158 af
1731 2809 241 158 Två
1868 2809 344 158 Kronor
2074 2809 344 158 tillbytt

516 2913 249 166 sig
659 2913 249 166 det
801 2913 214 166 af
908 2913 463 166 Jakobsson
1264 2913 463 166 innehafda
1620 2913 285 166 uret
1797 2913 249 166 och
1940 2913 427 166 kikaren;
2224 2913 214 166 samt

508 3034 250 150 att
651 3034 285 150 han,
829 3034 250 150 som
972 3034 535 150 derpåföljde
1400 3034 250 150 dag
1542 3034 357 150 afrest
1792 3034 250 150 hit
1934 3034 285 150 till
2077 3034 321 150 staden,

500 3154 226 154 ej
613 3154 301 154 eger
801 3154 338 154 någon
1027 3154 451 154 kännedom
1365 3154 226 154 om
1478 3154 263 154 det
1628 3154 301 154 från
1816 3154 451 154 Carlsson
2117 3154 301 154 föröf¬-

529 3312 265 104 vade
662 3312 464 104 tillgreppet.

614 3402 242 116 På
735 3402 363 116 grund
977 3402 242 116 af
1098 3402 323 116 hvad
1300 3402 444 116 sålunda
1623 3402 606 116 förekommit,
2067 3402 323 116 kommer

496 3530 716 120 Jernarbetaren
1085 3530 337 120 Carl
1296 3530 379 120 Johan
1548 3530 547 120 Jakobsson
1969 3530 295 120 att
2095 3530 295 120 denna

511 3654 358 104 dag
715 3654 358 104 för
920 3654 869 104 Poliskammaren
1585 3654 614 104 inställas.

690 3748 580 100 Göteborg
1124 3748 338 100 den
1318 3748 290 100 22
1463 3748 386 100 Mars
1656 3748 338 100 1880.

4559 301 270 81 No
4649 301 225 81 68.

4526 416 266 69 Maria
4674 416 326 69 Magdalena

4516 503 392 62 Berndtsson.

2797 294 590 100 Poliskonstapeln
3294 294 186 100 No
3387 294 155 100 6
3449 294 373 100 Nordblom
3729 294 218 100 har
3853 294 155 100 i
3916 294 218 100 går
4040 294 218 100 kl.
4164 294 155 100 7
4226 294 249 100 e.m.
4351 294 155 100 an¬-

2663 404 330 120 hållit
2894 404 231 120 för
3026 404 297 120 andra
3224 404 297 120 resan
3422 404 396 120 snatteri
3718 404 429 120 straffade
4048 404 363 120 hustrun
4279 404 231 120 Maria

2676 520 418 126 Magdalena
2998 520 483 126 Berndtsson,
3384 520 354 126 hvilken
3641 520 193 126 är
3738 520 161 126 i
3802 520 322 126 saknad
4027 520 193 126 af
4124 520 354 126 bestämd
4349 520 161 126 bo¬-

2671 638 297 132 stad,
2869 638 231 132 för
3001 638 231 132 det
3133 638 231 132 hon
3265 638 396 132 innehaft
3562 638 231 132 och
3693 638 264 132 till
3858 638 561 132 Lumphandlaren
4320 638 198 132 C.
4386 638 132 132 J.

2667 747 296 150 Björk
2865 747 165 150 i
2930 747 296 150 huset
3128 747 197 150 No
3227 747 197 150 44
3325 747 230 150 vid
3457 747 428 150 Sillgatan
3786 747 296 150 velat
3983 747 395 150 försälja
4280 747 197 150 38
4345 747 165 150 fot

2684 853 241 154 nya
2821 853 517 154 klutmattor,
3235 853 241 154 för
3373 853 379 154 åtkomst
3648 853 414 154 hvartill
3959 853 241 154 hon
4096 853 276 154 icke
4234 853 276 154 kunnat

2643 1024 337 94 redogöra.

2814 1086 350 130 Hustrun
3069 1086 478 130 Berndtsson,
3451 1086 350 130 hvilken
3706 1086 223 130 vid
3833 1086 478 130 anhållandet
4216 1086 255 130 utom
4343 1086 223 130 ifrå¬-

2679 1198 389 141 gakomne
2962 1198 354 141 mattor
3209 1198 354 141 jemväl
3457 1198 425 141 innehade
3776 1198 212 141 en
3882 1198 531 141 Skurborste,
4306 1198 212 141 en
4377 1198 177 141 bu¬-

2688 1304 244 135 telj
2840 1304 213 135 med
2962 1304 457 135 hallonsaft,
3328 1304 152 135 4
3389 1304 457 135 tombuteljer
3755 1304 213 135 och
3877 1304 213 135 två
3968 1304 610 135 porslinstallrikar,

2688 1407 224 142 har
2816 1407 224 142 vid
2944 1407 224 142 det
3072 1407 224 142 med
3199 1407 288 142 henne
3391 1407 416 142 anställde
3711 1407 320 142 förhör
3935 1407 448 142 uppgifvit,
4286 1407 224 142 att
4382 1407 160 142 hon

2687 1500 166 162 i
2753 1500 331 162 sistl.
2985 1500 397 162 Februari
3283 1500 298 162 månad
3481 1500 199 162 af
3581 1500 464 162 härvarande
3945 1500 298 162 RRätt
4144 1500 364 162 blifvit
4375 1500 199 162 dömd

2686 1610 221 166 för
2813 1610 284 166 andra
3002 1610 284 166 resan
3191 1610 378 166 snatteri
3474 1610 252 166 till
3632 1610 221 166 två
3758 1610 378 166 månaders
4042 1610 410 166 fängelse,
4325 1610 221 166 hvil¬-

2697 1714 220 176 ken
2822 1714 504 176 bestraffning
3232 1714 220 176 hon
3358 1714 252 176 dock
3515 1714 252 176 ännu
3672 1714 252 176 icke
3830 1714 441 176 undergått;
4176 1714 220 176 att
4302 1714 220 176 hon
4397 1714 157 176 den

2685 1836 197 160 22
2784 1836 328 160 dennes
3013 1836 164 160 i
3078 1836 328 160 afsigt
3308 1836 229 160 att
3439 1836 328 160 tigga,
3668 1836 360 160 uppgått
3930 1836 164 160 i
3996 1836 295 160 huset
4192 1836 197 160 No
4291 1836 197 160 29
4356 1836 164 160 vid

2686 1940 288 170 Södra
2878 1940 416 170 Hamngatan
3197 1940 224 170 och
3325 1940 160 170 å
3389 1940 192 170 en
3485 1940 288 170 olåst
3677 1940 256 170 vind
3837 1940 416 170 derstädes
4124 1940 384 170 tillgripit

2694 2052 579 172 klutmattorna,
3171 2052 579 172 tombuteljerna
3647 2052 238 172 och
3783 2052 545 172 skurborsten;
4226 2052 238 172 att
4328 2052 170 172 hon

2687 2160 381 180 stoppat
2964 2160 415 180 mattorna
3276 2160 173 180 i
3345 2160 208 180 en
3449 2160 381 180 medförd
3726 2160 311 180 säck,
3933 2160 242 180 men
4037 2160 519 180 tombuteljerna

2686 2280 285 176 jemte
2876 2280 348 176 borsten
3130 2280 158 176 i
3193 2280 190 176 en
3288 2280 285 176 korg,
3478 2280 253 176 samt
3636 2280 222 176 att
3763 2280 222 176 hon
3889 2280 190 176 af
3984 2280 190 176 en
4079 2280 285 176 okänd
4237 2280 317 176 tjenste¬-

2700 2400 356 160 flicka,
2959 2400 356 160 hvilken
3218 2400 227 160 hon
3347 2400 356 160 biträdt
3606 2400 227 160 med
3736 2400 421 160 skurning,
4060 2400 389 160 erhållit
4319 2400 259 160 butel¬-

2685 2552 242 125 jen
2824 2552 242 125 med
2962 2552 484 125 hallonsaft
3342 2552 242 125 och
3446 2552 484 125 tallrikarne.

2835 2638 628 124 Tjensteflickan
3358 2638 523 124 Bernhardina
3777 2638 419 124 Öhrvall,
4091 2638 419 124 anställd
4370 2638 174 124 hos

2701 2734 186 152 Hr
2794 2734 248 152 Med.
2949 2734 311 152 Doktor
3167 2734 186 152 G.
3260 2734 435 152 Ljungberg,
3601 2734 311 152 boende
3819 2734 155 152 i
3881 2734 279 152 huset
4067 2734 186 152 No
4160 2734 186 152 29
4253 2734 217 152 vid
4347 2734 217 152 Södra

2704 2846 455 155 Hamngatan,
3061 2846 227 155 har
3190 2846 325 155 anmält
3418 2846 227 155 att
3548 2846 422 155 mattorna,
3872 2846 487 155 skurborsten
4262 2846 227 155 och
4359 2846 195 155 tom¬-

2705 2951 438 151 buteljerna,
3055 2951 205 151 som
3172 2951 234 151 voro
3319 2951 292 151 värde,
3523 2951 351 151 mattorna
3786 2951 175 151 25
3874 2951 205 151 öre
3991 2951 292 151 foten,
4166 2951 380 151 skurborsten

2699 3053 175 165 25
2786 3053 204 165 öre
2903 3053 204 165 och
3020 3053 496 165 tombuteljerna
3428 3053 146 165 5
3487 3053 204 165 öre
3603 3053 350 165 stycket,
3866 3053 438 165 tillgripits
4216 3053 233 165 från
4333 3053 233 165 Doktor

2700 3183 464 133 Ljungberg
3057 3183 178 133 å
3128 3183 214 133 en
3235 3183 321 133 olåst
3449 3183 285 133 vind
3627 3183 285 133 till
3806 3183 321 133 sagde
3984 3183 214 133 hus.

2818 3282 231 148 På
2933 3282 347 148 grund
3164 3282 231 148 af
3280 3282 308 148 hvad
3472 3282 424 148 sålunda
3780 3282 578 148 förekommit,
4242 3282 385 148 kommer

2695 3410 370 144 Maria
2941 3410 534 144 Magdalena
3352 3410 575 144 Berndtsson
3804 3410 288 144 att
3969 3410 370 144 denna
4215 3410 288 144 dag
4339 3410 205 144 för

2688 3561 711 102 Poliskammaren
3232 3561 502 102 inställas.

2910 3663 526 112 Göteborg
3305 3663 307 112 den
3480 3663 263 112 23
3612 3663 351 112 mars
3787 3663 307 112 1880.
