4999 4078
519 146 421 186 Forsström
842 146 356 186 afhemta
1101 146 226 186 vid
1230 146 291 186 Lilla
1392 146 259 186 Bomen;

488 282 209 169 6o
593 282 487 169 Johansson,
975 282 383 169 Hagman,
1254 282 383 169 Almgren
1532 282 244 169 och
1636 282 383 169 Lundberg:

499 407 190 150 a)
594 407 222 150 den
721 407 190 150 16
816 407 317 150 dennes
1038 407 253 150 från
1196 407 697 150 Rederiaktiebolaget
1798 407 317 150 Örnens
2020 407 222 150 båt
2147 407 190 150 No
2210 407 127 150 1,

496 510 184 173 då
588 510 337 173 förtöjd
833 510 214 173 vid
955 510 428 173 Stenpiren,
1292 510 153 173 8
1353 510 306 173 säckar
1567 510 306 173 hafre,
1782 510 214 173 som
1873 510 490 173 Handelsbolaget

494 612 264 135 Lerén
669 612 146 135 &
728 612 264 135 Rohde
904 612 234 135 köpt
1050 612 234 135 till
1197 612 205 135 ett
1314 612 234 135 pris
1461 612 381 135 beräknadt
1753 612 264 135 efter
1929 612 176 135 92
2017 612 205 135 öre
2134 612 205 135 L℔,
2222 612 176 135 der¬-

486 766 184 146 af
578 766 367 146 Almgren,
853 766 214 146 som
976 766 306 146 endast
1190 766 153 146 i
1251 766 184 146 så
1343 766 275 146 måtto
1526 766 367 146 deltagit
1802 766 153 146 i
1863 766 275 146 detta
2016 766 367 146 tillgrepp;

490 853 219 135 att
615 853 250 135 han,
771 853 219 135 med
897 853 344 135 vetskap
1147 853 313 135 derom,
1366 853 219 135 att
1491 853 501 135 hafrepartiet
1898 853 282 135 varit
2054 853 282 135 stulet;

490 968 353 166 biträdt
746 968 224 166 med
875 968 224 166 att
1003 968 385 166 upplägga
1291 968 385 166 säckarne
1580 968 192 166 på
1676 968 385 166 köparnes
1964 968 353 166 fordon,
2189 968 160 166 er¬-

475 1095 305 152 hållit
689 1095 153 152 9
750 1095 336 152 Kronor;
994 1095 214 152 och
1116 1095 214 152 har
1238 1095 397 152 Johansson
1544 1095 366 152 tillagt,
1818 1095 214 152 att
1940 1095 214 152 med
2032 1095 305 152 undantag

485 1223 196 168 af
583 1223 196 168 de
681 1223 294 168 under
878 1223 262 168 mom.
1041 1223 163 168 2
1107 1223 196 168 e)
1205 1223 229 168 och
1335 1223 163 168 2
1401 1223 196 168 l)
1499 1223 229 168 här
1630 1223 294 168 ofvan
1826 1223 458 168 omförmälde
2153 1223 196 168 säc¬-

463 1275 297 204 karne
661 1275 231 204 med
793 1275 330 204 hafre,
1023 1275 231 204 all
1155 1275 231 204 den
1287 1275 330 204 öfrige
1518 1275 330 204 hafren
1749 1275 231 204 vid
1848 1275 461 204 tillgreppens

480 1415 417 171 föröfvande
808 1415 268 171 legat
986 1415 208 171 lös
1106 1415 149 171 i
1165 1415 328 171 båtarne
1403 1415 208 171 och
1522 1415 328 171 blifvit
1761 1415 208 171 vid
1880 1415 298 171 hvarje
2058 1415 328 171 tillgrepp

495 1519 279 181 ilagd
681 1519 155 181 i
743 1519 372 181 medförde
1022 1519 341 181 säckar,
1270 1519 155 181 i
1332 1519 310 181 hvilka
1550 1519 310 181 hafren
1767 1519 372 181 forslats
2046 1519 248 181 till
2170 1519 155 181 kö¬-

441 1696 327 98 parne.

592 1727 377 203 Hagman,
866 1727 411 203 äfvensom
1174 1727 377 203 Almgren
1448 1727 240 203 och
1585 1727 445 203 Lundberg,
1928 1727 343 203 hvilka
2134 1727 171 203 två

482 1857 472 180 sistnämnde
853 1857 169 180 i
921 1857 438 180 anledning
1258 1857 303 180 häraf
1460 1857 337 180 jemväl
1696 1857 371 180 blifvit
1932 1857 371 180 anhållne,

475 1957 284 198 hafva
665 1957 410 198 vitsordat
981 1957 474 198 riktigheten
1359 1957 189 198 af
1454 1957 442 198 Johanssons
1801 1957 410 198 uppgifter
2117 1957 158 198 i
2149 1957 189 198 hvad

483 2120 235 158 dem
618 2120 403 158 anginge,
920 2120 436 158 hvarjemte
1255 2120 336 158 Hagman
1490 2120 235 158 och
1625 2120 369 158 Almgren
1860 2120 436 158 ytterligare

497 2191 360 188 erkänt,
759 2191 229 188 att
890 2191 196 188 de
988 2191 425 188 sistlidne
1315 2191 229 188 vår
1446 2191 164 188 i
1512 2191 425 188 Göteborgs
1839 2191 425 188 Hemförare
2134 2191 196 188 Båt¬-

480 2285 498 210 aktiebolags
878 2285 233 210 båt
1011 2285 199 210 No
1111 2285 233 210 18,
1244 2285 199 210 då
1344 2285 365 210 förtöjd
1609 2285 166 210 i
1676 2285 299 210 Stora
1842 2285 465 210 Hamnkanalen,

468 2430 406 183 olofligen
780 2430 438 183 tillgripit
1124 2430 313 183 hafre,
1343 2430 344 183 hvarmed
1593 2430 188 183 de
1687 2430 281 183 fyllt
1875 2430 250 183 fyra
2000 2430 281 183 säckar,

478 2557 215 124 som
601 2557 215 124 för
724 2557 215 124 Fem
847 2557 308 124 Kronor
1063 2557 338 124 stycket
1309 2557 369 124 försålts
1586 2557 246 124 till
1739 2557 308 124 Åkaren
1924 2557 369 124 Johansson,

469 2658 293 190 hvars
665 2658 293 190 dräng
860 2658 423 190 Forsström
1185 2658 390 190 afhemtat
1477 2658 358 190 partiet
1737 2658 163 190 i
1802 2658 195 190 en
1900 2658 163 190 i
1965 2658 293 190 Stora
2127 2658 228 190 Hamn¬-

464 2763 375 172 kanalen
736 2763 273 172 midt
907 2763 238 172 för
1043 2763 613 172 Frimurarelogen
1554 2763 375 172 förtöjd
1793 2763 204 172 båt.

544 2878 280 171 Båt-
719 2878 245 171 och
859 2878 736 171 Pråmaktiebolaget,
1491 2878 245 171 som
1631 2878 245 171 har
1771 2878 351 171 kontor
2017 2878 175 171 i
2052 2878 245 171 huset

477 2960 195 212 No
574 2960 162 212 1
639 2960 227 212 vid
769 2960 324 212 Westra
996 2960 454 212 Hamngatan,
1353 2960 422 212 Göteborgs
1677 2960 519 212 Hemförarebåt
2066 2960 260 212 aktie¬-

472 3092 319 207 bolag,
695 3092 223 207 som
823 3092 223 207 har
950 3092 319 207 kontor
1173 3092 159 207 i
1237 3092 287 207 huset
1428 3092 191 207 No
1524 3092 159 207 4
1588 3092 223 207 vid
1715 3092 446 207 Skeppsbron
2066 3092 223 207 och
2162 3092 159 207 Re¬-

463 3201 663 189 deriaktiebolaget
1026 3201 331 189 Örnen,
1258 3201 232 189 som
1391 3201 232 189 har
1524 3201 331 189 kontor
1756 3201 166 189 i
1822 3201 298 189 huset
2021 3201 199 189 No
2120 3201 166 189 4
2153 3201 166 189 vid

472 3324 462 187 Skeppsbron,
842 3324 308 187 hvilka
1058 3324 370 187 härefter
1335 3324 339 187 blifvit
1581 3324 308 187 hörda,
1797 3324 277 187 hafva
1951 3324 370 187 förklarat:

479 3453 250 156 Båt-
635 3453 219 156 och
760 3453 657 156 Pråmaktiebolaget:
1323 3453 219 156 att
1448 3453 188 156 på
1542 3453 250 156 sätt
1698 3453 407 156 Johansson
2011 3453 219 156 och
2105 3453 250 156 Hagman

456 3569 443 206 uppgifvit,
805 3569 317 206 natten
1026 3569 253 206 till
1185 3569 380 206 Lördagen
1470 3569 222 206 den
1596 3569 190 206 20
1691 3569 317 206 dennes
1913 3569 190 206 ur
1976 3569 317 206 Bolagets

431 3690 256 177 pråm
591 3690 192 177 No
687 3690 192 177 17
783 3690 416 177 olofligen
1103 3690 480 177 tillgripits
1487 3690 320 177 hafre,
1711 3690 256 177 samt
1871 3690 224 177 att
1967 3690 352 177 densamma,

2604 176 210 248 som
2724 176 240 248 vägt
2874 176 180 248 40
2963 176 180 248 L℔
3053 176 210 248 och
3173 176 270 248 varit
3353 176 240 248 värd
3503 176 180 248 39
3592 176 300 248 Kronor
3802 176 180 248 20
3892 176 240 248 öre,
4042 176 359 248 tillhört
4281 176 240 248 Gross¬-

2623 330 456 200 handlanden
2982 330 195 200 J.
3080 330 489 200 Otterström,
3470 330 391 200 hvilken,
3764 330 293 200 sedan
3959 330 228 200 han
4089 330 391 200 erhållit
4350 330 163 200 un¬-

2631 412 475 209 derrättelse
3011 412 190 209 om
3106 412 475 209 tillgreppet
3486 412 221 209 för
3612 412 348 209 Bolaget
3865 412 348 209 anmält,
4118 412 221 209 att
4245 412 221 209 han
4340 412 158 209 vid

2609 536 302 215 flera
2811 536 470 215 tillfällen
3181 536 302 215 under
3382 536 504 215 innevarande
3785 536 202 215 år
3886 536 336 215 mistat
4121 536 336 215 hafre,
4323 536 168 215 som

2620 701 398 176 förvarats
2927 701 153 176 i
2988 701 368 176 Bolagets
3233 701 245 176 båtar;

2733 750 428 240 Göteborgs
3062 750 889 240 Hemförarebåtaktiebolag;
3853 750 231 240 att
3985 750 296 240 Olaus
4150 750 362 240 Johansson

2634 868 293 207 varit
2830 868 391 207 anställd
3123 868 293 207 såsom
3318 868 358 207 båtkarl
3579 868 163 207 å
3644 868 358 207 Bolaget
3904 868 456 207 tillhörige
4230 868 228 207 båtar

2627 981 286 206 dels
2806 981 179 206 å
2878 981 322 206 båten
3092 981 215 206 No
3199 981 215 206 20
3307 981 286 206 från
3485 981 322 206 April
3700 981 322 206 månad
3915 981 286 206 1875
4093 981 286 206 till
4236 981 215 206 Juni

2631 1091 310 211 månad
2837 1091 276 211 1876
3010 1091 241 211 och
3148 1091 276 211 från
3320 1091 414 211 December
3631 1091 310 211 månad
3838 1091 483 211 sistnämnda
4217 1091 207 211 år
4286 1091 207 211 till

2649 1196 272 203 Mars
2819 1196 306 203 månad
3023 1196 272 203 1877
3193 1196 238 203 och
3329 1196 272 203 dels
3499 1196 170 203 å
3567 1196 306 203 båten
3770 1196 204 203 No
3872 1196 170 203 1
3940 1196 272 203 från
4110 1196 238 203 den
4246 1196 204 203 29
4314 1196 170 203 No¬-

2646 1312 312 223 vember
2864 1312 249 223 1879
3020 1312 249 223 till
3175 1312 218 223 den
3300 1312 156 223 3
3362 1312 280 223 sist.
3549 1312 280 223 Juni;
3736 1312 218 223 att
3861 1312 218 223 han
3985 1312 156 223 i
4048 1312 436 223 sistnämnde
4359 1312 156 223 båt

2623 1431 374 216 innehaft
2904 1431 499 216 hafrelaster,
3309 1431 437 216 tillhörige
3653 1431 250 216 från
3809 1431 218 216 den
3933 1431 187 216 29
4027 1431 250 216 Now.
4183 1431 250 216 1879
4308 1431 187 216 till

2634 1550 237 189 den
2770 1550 203 189 30
2871 1550 406 189 påföljde
3176 1550 406 189 December
3480 1550 643 189 Grosshandlanden
4021 1550 271 189 Carl
4157 1550 338 189 Sirenius

2647 1665 272 205 från
2817 1665 477 205 sistnämnde
3192 1665 238 205 dag
3328 1665 272 205 till
3498 1665 238 205 den
3634 1665 170 205 5
3702 1665 374 205 Januari
3974 1665 511 205 innevarande
4349 1665 136 205 år

2656 1781 590 235 Grosshandlanden
3153 1781 186 235 C.
3246 1781 186 235 L.
3339 1781 404 235 Berggren,
3650 1781 249 235 från
3805 1781 217 235 den
3930 1781 186 235 24
4023 1781 280 235 April
4209 1781 249 235 till
4334 1781 155 235 den

2653 1889 193 235 11
2749 1889 258 235 Maj,
2911 1889 612 235 Grosshandlanden
3426 1889 387 235 Sirenius
3716 1889 258 235 från
3877 1889 226 235 den
4006 1889 193 235 19
4102 1889 258 235 till
4264 1889 226 235 den
4360 1889 129 235 25

2652 2010 165 194 i
2718 2010 297 194 samma
2916 2010 297 194 månad
3114 2010 561 194 Handelsfirman
3576 2010 429 194 Hollender
3907 2010 165 194 &
3973 2010 198 194 Co
4072 2010 231 194 och
4204 2010 264 194 från
4336 2010 165 194 den

2651 2100 196 281 28
2749 2100 229 281 Maj
2880 2100 262 281 till
3044 2100 229 281 den
3175 2100 164 281 3
3240 2100 262 281 Juni
3404 2100 458 281 Handlanden
3764 2100 360 281 Fitger;
4026 2100 229 281 att
4157 2100 196 281 af
4222 2100 229 281 före¬-

2632 2233 331 235 nämnde
2864 2233 298 235 egare
3062 2233 331 235 endast
3294 2233 629 235 Grosshandlanden
3823 2233 397 235 Berggren
4121 2233 232 235 hos
4220 2233 298 235 Bolaget

2640 2361 353 210 anmält
2887 2361 247 210 sig
3028 2361 317 210 hafva
3239 2361 353 210 saknat
3486 2361 317 210 någon
3697 2361 212 210 af
3803 2361 212 210 de
3909 2361 176 210 i
3979 2361 423 210 Bolagets
4261 2361 247 210 båtar

2652 2496 416 232 förvarade
2972 2496 352 232 partier
3228 2496 320 232 hafre;
3452 2496 256 232 samt
3612 2496 256 232 att,
3772 2496 288 232 ehuru
3964 2496 352 232 Bolaget
4220 2496 256 232 icke
4348 2496 160 232 för

2654 2636 224 180 sin
2782 2636 224 180 del
2910 2636 320 180 saknat
3134 2636 288 180 någon
3326 2636 320 180 hafve,
3550 2636 352 180 Bolaget
3806 2636 256 180 icke
3966 2636 288 180 ville
4126 2636 320 180 bestrida

2659 2704 485 267 uppgifterna
3046 2704 355 267 rörande
3305 2704 485 267 tillgreppen
3692 2704 162 267 i
3757 2704 388 267 Bolagets
4048 2704 323 267 båtar;
4241 2704 162 267 och

2719 2826 318 212 Rederi
2942 2826 509 212 aktiebolaget
3355 2826 318 212 Örnen:
3578 2826 223 212 att
3705 2826 286 212 ingen
3896 2826 286 212 egare
4087 2826 191 212 af
4182 2826 318 212 hafre,
4373 2826 159 212 som

2637 2948 408 212 förvarats
2951 2948 157 212 i
3013 2948 345 212 Bolaget
3264 2948 439 212 tillhörige
3610 2948 345 212 pråmar,
3861 2948 314 212 anmält
4081 2948 220 212 sig
4206 2948 283 212 hafva
4363 2948 157 212 mi¬-

2649 3047 270 231 stat
2818 3047 304 231 någon
3021 3047 338 231 dylik;
3257 3047 270 231 samt
3426 3047 236 231 att
3561 3047 371 231 Bolaget
3831 3047 270 231 icke
3999 3047 338 231 heller
4202 3047 270 231 saknat

2646 3166 286 199 någon
2837 3166 318 199 hafre,
3059 3166 222 199 men
3186 3166 222 199 att
3313 3166 349 199 Bolaget
3567 3166 254 199 icke
3726 3166 286 199 ville
3917 3166 381 199 bestrida
4171 3166 349 199 riktighe¬-

2656 3286 223 218 ten
2783 3286 191 218 af
2879 3286 477 218 Johanssons,
3260 3286 382 218 Hagmans,
3546 3286 382 218 Almgrens
3833 3286 223 218 och
3960 3286 413 218 Lundbergs
4246 3286 286 218 uppgif¬-

2635 3365 229 210 ter
2766 3365 326 210 derom,
2994 3365 229 210 att
3125 3365 229 210 de,
3256 3365 196 210 på
3354 3365 261 210 sätt
3517 3365 229 210 har
3647 3365 294 210 ofvan
3843 3365 457 210 upptagits,
4202 3365 196 210 ur
4268 3365 229 210 samme

2650 3524 311 141 båtar
2858 3524 346 141 stulit
3065 3524 277 141 hafre.

2782 3553 276 226 Till
2954 3553 207 226 de
3057 3553 241 226 fem
3195 3553 310 226 under
3402 3553 172 226 2
3471 3553 207 226 l)
3575 3553 241 226 här
3712 3553 310 226 ofvan
3919 3553 483 226 omförmälde
4264 3553 276 226 säckar

2645 3695 320 199 hafre,
2869 3695 224 199 som
2997 3695 416 199 Johansson
3317 3695 224 199 och
3445 3695 352 199 Almgren
3700 3695 160 199 i
3764 3695 320 199 början
3988 3695 192 199 af
4084 3695 288 199 sist.
4244 3695 288 199 Oktober
