4973 4063
481 284 524 167 tagit
830 284 524 167 något
1180 284 466 167 korn
1471 284 408 167 som
1704 284 466 167 prof
1937 284 408 167 hvar¬-

486 385 383 216 med
705 385 383 216 han
924 385 656 216 begifvit
1416 385 383 216 sig
1635 385 438 216 till
1854 385 547 216 Handlan¬-

494 545 373 165 den
707 545 693 165 Gaddelius
1240 545 427 165 till
1507 545 587 165 hvilken
1933 545 373 165 han
2093 545 267 165 ut¬-

475 676 568 179 bjudit
873 676 341 179 en
1043 676 455 179 säck
1327 676 568 179 dylikt
1725 676 455 179 korn
1952 676 398 179 under

497 819 582 131 uppgift
920 819 370 131 att
1132 819 370 131 han
1343 819 423 131 vore
1608 819 582 131 dertill
1978 819 370 131 anmo¬-

498 949 380 117 dad
715 949 326 117 af
878 949 380 117 sin
1095 949 489 117 förre
1421 949 652 117 husbonde
1909 949 380 117 som
2072 949 326 117 vore

504 1051 841 174 hemmansegare,
1196 1051 346 174 att
1394 1051 445 174 efter
1691 1051 346 174 det
1839 1051 544 174 Gaddelius

498 1179 674 173 förklarat
1016 1179 363 173 sig
1224 1179 466 173 vilja
1535 1179 415 173 köpa
1794 1179 311 173 en
1949 1179 415 173 säck
2157 1179 207 173 af

501 1295 479 130 kornet
837 1295 432 130 efter
1124 1295 336 130 ett
1316 1295 384 130 pris
1556 1295 288 130 af
1700 1295 288 130 en
1844 1295 432 130 krona
2083 1295 192 130 L℔

500 1402 371 118 han
712 1402 689 118 återvändt
1242 1402 371 118 han
1453 1402 689 118 återvändt
1930 1402 318 118 till

473 1531 674 173 magasinet
992 1531 363 173 och
1199 1531 363 173 der
1406 1531 726 173 tillgripit
1976 1531 311 173 en
2080 1531 311 173 säck

481 1650 440 122 korn
756 1650 385 122 som
976 1650 385 122 han
1197 1650 496 122 burit
1527 1650 440 122 till
1747 1650 606 122 Gaddelius

491 1781 366 170 och
700 1781 470 170 denne
1013 1781 680 170 emottagit
1536 1781 366 170 och
1745 1781 470 170 vägt,
2007 1781 261 170 att

500 1921 367 97 som
709 1921 734 97 emellertid
1286 1921 682 97 Gaddelius
1811 1921 420 97 icke
2021 1921 367 97 velat

506 2022 533 150 betala
879 2022 427 150 utan
1146 2022 373 150 att
1359 2022 533 150 egaren
1732 2022 427 150 till
1945 2022 427 150 kornet

482 2157 415 161 voro
741 2157 778 161 närvarande,
1363 2157 467 161 eller
1674 2157 363 161 han
1882 2157 467 161 finge
2141 2157 259 161 ett

488 2264 476 168 bevis
805 2264 423 168 från
1070 2264 476 168 denne
1387 2264 370 168 att
1598 2264 687 168 Fagerberg
2074 2264 317 168 hade

484 2390 400 181 rätt
734 2390 350 181 att
934 2390 450 181 sälga
1234 2390 550 181 kornet,
1635 2390 650 181 Fagerberg
2085 2390 250 181 för

468 2489 594 134 sådant
883 2489 653 134 ändamål
1359 2489 297 134 i
1477 2489 356 134 en
1596 2489 713 134 handelsbod

486 2600 375 148 vid
701 2600 751 148 Korsgatan,
1291 2600 322 148 på
1452 2600 375 148 ett
1666 2600 536 148 kuvert
1988 2600 375 148 låtit

491 2714 587 203 skrifva
917 2714 427 203 Carl
1184 2714 533 203 August
1557 2714 693 203 Andersson
2037 2714 320 203 från

492 2882 634 147 Inland,
953 2882 634 147 hvarmed
1414 2882 403 147 han
1645 2882 519 147 ämnat
1933 2882 403 147 styr¬-

480 2974 350 181 ka
655 2974 875 181 riktigheten
1354 2974 350 181 af
1529 2974 466 181 sitt
1762 2974 525 181 uppdrag

493 3102 375 158 och
708 3102 535 158 lemnat
1082 3102 642 158 kuvertet
1564 3102 428 158 till
1778 3102 589 158 Gaddelius

470 3213 466 180 under
781 3213 569 180 uppgift
1194 3213 362 180 att
1401 3213 517 180 egaren
1763 3213 414 180 till
1970 3213 414 180 kornet

464 3381 420 145 vore
727 3381 735 145 förhindrad
1305 3381 578 145 infinna
1725 3381 420 145 sig,
1987 3381 368 145 att
2145 3381 210 145 då

478 3463 674 145 Gaddelius
996 3463 363 145 det
1204 3463 518 145 oaktat
1567 3463 415 145 icke
1826 3463 466 145 velat
2085 3463 259 145 be¬-

466 3585 468 173 tala,
778 3585 364 173 han
986 3585 728 173 qvarlemnat
1559 3585 572 173 kornet,
1975 3585 364 173 och
2131 3585 208 173 af

472 3719 590 180 lägsnat
901 3719 429 180 sig;
1116 3719 268 180 att

1269 3682 275 72 han

1376 3695 399 135 för
1604 3695 627 135 omkring
2003 3695 228 135 10

2570 263 536 155 dagar
2928 263 536 155 sedan
3285 263 417 155 vid
3524 263 417 155 två
3702 263 715 155 särskildta

2574 412 797 113 tillfällen
3200 412 341 113 på
3371 412 683 113 enahanda
3883 412 455 113 sätt
4111 412 341 113 från

2586 505 696 177 magasinet
3122 505 750 177 tillgripit
3711 505 643 177 hvardera
4140 505 321 177 gån¬-

2588 643 413 129 gen
2824 643 354 129 en
3001 643 473 129 säck
3297 643 532 129 korn,
3651 643 413 129 som
3887 643 413 129 han
4065 643 354 129 sålt

2584 745 430 176 till
2853 745 752 176 Handlanden
3444 745 322 176 E.
3605 745 752 176 Johansson,
4142 745 269 176 bo¬-

2569 854 433 192 ende
2839 854 270 192 i
2948 854 487 192 huset
3272 854 325 192 No
3434 854 270 192 5
3543 854 379 192 vid
3759 854 649 192 Pilgatan
4192 854 270 192 ef¬-

2569 972 439 148 ter
2820 972 313 148 1
2945 972 564 148 krona
3321 972 376 148 L℔
3509 972 689 148 hvarvid
4010 972 439 148 han
4198 972 251 148 på

2562 1093 623 181 Johansson
3041 1093 431 181 fråga
3329 1093 671 181 uppgifvit,
3856 1093 335 181 att
4048 1093 335 181 han
4191 1093 288 181 vore

2589 1216 269 177 från
2758 1216 437 177 Fässbergs
3094 1216 336 177 socken
3330 1216 236 177 och
3464 1216 404 177 erhållit
3767 1216 336 177 kornet
4002 1216 202 177 af
4103 1216 336 177 bönder
4305 1216 202 177 der¬-

2577 1320 314 209 städes
2797 1320 283 209 såsom
2985 1320 409 209 betalning
3300 1320 220 209 för
3425 1320 440 209 verkstäldt
3771 1320 660 209 tröskningsarbete;
4306 1320 157 209 att

2593 1443 246 226 han
2733 1443 422 226 måndagen
3050 1443 246 226 den
3190 1443 211 226 19
3296 1443 351 226 dennes
3541 1443 211 226 på
3647 1443 211 226 e.
3752 1443 211 226 m.
3858 1443 281 226 från
4033 1443 316 226 andra
4209 1443 281 226 botten

2580 1558 182 209 i
2652 1558 327 209 samme
2870 1558 472 209 magasiner
3233 1558 508 209 tillgripit
3632 1558 218 209 en
3741 1558 327 209 säck,
3923 1558 508 209 innehållande

2600 1664 275 209 råg,
2772 1664 241 209 som
2909 1664 241 209 han
3047 1664 275 209 till
3219 1664 207 209 en
3323 1664 344 209 början
3564 1664 379 209 upplagt
3839 1664 172 209 å
3908 1664 344 209 gården
4149 1664 275 209 till
4287 1664 172 209 hu¬-

2581 1744 232 275 set
2713 1744 199 275 No
2813 1744 199 275 63
2912 1744 232 275 vid
3044 1744 298 275 Södra
3243 1744 464 275 Hamngatan,
3607 1744 430 275 hvarefter
3938 1744 265 275 han,
4071 1744 397 275 medtagande

2606 1869 224 234 ett
2734 1869 256 234 prof
2894 1869 320 234 deraf,
3117 1869 384 234 begifvit
3405 1869 224 234 sig
3533 1869 256 234 till
3693 1869 448 234 Handlanden
4044 1869 320 234 Svante
4236 1869 256 234 Edlund

2592 1992 241 235 och
2729 1992 276 235 till
2902 1992 310 235 honom
3108 1992 413 235 utbjudit
3418 1992 207 235 en
3522 1992 276 235 säck
3694 1992 310 235 dylik
3901 1992 276 235 råg;
4073 1992 241 235 att
4211 1992 207 235 på
4280 1992 172 235 Ed¬-

2585 2107 308 224 lunds
2790 2107 308 224 fråga
2996 2107 205 224 om
3098 2107 240 224 han
3235 2107 274 224 vore
3407 2107 274 224 från
3578 2107 411 224 Mölndal,
3886 2107 445 224 Fagerberg
4194 2107 274 224 svarat

2580 2235 220 224 ja
2690 2235 256 224 och
2837 2235 403 224 erinrat
3130 2235 403 224 Edlund,
3422 2235 256 224 att
3569 2235 256 224 han
3715 2235 256 224 väl
3862 2235 329 224 kände
4081 2235 329 224 honom
4264 2235 220 224 från

2584 2326 244 246 den
2724 2326 244 246 tid
2863 2326 348 246 Edlund
3107 2326 244 246 för
3246 2326 383 246 omkring
3525 2326 174 246 2
3594 2326 209 246 år
3699 2326 314 246 sedan
3908 2326 383 246 biträdt
4152 2326 348 246 Handlan¬-

2587 2468 230 205 den
2718 2468 328 205 Olsson
2948 2468 164 205 i
3014 2468 394 205 Mölndal,
3309 2468 230 205 der
3440 2468 426 205 Fagerberg
3768 2468 262 205 ofta
3932 2468 361 205 träffat
4195 2468 295 205 honom
4359 2468 98 205 i

2582 2563 372 253 Olssons
2853 2563 507 253 handelsbod,
3258 2563 439 253 hvarjemte
3596 2563 439 253 Fagerberg
3934 2563 203 253 på
4035 2563 372 253 Edlunds
4272 2563 237 253 fråga

2572 2714 473 181 hvarifrån
2935 2714 254 181 han
3081 2714 436 181 bekommit
3408 2714 254 181 den
3553 2714 254 181 råg
3698 2714 254 181 han
3844 2714 327 181 ville
4062 2714 363 181 sälja,
4280 2714 218 181 upp¬-

2588 2854 410 166 gifvit,
2886 2854 261 166 att
3035 2854 261 166 han
3184 2854 298 166 fått
3371 2854 261 166 den
3520 2854 224 166 af
3632 2854 373 166 bönder
3893 2854 224 166 på
4004 2854 373 166 landet
4228 2854 261 166 såsom

2579 2920 451 215 betalning
2926 2920 243 215 för
3065 2920 485 215 verkställd
3446 2920 451 215 tröskning
3792 2920 243 215 och
3931 2920 243 215 med
4070 2920 347 215 Edlund
4278 2920 173 215 öf¬-

2590 3020 574 210 verenskommit
3057 3020 251 210 att
3200 3020 323 210 denne
3416 3020 359 210 skulle
3667 3020 287 210 köpa
3846 3020 323 210 rågen
4061 3020 323 210 efter
4277 3020 215 210 90
4349 3020 179 210 öre

2590 3158 229 184 L℔;
2721 3158 229 184 att
2852 3158 424 184 Fagerberg
3178 3158 392 184 derefter
3472 3158 294 184 låtit
3668 3158 196 184 en
3766 3158 294 184 åkare
3962 3158 261 184 köra
4125 3158 294 184 rågen
4288 3158 196 184 till

2596 3247 350 225 Edlund,
2851 3247 350 225 hvilken
3105 3247 255 225 vägt
3265 3247 223 225 den
3392 3247 223 225 och
3519 3247 318 225 betalt
3742 3247 414 225 Fagerberg
4060 3247 223 225 med
4188 3247 159 225 9
4220 3247 286 225 Kronor;

2594 3382 234 214 att
2727 3382 200 214 då
2827 3382 434 214 Fagerberg
3162 3382 234 214 för
3295 3382 334 214 Edlund
3529 3382 401 214 omtalat,
3830 3382 234 214 att
3963 3382 234 214 han
4097 3382 301 214 kunde
4264 3382 234 214 sälja

2590 3519 263 124 mer
2741 3519 263 124 råg
2891 3519 263 124 och
3041 3519 376 124 Edlund
3304 3519 301 124 bedt
3492 3519 338 124 honom
3717 3519 338 124 komma
3943 3519 263 124 dit
4093 3519 263 124 med
4206 3519 225 124 den,

2583 3613 478 190 Fagerberg
2951 3613 257 190 den
3098 3613 221 190 20
3208 3613 368 190 dennes
3465 3613 221 190 på
3576 3613 294 190 f.m.
3760 3613 294 190 från
3943 3613 331 190 samma
4127 3613 331 190 magasin
