5000 4110
514 209 314 192 plagg
723 209 383 192 blifvit
1002 209 453 192 pantsatte
1350 209 174 192 i
1420 209 244 192 ett
1559 209 314 192 olåst
1768 209 279 192 skåp
1942 209 174 192 i
1977 209 453 192 Målsegarens

498 374 491 128 boningsrum
883 374 491 128 tillgripit
1269 374 385 128 desamme
1549 374 245 128 och
1689 374 420 128 derefter
2005 374 420 128 pantsatt
2285 374 175 128 dem

499 455 241 201 hos
636 455 517 201 Pantlånaren
1050 455 276 201 Berg
1222 455 241 201 för
1360 455 517 201 tillsammans
1774 455 207 201 16
1877 455 379 201 Kronor,
2153 455 207 201 af
2222 455 241 201 hvil¬-

502 581 233 180 ka
619 581 505 180 penningar
1007 581 272 180 han
1163 581 389 180 tappat
1435 581 233 180 12
1551 581 389 180 Kronor
1823 581 272 180 och
1979 581 427 180 användt
2251 581 194 180 det

451 691 314 207 övriga.

676 796 219 202 På
786 796 329 202 grund
1005 796 219 202 af
1115 796 292 202 hvad
1298 796 402 202 sålunda
1590 796 548 202 förekommit,
2028 796 365 202 kommer
2248 796 219 202 Lars

491 932 366 199 August
747 932 475 199 Andersson
1113 932 475 199 Skattberg
1479 932 256 199 att
1625 932 329 199 denna
1844 932 256 199 dag
1990 932 256 199 för
2137 932 256 199 PKn
2246 932 183 199 in¬-

508 1036 473 176 ställas.
862 1036 473 176 Göteborg
1217 1036 276 176 den
1375 1036 237 176 24
1493 1036 434 176 Augusti
1769 1036 276 176 1880.

143 1189 250 120 No
227 1189 250 120 181.

114 1329 250 88 Claes
253 1329 222 88 Fresk.

539 1170 192 213 I
615 1170 536 213 skrifvelse
1037 1170 268 213 den
1190 1170 230 213 25
1305 1170 421 213 dennes,
1611 1170 268 213 som
1765 1170 192 213 i
1841 1170 268 213 går
1995 1170 383 213 kommit
2224 1170 192 213 Pkn

506 1302 490 212 tillhanda,
891 1302 280 212 hade
1066 1302 595 212 Landshöfdinge
1555 1302 385 212 Embetet
1835 1302 175 212 i
1905 1302 315 212 länet
2115 1302 280 212 till
2255 1302 175 212 PKn

489 1434 278 178 för
648 1434 278 178 den
807 1434 436 178 åtgärd,
1124 1434 278 178 som
1283 1434 238 178 på
1402 1434 278 178 PKn
1561 1434 476 178 ankomme,
1878 1434 516 178 öfverlemnat

480 1562 205 149 en
582 1562 273 149 från
753 1562 342 149 Kongl.
992 1562 512 149 Öfverståth.
1402 1562 376 149 Embetet
1675 1562 273 149 till
1846 1562 273 149 KBde
2017 1562 239 149 här
2154 1562 171 149 i
2188 1562 239 149 länet

476 1685 458 191 ankommen
819 1685 458 191 rapport,
1163 1685 458 191 angående
1506 1685 534 191 angifvelse
1926 1685 267 191 mot
2040 1685 382 191 Kaptenen

489 1812 268 166 Klas
656 1812 302 166 Fresk
857 1812 235 166 för
991 1812 536 166 förskingring
1427 1812 201 166 af
1527 1812 201 166 en
1628 1812 235 166 del
1762 1812 268 166 utaf
1929 1812 335 166 lasten
2130 1812 268 166 ombord

461 1907 182 203 å
533 1907 292 203 hans
716 1907 401 203 förande
1007 1907 365 203 fartyg
1263 1907 401 203 briggen
1554 1907 292 203 Trio
1737 1907 255 203 och
1883 1907 510 203 inhemtades
2247 1907 146 203 af

470 2068 519 179 förenämnde
877 2068 444 179 rapport,
1211 2068 333 179 bland
1433 2068 370 179 annat,
1692 2068 259 179 att
1840 2068 333 179 sedan
2026 2068 370 179 Jungmän¬-

465 2158 245 215 nen
605 2158 315 215 Oskar
815 2158 385 215 Persson
1095 2158 245 215 och
1235 2158 315 215 Frans
1445 2158 455 215 Hagström,
1795 2158 420 215 Matrosen
2110 2158 280 215 Carl
2250 2158 175 215 Au¬-

470 2300 270 185 gust
639 2300 404 185 Nilsson,
942 2300 539 185 Lättmatrosen
1380 2300 337 185 Gustaf
1616 2300 371 185 Sundin,
1886 2300 438 185 Stevarden
2189 2300 202 185 Carl

455 2426 367 167 Magnus
712 2426 404 167 Sjögren
1006 2426 257 167 och
1153 2426 331 167 Andre
1374 2426 514 167 Styrmannen
1778 2426 220 167 G.
1888 2426 220 167 S.
1962 2426 404 167 Engström,

455 2534 220 224 de
565 2534 293 224 fyra
749 2534 513 224 sistnämnde
1152 2534 330 224 såsom
1372 2534 440 224 vittnen,
1702 2534 293 224 till
1886 2534 477 224 detektiva
2216 2534 183 224 Po¬-

456 2691 674 159 lisafdelningens
1023 2691 355 159 kontor
1272 2691 177 159 i
1343 2691 461 159 Stockholm
1697 2691 426 159 inlemnat
2017 2691 213 159 en
2088 2691 319 159 skrift,

444 2812 554 208 innefattande
895 2812 485 208 angifvelse
1276 2812 243 208 mot
1415 2812 312 208 Fresk
1623 2812 243 208 för
1761 2812 485 208 förberörde
2108 2812 277 208 brott,

449 2953 955 201 ÖfverståthållareEmbetet
1297 2953 248 201 för
1439 2953 566 201 Polisärenden
1898 2953 318 201 efter
2075 2953 283 201 hållet

446 3048 349 226 förhör
690 3048 244 226 med
830 3048 314 226 ofvan
1039 3048 488 226 omförmälde
1422 3048 453 226 angifvare
1771 3048 244 226 och
1910 3048 418 226 vittnen;
2189 3048 174 226 och

454 3231 352 160 sedan
689 3231 352 160 såväl
923 3231 469 160 allmänne
1275 3231 547 160 Åklagaren,
1705 3231 665 160 Stadsfiskalen
2214 3231 156 160 P.

433 3308 449 210 Cederborg
779 3308 242 210 som
917 3308 518 210 angifvarnes
1331 3308 345 210 ombud,
1572 3308 207 210 fe
1676 3308 587 210 Stadsfiskalen
2159 3308 207 210 J.
2228 3308 138 210 A.

441 3452 341 184 Heyne
669 3452 379 184 yrkat,
934 3452 266 184 ett
1086 3452 341 184 målet
1314 3452 341 184 måtte
1541 3452 341 184 varda
1769 3452 266 184 för
1883 3452 531 184 ransaknings¬-

408 3581 547 161 företagande,
852 3581 513 161 remitteradt
1263 3581 274 161 till
1434 3581 513 161 vederbörlig
1844 3581 410 161 domstol,
2117 3581 274 161 beslu¬-

452 3675 285 203 tat,
631 3675 285 203 att,
809 3675 250 203 som
952 3675 535 203 Sjökaptenen
1380 3675 357 203 Fresk,
1629 3675 428 203 hvilken,
1950 3675 357 203 enligt
2164 3675 214 203 hvad

2634 268 272 209 af
2770 268 816 209 undersökningen
3449 268 589 209 framgått,
3903 268 363 209 vore
4129 268 317 209 den
4265 268 272 209 huf¬-

2639 402 607 174 vudsaklige
3116 402 781 174 gerningsmannen
3766 402 217 174 i
3853 402 260 174 de
3983 402 477 174 angifne
4287 402 260 174 för¬-

2639 493 684 179 brytelserne,
3195 493 556 179 uppehölle
3623 493 299 179 sig
3794 493 299 179 här
3965 493 214 179 i
4008 493 428 179 Göteborg

2634 593 363 169 samt
2860 593 770 169 ifrågavarande
3495 593 589 169 brottsmål
3948 593 453 169 förthy
4220 593 317 169 kunde

2632 716 471 171 jemlikt
2975 716 257 171 §.
3103 716 300 171 322
3274 716 214 171 i
3360 716 514 171 gällande
3745 716 428 171 Sjölag
4045 716 257 171 af
4131 716 385 171 domstol

2584 806 546 136 härstädes
3004 806 546 136 upptagas,
3424 806 672 136 handlingarne
3971 806 210 136 i
4055 806 378 136 målet
4265 806 294 136 skul¬-

2599 900 255 141 le
2726 900 636 141 öfverlemnas
3235 900 339 141 till
3447 900 255 141 K.
3574 900 339 141 Bfde
3786 900 297 141 här
3956 900 212 141 i
4041 900 382 141 länet
4253 900 212 141 för

2597 1003 343 168 den
2793 1003 540 168 åtgärd,
3186 1003 343 168 som
3382 1003 294 168 på
3529 1003 491 168 nämnda
3872 1003 638 168 myndighet
4314 1003 245 168 an¬-

2526 1107 528 117 komme.

2678 1148 228 196 I
2770 1148 820 196 Handelsbolaget
3453 1148 501 196 Dickson
3818 1148 228 196 &
3909 1148 273 196 Co
4045 1148 319 196 som
4228 1148 228 196 i
4273 1148 228 196 an¬-

2591 1276 448 190 ledning
2917 1276 367 190 häraf
3162 1276 448 190 blifvit
3488 1276 407 190 hördt,
3773 1276 285 190 har
3936 1276 407 190 dervid
4180 1276 367 190 förkla¬-

2590 1413 337 147 rat
2782 1413 337 147 att
2975 1413 433 147 någon
3263 1413 529 147 anmälan
3648 1413 288 147 om
3744 1413 721 147 ifrågavarande

2594 1481 578 182 tillgrepp
3038 1481 356 182 icke
3261 1481 356 182 från
3483 1481 712 182 vederbörande
4017 1481 489 182 lastemot¬-

2583 1592 453 202 tagare
2900 1592 362 202 till
3126 1592 498 202 Bolaget
3488 1592 498 202 ingått,
3850 1592 453 202 hvadan
4122 1592 407 202 Bolaget

2595 1679 411 162 icke
2851 1679 411 162 hade
3108 1679 359 162 sig
3313 1679 462 162 något
3621 1679 462 162 derom
3929 1679 565 162 bekant,
4288 1679 257 162 men

2600 1784 307 167 att
2775 1784 482 167 Bolaget
3126 1784 394 167 ville
3389 1784 219 167 i
3476 1784 613 167 skrifvelse
3958 1784 351 167 till
4177 1784 307 167 dem
4309 1784 219 167 an¬-

2583 1905 378 161 mäla
2819 1905 804 161 förhållandet,
3481 1905 378 161 samt
3717 1905 331 161 att
3906 1905 520 161 Bolaget
4237 1905 284 161 för¬-

2599 2036 472 156 behålle
2942 2036 300 156 sig
3114 2036 300 156 att
3285 2036 386 156 sedan
3543 2036 729 156 underrättelse
4143 2036 343 156 tlll
4315 2036 214 156 Bo¬-

2598 2117 455 148 laget
2902 2117 404 148 från
3154 2117 960 148 lastemottagarne
3912 2117 556 148 inkommit,

2618 2203 642 219 framställa
3122 2203 275 219 de
3260 2203 550 219 ansvars-
3672 2203 321 219 och
3810 2203 733 219 ersättningspå¬-

2590 2283 597 183 stående,
3038 2283 597 183 hvartill
3486 2283 548 183 Bolaget
3885 2283 448 183 kunde
4134 2283 348 183 finna

2592 2418 334 194 sig
2736 2418 525 194 befogadt.

2703 2482 718 235 Sjökaptenen
3278 2482 431 235 Fresk
3565 2482 335 235 har
3757 2482 335 235 här
3948 2482 239 235 i
4044 2482 479 235 Staden
4332 2482 239 235 ef¬-

2617 2601 745 199 terspanats,
3214 2601 348 199 men
3412 2601 397 199 icke
3661 2601 497 199 kunnat
3959 2601 596 199 anträffas;

2579 2719 322 188 och
2763 2719 322 188 hur
2947 2719 551 188 derjemte
3360 2719 643 188 upplysning
3866 2719 460 188 derom,
4187 2719 322 188 att
4325 2719 230 188 han

2579 2814 456 200 redan
2883 2814 355 200 den
3086 2814 304 200 24
3238 2814 507 200 dennes
3593 2814 355 200 med
3796 2814 558 200 briggen
4151 2814 405 200 "Trio"

2591 2950 497 230 afseglat
2964 2950 332 230 till
3129 2950 249 230 Cap.

2793 3015 267 153 De
2926 3015 756 153 Poliskammaren
3549 3015 222 153 i
3638 3015 400 153 målet
3860 3015 667 153 tillhandakom¬-

2593 3157 259 180 ne
2722 3157 691 180 handlingarne
3241 3157 432 180 bifogas.

2869 3284 522 192 Göteborg
3260 3284 304 192 den
3434 3284 261 192 27
3564 3284 478 192 Augusti
3869 3284 304 192 1880.

4460 3308 290 159 No
4556 3308 242 159 182

4478 3496 286 130 Johan
4637 3496 222 130 Adolf

4458 3595 309 123 Carlsson.

2718 3433 391 206 Efter
2978 3433 608 206 angifvelse
3455 3433 260 206 af
3586 3433 694 206 timmermannen
4106 3433 391 206 Emanuel

2616 3570 580 166 Silvander,
3071 3570 414 166 boende
3361 3570 207 166 i
3444 3570 373 166 huset
3692 3570 248 166 No
3816 3570 207 166 5
3899 3570 248 166 af
4023 3570 248 166 Ms
4148 3570 207 166 5
4189 3570 290 166 rote,

2644 3711 291 174 har
2811 3711 790 174 Poliskonstapeln
3476 3711 250 174 No
3601 3711 291 174 106
3767 3711 499 174 Wahlgren
4100 3711 416 174 Thorsda¬
