5127 4105
220 294 214 62 No
292 294 142 62 15

170 396 284 52 Maria
328 396 190 52 Mag¬-

170 461 254 55 dalena
322 461 254 55 Berndts¬-

139 515 191 52 son.

635 292 479 116 Enkefru
983 292 566 116 Henrietta
1418 292 566 116 Lindgren,
1853 292 435 116 boende
2157 292 218 116 i
2201 292 218 116 hu¬-

559 448 279 85 set
719 448 239 85 No
838 448 239 85 33
958 448 239 85 af
1077 448 438 85 stadens
1396 448 319 85 11te
1595 448 359 85 rote,
1834 448 279 85 har
1994 448 279 85 den
2153 448 239 85 31
2233 448 239 85 den¬-

551 546 342 112 nes
747 546 488 112 anmält
1088 546 342 112 att
1284 546 391 112 från
1528 546 440 112 henne
1821 546 586 112 Lördagen
2212 546 244 112 den

530 666 337 116 17
698 666 281 116 i
811 666 506 116 samma
1148 666 506 116 månad
1486 666 337 116 på
1655 666 619 116 aftonen
2105 666 337 116 ur
2217 666 225 116 en

539 790 421 101 olåst
820 790 468 101 skrubb
1147 790 234 101 i
1241 790 468 101 nämnde
1568 790 327 101 hus
1755 790 701 101 tillgripits
2269 790 187 101 en

562 896 787 93 kopparkastrull
1218 896 350 93 värd
1437 896 262 93 10
1524 896 394 93 kronor.

633 1022 316 92 Den
813 1022 271 92 21
949 1022 451 92 dennes
1264 1022 316 92 har
1445 1022 857 92 Poliskonstapeln
2166 1022 271 92 No
2257 1022 135 92 8

541 1138 539 96 Thunberg
945 1138 539 96 anhållit
1349 1138 314 96 för
1529 1138 404 96 andra
1798 1138 404 96 resan
2023 1138 449 96 snatteri

536 1250 599 100 straffade
997 1250 507 100 Hustrun
1366 1250 415 100 Maria
1642 1250 599 100 Magdalena
2057 1250 461 100 Berndts¬-

539 1360 376 108 son,
774 1360 376 108 utan
1009 1360 518 108 bestämd
1386 1360 518 108 bostad,
1762 1360 282 108 då
1903 1360 329 108 hon
2092 1360 235 108 å
2139 1360 329 108 fisk¬-

541 1479 489 93 torget
884 1479 391 93 till
1128 1479 391 93 salu
1373 1479 587 93 utbjudit
1764 1479 636 93 ifrågakomne

527 1586 916 89 kopparkastrull
1290 1586 356 89 och
1494 1586 356 89 har
1698 1586 662 89 Berdtsson
2156 1586 254 89 vid

530 1694 308 98 det
706 1694 308 98 med
882 1694 396 98 henne
1145 1694 571 98 anställde
1585 1694 440 98 förhör
1893 1694 527 98 vidgått,
2244 1694 220 98 att

529 1806 326 108 hon
716 1806 559 108 Lördagen
1135 1806 326 108 den
1322 1806 280 108 17
1462 1806 466 108 dennes
1788 1806 280 108 på
1928 1806 513 108 aftonen
2254 1806 140 108 i

532 1916 461 108 afsigt
855 1916 323 108 att
1039 1916 461 108 bettla
1362 1916 461 108 ingått
1684 1916 231 108 i
1731 1916 645 108 ofvanberörde

542 2040 324 96 hus
727 2040 324 96 och
912 2040 278 96 då
1051 2040 278 96 ur
1190 2040 278 96 en
1329 2040 417 96 olåst
1607 2040 463 96 skrubb
1885 2040 509 96 derstädes

529 2149 685 94 tillgripit
1067 2149 685 94 kastrullen
1605 2149 342 94 med
1801 2149 538 94 hvilken
2143 2149 245 94 hon

518 2260 549 104 begifvit
930 2260 320 104 sig
1113 2260 366 104 till
1342 2260 503 104 Hustrun
1708 2260 595 104 Christina
2120 2260 275 104 Bro¬-

522 2380 396 92 man,
770 2380 495 92 boende
1117 2380 248 92 i
1216 2380 446 92 huset
1513 2380 297 92 No
1661 2380 297 92 68
1810 2380 297 92 af
1909 2380 495 92 majornas

505 2510 437 96 3dje
779 2510 437 96 rote
1052 2510 383 96 och
1271 2510 383 96 der
1489 2510 547 96 lemnat
1817 2510 547 96 densamma

514 2630 251 98 i
614 2630 501 98 förvar
965 2630 401 98 till
1215 2630 351 98 den
1416 2630 301 98 21
1566 2630 501 98 dennes
1917 2630 301 98 då
2067 2630 351 98 hon
2218 2630 150 98 i

547 2736 472 112 afsigt
877 2736 330 112 att
1066 2736 566 112 försälja
1490 2736 661 112 kastrullen
1962 2736 472 112 begifvit

522 2858 321 116 sig
706 2858 367 116 till
889 2858 597 116 fisktorget.

607 2997 590 76 Kastullen
1060 2997 318 76 har
1242 2997 499 76 blifvit
1605 2997 363 76 till
1832 2997 454 76 egaren
2104 2997 318 76 åter¬-

470 3102 404 92 lemnad.

592 3228 275 104 På
730 3228 413 104 grund
1005 3228 275 104 af
1142 3228 367 104 hvad
1372 3228 504 104 sålunda
1738 3228 642 104 förekommit
2197 3228 275 104 kom¬-

514 3341 334 100 mer
705 3341 429 100 Maria
991 3341 620 100 Magdalena
1468 3341 668 100 Berndtsson
1993 3341 334 100 att
2136 3341 286 100 den¬-

547 3449 273 88 na
683 3449 318 88 dag
865 3449 318 88 för
1046 3449 772 88 Poliskammaren
1637 3449 545 88 inställas.

953 3568 583 86 Göteborg
1391 3568 340 86 den
1585 3568 292 86 28
1731 3568 535 86 Januari
2072 3568 340 86 1880.

190 3670 224 58 No
264 3670 150 58 16

107 3762 236 55 Gustaf
249 3762 189 55 Alfred

111 3827 348 51 Andreasson
360 3827 199 51 Ljung¬-

113 3874 137 51 berg.

608 3714 760 110 Poliskonstapeln
1248 3714 240 110 No
1368 3714 240 110 97
1488 3714 440 110 Löfgren
1808 3714 280 110 har
1968 3714 360 110 sist.
2168 3714 240 110 natt

2803 315 386 93 efter
3060 315 472 93 anmälan
3403 315 257 93 af
3532 315 900 93 jernvägsarbetaren
4303 315 386 93 Johan
4518 315 214 93 An¬-

2796 431 522 97 dersson,
3188 431 435 97 boende
3493 431 218 97 i
3580 431 392 97 huset
3841 431 261 97 No
3972 431 261 97 27
4102 431 261 97 D.
4233 431 305 97 vid
4363 431 305 97 Lång¬-

2782 541 414 89 gatan
3058 541 230 89 i
3150 541 783 89 Landalabergen
3795 541 368 89 inom
4025 541 507 89 Örgryte
4348 541 368 89 socken

2794 649 481 89 anhållit
3155 649 281 89 för
3315 649 401 89 första
3596 649 361 89 resan
3836 649 361 89 stöld
4077 649 521 89 straffade
4437 649 241 89 för¬-

2794 755 240 95 re
2914 755 679 95 artilleristen
3473 755 400 95 Gustaf
3753 755 400 95 Alfred
4033 755 559 95 Andreasson
4432 755 320 95 Ljung¬-

2775 863 404 93 berg,
3045 863 314 93 för
3224 863 314 93 det
3404 863 314 93 han
3583 863 539 93 Lördagen
3987 863 314 93 den
4167 863 269 93 24
4257 863 359 93 dennes

2787 969 439 99 genom
3080 969 342 99 att
3275 969 537 99 begagna
3666 969 439 99 falsk
3959 969 488 99 nyckel
4252 969 390 99 beredt

2784 1077 291 105 sig
2951 1077 457 105 inträde
3283 1077 208 105 i
3366 1077 581 105 Anderssons
3822 1077 415 105 bostad
4113 1077 291 105 och
4279 1077 291 105 der
4403 1077 291 105 till¬-

2785 1191 487 103 gripit
3126 1191 487 103 tvänne
3468 1191 341 103 blå
3663 1191 341 103 och
3857 1191 731 103 hvitrandiga
4394 1191 292 103 bom¬-

2782 1297 711 105 ullsskjortor
3359 1297 400 105 värde
3625 1297 622 105 tillsammas
4114 1297 222 105 4
4158 1297 400 105 kronor.

2861 1409 327 101 Wid
3048 1409 327 101 det
3235 1409 327 101 med
3422 1409 607 101 Ljungberg
3888 1409 233 101 i
3982 1409 607 101 anledning
4402 1409 280 101 här¬-

2745 1529 256 109 af
2873 1529 554 109 anstallde
3300 1529 426 109 förhör
3598 1529 298 109 har
3769 1529 298 109 han
3939 1529 512 109 vidgått,
4323 1529 298 109 att
4451 1529 213 109 han

2733 1641 382 113 som
2952 1641 436 113 bott
3224 1641 273 113 i
3333 1641 491 113 samma
3660 1641 382 113 rum
3878 1641 382 113 som
4042 1641 654 113 målsegaren

2734 1770 600 86 Lördagen
3184 1770 350 86 den
3384 1770 300 86 24
3534 1770 500 86 dennes
3884 1770 300 86 på
3984 1770 650 86 förmiddagen

2744 1867 502 115 beredt
3095 1867 351 115 sig
3296 1867 552 115 inträde
3697 1867 351 115 dit
3898 1867 451 115 genom
4199 1867 351 115 att
4349 1867 301 115 från

2774 1979 276 107 en
2912 1979 414 107 annan
3188 1979 368 107 dörr
3417 1979 230 107 i
3509 1979 414 107 samma
3785 1979 551 107 förstuga
4199 1979 368 107 taga
4382 1979 276 107 nyc¬-

2742 2092 368 102 keln
2972 2092 322 102 och
3156 2092 461 102 dermed
3479 2092 507 102 upplåsa
3847 2092 461 102 dörren
4170 2092 368 102 samt
4354 2092 230 102 att

2754 2198 308 92 han
2930 2198 528 92 derefter
3326 2198 616 92 tillgripit
3810 2198 660 92 ifrågakomne
4294 2198 352 92 skjor¬-

2750 2316 383 78 ter,
2989 2316 478 78 hvilka
3324 2316 335 78 han
3516 2316 431 78 samma
3803 2316 335 78 dag
3994 2316 574 78 pantsatt
4377 2316 239 78 hos

2747 2417 861 92 pantlånerskan
3457 2417 608 92 Gustafva
3913 2417 405 92 Sand
4166 2417 253 92 i
4267 2417 456 92 huset

2738 2527 288 84 No
2882 2527 336 84 113
3074 2527 240 84 å
3170 2527 624 84 Hagaheden
3650 2527 336 84 för
3842 2527 288 84 75
3938 2527 288 84 öre.

2847 2640 271 96 På
2982 2640 407 96 grund
3254 2640 271 96 af
3389 2640 362 96 hvad
3615 2640 497 96 sålunda
3977 2640 633 96 förekommit
4429 2640 271 96 kom¬-

2740 2739 310 82 mer
2917 2739 443 82 Gustaf
3227 2739 443 82 Alfred
3538 2739 621 82 Andreasson
4025 2739 576 82 Ljungberg
4424 2739 222 82 att

2725 2830 420 96 denna
3005 2830 326 96 dag
3192 2830 326 96 för
3378 2830 326 96 Pkn
3565 2830 653 96 inställas.
4078 2830 560 96 Göteborg
4451 2830 233 96 den

2743 2939 281 88 26
2884 2939 514 88 Januari
3211 2939 327 88 1880.

4656 3053 248 54 No
4738 3053 166 54 17

4676 3158 224 67 Johan
4800 3158 199 67 Ferdi¬-

4679 3210 199 56 nand
4779 3210 249 56 Eriksson

4674 3265 149 58 och
4759 3265 213 58 Gustaf
4887 3265 128 58 Emil

4644 3314 300 68 Andersson
4852 3314 161 68 Krans

2860 3117 378 93 Förre
3112 3117 883 93 Kronoarbetskarlen
3869 3117 378 93 Peter
4121 3117 463 93 Wilhelm
4416 3117 252 93 Sjö¬-

2723 3258 360 62 man
2928 3258 360 62 har
3134 3258 618 62 Lördagen
3597 3258 360 62 den
3803 3258 309 62 24
3958 3258 515 62 dennes
4266 3258 412 62 anmält

2718 3351 324 107 att
2903 3351 417 107 sedan
3181 3351 324 107 han
3366 3351 417 107 samma
3644 3351 324 107 dag
3829 3351 278 107 på
3968 3351 556 107 morgonen
4338 3351 278 107 fri¬-

2729 3467 453 95 gifvits
3058 3467 371 95 efter
3306 3467 288 95 att
3470 3467 371 95 hafva
3718 3467 206 95 å
3800 3467 577 95 härvarande
4212 3467 412 95 cellfän¬-

2728 3569 434 103 gelse
3017 3569 627 103 undergått
3499 3569 434 103 honom
3788 3569 434 103 ådömt
4078 3569 530 103 allmänt
4415 3569 241 103 ar¬-

2711 3679 360 103 bete
2936 3679 315 103 och
3116 3679 450 103 dervid
3430 3679 539 103 erhållit
3835 3679 315 103 sin
4015 3679 584 103 besparade
4419 3679 225 103 ar¬
