4951 4074
440 206 233 180 och
573 206 400 180 grädden,
873 206 300 180 under
1072 206 400 180 uppgift,
1372 206 233 180 att
1505 206 233 180 det
1638 206 499 180 tillsammans
2038 206 266 180 vore
2171 206 233 180 värdt

422 335 315 158 fyra
579 335 355 158 Kronor.

647 383 382 204 Flaskan
925 383 243 204 med
1064 383 382 204 grädden
1342 383 208 204 är
1446 383 278 204 till
1619 383 486 204 Målsegaren
1967 383 451 204 återlemnad.

526 510 206 147 På
629 510 309 147 grund
835 510 206 147 af
938 510 275 147 hvad
1110 510 378 147 sålunda
1385 510 516 147 förekommit,
1797 510 206 147 är
1900 510 309 147 enkan
2107 510 275 147 Anna
2244 510 172 147 Ma¬-

428 653 229 168 ria
559 653 262 168 Falk
723 653 328 168 kallad
953 653 262 168 till
1116 653 492 168 inställelse
1510 653 295 168 inför
1706 653 229 168 Pkn
1837 653 295 168 denna
2001 653 197 168 dag.

681 760 490 168 Göteborg
1048 760 286 168 den
1212 760 245 168 24
1334 760 286 168 Maj
1456 760 286 168 1880.

69 859 261 134 No
155 859 261 134 122.

57 1009 317 110 Christina
276 1009 171 110 Bern¬-

61 1100 251 86 hardina
221 1100 251 86 Andersson

58 1162 158 69 och
149 1162 226 69 Anders
284 1162 158 69 Johan

68 1214 248 132 Andersson
239 1214 210 132 Blomberg.

521 891 147 168 I
579 891 410 168 skrifvelse
902 891 176 168 af
990 891 205 168 den
1107 891 176 168 18
1195 891 293 168 dennes
1400 891 205 168 har
1517 891 703 168 FattgvårdsStyrelsen,
2133 891 205 168 för
2220 891 147 168 den

463 1009 308 168 åtgärd
679 1009 523 168 Poliskammaren
1110 1009 277 168 kunde
1295 1009 277 168 finna
1479 1009 369 168 lämpligt
1756 1009 369 168 vidtaga,
2003 1009 400 168 öfverlemnat

450 1115 199 144 ett
563 1115 171 144 af
649 1115 427 144 Kamereraren
990 1115 199 144 vid
1104 1115 455 144 Fattigvården
1473 1115 228 144 till
1616 1115 370 144 Styrelsen
1900 1115 341 144 ingifvit
2128 1115 284 144 memorial

448 1201 259 172 jemte
621 1201 230 172 deri
765 1201 403 172 omförmälde
1082 1201 288 172 falska
1283 1201 288 172 intyg,
1485 1201 288 172 hvilka
1686 1201 403 172 handlingar
2003 1201 202 172 har
2089 1201 317 172 vidfogas.

574 1317 148 148 I
634 1317 384 148 anledning
929 1317 266 148 häraf
1106 1317 207 148 har
1224 1317 295 148 ogifta
1431 1317 384 148 Christina
1727 1317 443 148 Bernhardina
2052 1317 354 148 Andersson,

441 1415 176 179 nu
529 1415 293 179 boende
734 1415 146 179 i
792 1415 264 179 huset
968 1415 176 179 No
1056 1415 146 179 1
1114 1415 205 179 wid
1232 1415 264 179 Lilla
1407 1415 469 179 Landalagatan
1788 1415 322 179 blifvit
2022 1415 264 179 hörd,
2169 1415 205 179 hvar¬-

452 1528 206 196 vid
569 1528 206 196 hon
687 1528 382 196 uppgifvit
981 1528 206 196 att
1099 1528 294 196 hennes
1305 1528 382 196 gossebarn
1599 1528 235 196 Axel
1746 1528 382 196 Bernhard,
2040 1528 206 196 som
2158 1528 176 196 är
2217 1528 176 196 född

444 1625 185 150 år
537 1625 278 150 1876,
722 1625 278 150 sedan
908 1625 216 150 det
1031 1625 216 150 var
1155 1625 155 150 7
1217 1625 340 150 månader
1464 1625 371 150 gammalt,
1742 1625 278 150 varit
1896 1625 464 150 utackorderadt

445 1745 206 182 för
562 1745 236 182 åtta
710 1745 295 182 Kronor
916 1745 147 182 i
975 1745 324 182 månaden
1211 1745 236 182 till
1359 1745 354 182 Torparen
1624 1745 295 182 Anders
1831 1745 324 182 Larsson
2067 1745 147 182 å
2096 1745 236 182 torpet

452 1867 281 122 Långås
649 1867 141 122 i
705 1867 281 122 Sätila
902 1867 281 122 socken
1099 1867 253 122 Marks
1268 1867 281 122 härad;
1465 1867 197 122 att
1578 1867 197 122 hon
1690 1867 253 122 under
1859 1867 169 122 de
1944 1867 197 122 två
2056 1867 253 122 sista
2197 1867 169 122 åren

434 1952 256 170 från
594 1952 448 170 härvarande
946 1952 448 170 Fattigvård
1298 1952 288 170 såsom
1490 1952 416 170 understöd
1810 1952 224 170 för
1938 1952 352 170 gossens
2162 1952 192 170 upp¬-

443 2076 368 156 fostran
710 2076 401 156 åtnjutit
1011 2076 234 156 Två
1144 2076 334 156 Kronor
1378 2076 167 156 i
1445 2076 401 156 månaden;
1746 2076 234 156 att
1879 2076 234 156 hon
2013 2076 234 156 för
2113 2076 234 156 utbe¬-

449 2164 409 181 kommande
755 2164 204 181 af
858 2164 306 181 dessa
1062 2164 443 181 penningar
1402 2164 306 181 sist.
1607 2164 409 181 December
1913 2164 306 181 månad
2118 2164 204 181 af
2186 2164 204 181 ord¬-

450 2288 434 184 föranden
775 2288 181 184 i
848 2288 362 184 Sätila
1101 2288 434 184 Kommunal
1427 2288 326 184 nämnd
1644 2288 434 184 Johannes
1969 2288 362 184 Olsson
2186 2288 181 184 be¬-

439 2386 249 219 gärt
595 2386 218 219 och
719 2386 374 219 erhållit
1000 2386 218 219 ett
1124 2386 280 219 intyg
1311 2386 311 219 derom,
1529 2386 218 219 att
1654 2386 311 219 gossen
1872 2386 280 219 lefde
2059 2386 218 219 och
2152 2386 218 219 fort¬-

438 2539 365 166 farande
703 2539 398 166 vårdades
1002 2539 232 166 hos
1135 2539 332 166 Anders
1367 2539 398 166 Larsson;
1666 2539 232 166 att
1799 2539 199 166 då
1898 2539 232 166 hon
2031 2539 299 166 någon
2197 2539 166 166 dag

421 2623 378 157 derefter
704 2623 189 157 på
798 2623 346 157 obekant
1050 2623 252 157 sätt
1208 2623 378 157 förlorat
1491 2623 378 157 intyget,
1774 2623 220 157 hon
1900 2623 346 157 omtalat
2121 2623 220 157 detta

439 2750 206 178 för
556 2750 499 178 Artilleristen
967 2750 206 178 vid
1085 2750 206 178 4de
1202 2750 264 178 Batt.
1379 2750 176 178 af
1467 2750 294 178 Kongl.
1672 2750 235 178 Göta
1819 2750 382 178 Artilleri
2084 2750 264 178 regemte

421 2855 195 171 No
518 2855 195 171 75
615 2855 325 171 Anders
843 2855 292 171 Johan
1038 2855 422 171 Andersson
1363 2855 390 171 Blomberg
1655 2855 227 171 och
1785 2855 260 171 bedt
1948 2855 292 171 honom
2110 2855 260 171 skrif¬-

436 2982 184 155 va
528 2982 245 155 till
681 2982 367 155 Johannes
957 2982 306 155 Olsson
1171 2982 214 155 för
1294 2982 429 155 erhållande
1630 2982 184 155 af
1722 2982 214 155 ett
1845 2982 245 155 nytt
1998 2982 306 155 intyg,
2181 2982 184 155 samt

435 3047 210 199 att
555 3047 361 199 Blomberg
826 3047 180 199 då
916 3047 361 199 erbjudit
1186 3047 210 199 sig
1306 3047 210 199 att
1427 3047 270 199 sjelf
1607 3047 331 199 skrifva
1847 3047 210 199 ett
1967 3047 300 199 dylikt
2148 3047 210 199 intyg

430 3142 217 195 och
554 3142 466 195 derpåföljde
927 3142 217 195 dag
1051 3142 249 195 till
1207 3142 373 195 Blomberg
1486 3142 311 195 lemnat
1704 3142 217 195 ett
1828 3142 186 195 af
1921 3142 280 195 honom
2107 3142 155 195 i
2138 3142 249 195 Anders

420 3276 411 192 Johannes
728 3276 377 192 Olssons
1002 3276 274 192 namn
1173 3276 411 192 skrifvet
1481 3276 342 192 intyg,
1721 3276 240 192 som
1858 3276 240 192 hon
1994 3276 274 192 dock
2131 3276 240 192 nekat

437 3382 385 187 mottaga,
726 3382 224 187 men
854 3382 224 187 att
982 3382 192 187 då
1078 3382 224 187 hon
1207 3382 192 187 af
1303 3382 385 187 Blomberg
1591 3382 353 187 blifvit
1848 3382 449 187 öfvertygad
2169 3382 160 187 att

449 3539 233 136 det
582 3539 267 136 vore
749 3539 267 136 lika
915 3539 233 136 med
1049 3539 233 136 det
1182 3539 200 136 af
1282 3539 400 136 Johannes
1582 3539 333 136 Olsson
1815 3539 467 136 utfärdade,
2148 3539 167 136 hon

430 3624 400 180 mottagit
730 3624 233 180 och
863 3624 400 180 inlemnat
1163 3624 400 180 detsamma
1463 3624 167 180 å
1530 3624 567 180 Fattigvården,
1963 3624 367 180 hvarefter

2548 186 235 203 hon
2683 186 402 203 erhållit
2984 186 235 203 det
3118 186 302 203 henne
3320 186 436 203 beviljade
3655 186 503 203 understödet
4057 186 235 203 för
4158 186 335 203 December

2490 365 401 142 månad.

2672 404 573 203 Artilleristen
3144 404 337 203 Anders
3380 404 303 203 Johan
3582 404 438 203 Andersson
3919 404 438 203 Blomberg,
4222 404 303 203 hvilken

2549 497 309 237 jemväl
2766 497 340 237 blifvit
3013 497 278 237 hörd,
3198 497 216 237 har
3322 497 402 237 berättat,
3631 497 216 237 att
3755 497 216 237 han
3879 497 155 237 i
3941 497 309 237 början
4157 497 186 237 af
4250 497 278 237 sist.
4404 497 155 237 De¬-

2568 616 334 191 cember,
2810 616 243 191 från
2962 616 243 191 sina
3114 616 425 191 föräldrar,
3447 616 303 191 hvilka
3659 616 334 191 vårdade
3902 616 394 191 Christina
4175 616 364 191 Anderssons

2566 749 260 182 barn,
2739 749 346 182 erhållit
2999 749 202 182 ett
3115 749 231 182 bref
3259 749 202 182 med
3374 749 202 182 ett
3490 749 173 182 af
3576 749 346 182 Johannes
3836 749 289 182 Olsson
4038 749 144 182 i
4096 749 289 182 Sätila
4269 749 231 182 socken

2568 864 378 220 utfärdadt
2859 864 291 220 intyg,
3063 864 204 220 att
3179 864 407 220 Anderssons
3499 864 233 220 barn
3645 864 262 220 lefde
3819 864 204 220 och
3936 864 349 220 vårdades
4198 864 204 220 hos
4285 864 233 220 Anders

2556 1004 352 174 Larsson
2812 1004 160 174 å
2876 1004 320 174 Torpet
3101 1004 352 174 Långås;
3357 1004 224 174 att
3485 1004 224 174 han
3613 1004 320 174 genast
3837 1004 320 174 lemnat
4062 1004 384 174 detsamma
4318 1004 192 174 till

2570 1114 372 148 Christina
2857 1114 401 148 Andersson,
3171 1114 315 148 hvilken
3400 1114 258 148 några
3572 1114 258 148 dagar
3743 1114 343 148 derefter
4001 1114 315 148 träffat
4201 1114 315 148 Andersson

2565 1220 230 149 och
2696 1220 361 149 omtalat
2959 1220 230 149 det
3090 1220 230 149 han
3221 1220 328 149 tappat
3451 1220 361 149 intyget
3713 1220 230 149 och
3844 1220 262 149 bedt
4008 1220 295 149 honom
4172 1220 295 149 skrifva

2568 1321 241 189 till
2718 1321 361 189 Johannes
2989 1321 301 189 Olsson
3200 1321 211 189 för
3320 1321 421 189 erhållande
3651 1321 181 189 af
3742 1321 211 189 ett
3862 1321 241 189 nytt
4012 1321 331 189 sådant;
4253 1321 211 189 att
4344 1321 150 189 han

2572 1403 187 232 då
2665 1403 373 232 erbjudit
2945 1403 280 232 henne
3132 1403 342 232 skrifva
3381 1403 218 232 ett
3505 1403 342 232 dylikt,
3754 1403 249 232 enär
3910 1403 249 232 han,
4065 1403 218 232 som
4190 1403 280 232 förut
4345 1403 156 232 ge¬-

2561 1518 366 206 nomläst
2827 1518 233 206 det
2960 1518 199 206 af
3059 1518 332 206 Olsson
3292 1518 432 206 utfärdade
3624 1518 399 206 intyget,
3923 1518 332 206 visste
4156 1518 266 206 hvad
4289 1518 199 206 det¬-

2546 1636 309 209 samma
2752 1636 515 209 innehållit;
3164 1636 240 209 att
3301 1636 240 209 han
3438 1636 309 209 derpå
3645 1636 412 209 skrifvit
3954 1636 515 209 ifrågakomne
4331 1636 172 209 in¬-

2562 1745 269 210 tyg,
2731 1745 235 210 som
2865 1745 235 210 han
3000 1745 336 210 lemnat
3235 1745 269 210 till
3403 1745 471 210 Andersson,
3773 1745 370 210 hvarvid
4042 1745 235 210 han
4177 1745 235 210 för
4278 1745 235 210 henne

2566 1883 383 184 omtalat
2845 1883 244 184 det
2984 1883 244 184 han
3123 1883 313 184 sjelf
3332 1883 418 184 skrifvit
3645 1883 452 184 detsamma;
3993 1883 278 184 samt
4167 1883 244 184 att
4271 1883 174 184 han

2566 1977 281 188 till
2741 1977 210 188 en
2847 1977 351 188 början
3092 1977 316 188 nekat
3303 1977 386 188 mottaga
3583 1977 246 188 och
3723 1977 386 188 använda
4004 1977 421 188 intyget,
4285 1977 175 188 men

2568 2089 195 202 då
2666 2089 228 202 han
2796 2089 455 202 öfvertygat
3154 2089 325 202 henne,
3382 2089 228 202 att
3512 2089 228 202 det
3642 2089 260 202 vore
3805 2089 260 202 lika
3967 2089 228 202 med
4098 2089 228 202 det
4228 2089 195 202 af
4293 2089 195 202 Ols¬-

2569 2213 237 174 son
2704 2213 473 174 utfärdade,
3076 2213 439 174 slutligen
3414 2213 405 174 mottagit
3684 2213 372 174 detsamma.

2731 2308 208 182 På
2835 2308 312 182 grund
3044 2308 312 182 häraf
3252 2308 208 182 är
3356 2308 451 182 Christina
3703 2308 520 182 Bernhardina
4084 2308 382 182 Andersson

2555 2442 323 172 kallad
2781 2442 259 172 till
2943 2442 485 172 inställelse
3331 2442 291 172 inför
3525 2442 226 172 Pkn
3654 2442 291 172 denna
3848 2442 259 172 dag,
4009 2442 420 172 hvarjemte
4300 2442 162 172 Ar¬-

2564 2564 465 156 tilleristen
2936 2564 310 156 Anders
3154 2564 279 156 Johan
3340 2564 403 156 Andersson
3650 2564 372 156 Blomberg
3929 2564 186 156 är
4023 2564 434 156 reqvirerad
4333 2564 155 156 att

2582 2639 372 192 jemväl
2842 2639 447 192 närvara.
3177 2639 447 192 Göteborg
3512 2639 261 192 den
3661 2639 223 192 26
3773 2639 261 192 Maj
3884 2639 261 192 1880.

4484 2783 245 100 No
4566 2783 245 100 123.

4458 2864 248 190 Johan
4596 2864 248 190 Olsson.

2663 2766 626 189 Poliskonstapeln
3190 2766 198 189 No
3289 2766 198 189 32
3387 2766 428 189 Andersson
3717 2766 230 189 har
3848 2766 395 189 Lördagen
4145 2766 230 189 den
4276 2766 198 189 29
4342 2766 132 189 ds

2557 2895 194 154 kl
2654 2895 162 154 5
2718 2895 259 154 e.m.
2880 2895 291 154 efter
3075 2895 356 154 anmälan
3333 2895 194 154 af
3431 2895 453 154 Handlanden
3787 2895 194 154 P.
3884 2895 356 154 Fitger,
4143 2895 324 154 boende
4337 2895 97 154 i

2573 2982 293 209 huset
2769 2982 195 209 No
2866 2982 195 209 16
2964 2982 228 209 vid
3094 2982 651 209 Qvarnbergsgatan,
3648 2982 391 209 anhållit
3941 2982 293 209 förre
4103 2982 391 209 Timmerman¬-

2557 3105 221 197 nen
2684 3105 284 197 Johan
2873 3105 348 197 Olsson,
3126 3105 316 197 boende
3348 3105 158 197 i
3411 3105 284 197 huset
3601 3105 190 197 No
3695 3105 158 197 7
3759 3105 221 197 vid
3885 3105 411 197 Enggatan,
4201 3105 221 197 för
4296 3105 158 197 det

2550 3223 231 160 han
2682 3223 264 160 kort
2847 3223 297 160 förut
3045 3223 198 160 ur
3143 3223 198 160 en
3242 3223 297 160 olåst
3440 3223 330 160 tambur
3671 3223 165 160 i
3737 3223 363 160 Fitgers
4000 3223 297 160 ofvan
4165 3223 297 160 uppgif¬-

2556 3332 191 155 na
2652 3332 318 155 bostad
2874 3332 446 155 tillgripit
3225 3332 191 155 en
3320 3332 318 155 Fitger
3543 3332 414 155 tillhörig
3861 3332 605 155 sommaröfverrock
4339 3332 127 155 af

2548 3462 286 194 blått
2739 3462 222 194 tyg
2866 3462 222 194 med
2993 3462 286 194 svart
3183 3462 444 194 klotfoder,
3532 3462 254 194 värd
3691 3462 190 194 10
3754 3462 286 194 Kronor.

2744 3560 321 173 Olsson
2969 3560 225 173 har
3097 3560 225 173 vid
3226 3560 225 173 det
3354 3560 225 173 med
3482 3560 289 173 honom
3675 3560 417 173 anställda
3996 3560 321 173 förhör
4189 3560 289 173 uppgif¬-

2554 3706 241 137 vit,
2705 3706 211 137 att
2825 3706 241 137 han,
2976 3706 211 137 som
3096 3706 181 137 en
3187 3706 301 137 längre
3398 3706 211 137 tid
3518 3706 271 137 varit
3699 3706 241 137 utan
3850 3706 332 137 arbete,
4061 3706 422 137 ofvanberörde
