5035 4071
422 209 365 183 till
651 209 548 183 ändring,
1062 209 320 183 men
1245 209 228 183 i
1336 209 503 183 stället
1701 209 228 183 i
1793 209 594 183 Jönköping
2204 209 274 183 pant

434 320 359 166 satt
659 320 449 166 rocken
973 320 315 166 och
1153 320 539 166 derefter
1557 320 584 166 tillsandt
1962 320 494 166 Stenberg,

348 430 389 145 jemte

644 411 218 69 ett

736 429 652 169 pantqvitto,
1257 429 565 169 utfärdadt
1692 429 304 169 vid
1866 429 478 169 rockens
2171 429 304 169 pant¬-

423 537 668 159 sättande,
937 537 720 159 förenämnde
1502 537 514 159 vexel,
1810 537 617 159 antagligen

434 644 338 140 att
627 644 579 140 användas
1061 644 338 140 för
1254 644 531 140 rockens
1640 644 675 140 utlösande;
2122 644 241 140 att

416 751 348 147 han
615 751 547 147 hvarken
1013 751 448 147 kunde
1312 751 448 147 eller
1610 751 498 147 ansåge
1959 751 348 147 sig
2108 751 348 147 skyl¬-

421 856 367 175 dig
630 856 629 175 redogöra
1102 856 367 175 för
1311 856 419 175 huru
1573 856 524 175 mycket
1888 856 576 175 penningar

419 965 376 187 han
634 965 699 187 innehaft,
1172 965 323 187 då
1333 965 376 187 han
1549 965 376 187 den
1764 965 323 187 23
1925 965 430 187 Juni
2140 965 269 187 an¬-

437 1083 330 147 kom
626 1083 377 147 till
861 1083 519 147 Sköfde,
1239 1083 330 147 att
1427 1083 330 147 det
1616 1083 660 147 emellertid
2088 1083 330 147 varit

422 1181 299 178 så
572 1181 498 178 mycket
920 1181 349 178 att
1120 1181 349 178 han
1319 1181 548 178 "kunnat
1718 1181 399 178 reda
1967 1181 448 178 sig";
2216 1181 249 178 att

432 1284 358 161 han
636 1284 409 161 icke
892 1284 358 161 vid
1097 1284 921 161 midsommartiden
1864 1284 358 161 och
2018 1284 460 161 således

456 1427 404 141 icke
708 1427 505 141 heller
1062 1427 354 141 den
1264 1427 303 141 25
1415 1427 404 141 Juni
1668 1427 253 141 i
1769 1427 606 141 Tidaholm
2173 1427 253 141 in¬-

422 1483 535 180 nehaft
797 1483 482 180 någon
1118 1483 482 180 sedel
1440 1483 268 180 å
1547 1483 375 180 100
1761 1483 375 180 Kr,
1975 1483 375 180 som
2135 1483 268 180 han

436 1588 502 214 lemnat
787 1588 352 214 sin
988 1588 553 214 hustru;
1390 1588 352 214 att
1591 1588 352 214 han
1792 1588 502 214 natten
2093 1588 352 214 efter

443 1711 326 135 det
630 1711 745 135 visitationen
1235 1711 419 135 skett
1515 1711 373 135 icke
1748 1711 559 135 uppbränt
2120 1711 280 135 vore

443 1803 373 167 sig
656 1803 480 167 några
976 1803 533 167 vexlar
1349 1803 480 167 eller
1669 1803 480 167 andra
1935 1803 480 167 papper;

435 1918 332 146 att
624 1918 332 146 han
814 1918 380 146 icke
1052 1918 570 146 innehaft
1479 1918 332 146 och
1669 1918 380 146 till
1858 1918 570 146 Skaraborgs

430 2020 434 170 läns
701 2020 488 170 Ensk.
1026 2020 488 170 Banks
1352 2020 1085 170 afdelningskontor
2219 2020 163 170 i

434 2116 499 182 Sköfde
784 2116 549 182 försålt
1183 2116 350 182 den
1383 2116 300 182 af
1533 2116 649 182 Dahlström
2032 2116 250 182 i
2082 2116 350 182 Gefte

462 2223 420 149 Köpte
742 2223 467 149 vexeln
1069 2223 233 149 å
1163 2223 280 149 28
1303 2223 280 149 Kr
1443 2223 280 149 40
1583 2223 373 149 öre;
1816 2223 373 149 samt
2050 2223 327 149 att
2190 2223 233 149 han

424 2327 257 191 i
526 2327 669 191 Stenstorp
1041 2327 412 191 till
1298 2327 360 191 Ida
1504 2327 566 191 Bergman
1916 2327 412 191 icke
2121 2327 309 191 ytt¬-

434 2464 386 175 rat
655 2464 497 175 annat
986 2464 607 175 rörande
1427 2464 442 175 sine
1648 2464 828 175 penningsange¬-

428 2570 724 207 lägenheter
997 2570 310 207 än
1153 2570 362 207 att
1360 2570 414 207 han,
1618 2570 362 207 som
1825 2570 517 207 gifvit
2136 2570 310 207 hen¬-

445 2673 320 188 ne
605 2673 480 188 något
925 2673 1121 188 drickespenningar,
1886 2673 427 188 bedt
2099 2673 374 188 henne

453 2781 381 167 icke
691 2781 476 167 omtala
1024 2781 428 167 detta
1310 2781 333 167 för
1500 2781 476 167 hustru
1786 2781 523 167 Stenberg.

494 2897 386 192 Sedan
751 2897 514 192 Stenberg
1137 2897 514 192 härefter
1522 2897 514 192 erhållit
1908 2897 300 192 del
2079 2897 257 192 af
2165 2897 300 192 Glas¬-

418 3000 603 184 mästaren
870 3000 653 184 Wahlgrens
1373 3000 352 184 här
1574 3000 452 184 ofvan
1875 3000 553 184 intagne
2227 3000 251 184 be¬-

429 3108 618 180 rättelse
892 3108 618 180 äfvensom
1356 3108 309 180 af
1510 3108 361 180 Ida
1716 3108 618 180 Bergmans
2128 3108 309 180 upp¬-

444 3210 376 179 gift
679 3210 423 179 derom
961 3210 329 179 att
1149 3210 564 179 Stenberg
1573 3210 282 179 på
1714 3210 470 179 natten
1996 3210 470 179 uppbränt

428 3320 518 168 papper,
805 3320 518 168 vidgick
1182 3320 565 168 Stenberg
1606 3320 424 168 såväl
1889 3320 330 168 att
2077 3320 330 168 han
2218 3320 236 168 in¬-

418 3413 504 183 nehaft
770 3413 504 183 jemväl
1123 3413 302 183 de
1274 3413 353 183 två
1476 3413 302 183 af
1627 3413 605 183 Wahlgren
2030 3413 403 183 omför¬-

437 3526 452 136 mälde
738 3526 652 136 vexlarne,
1240 3526 502 136 hvilka
1591 3526 351 136 han
1792 3526 301 136 nu
1942 3526 401 136 sade
2143 3526 251 136 sig

435 3624 675 156 äfvenledes
965 3624 482 156 hlafva
1302 3624 289 156 af
1447 3624 627 156 Dahlström
1881 3624 530 156 emottagit

2606 196 427 169 såsom
2890 196 474 169 liqvid
3222 196 332 169 för
3411 196 664 169 fordringar
3933 196 332 169 hos
4123 196 474 169 denne,
4407 196 237 169 som

2605 328 335 162 ock
2797 328 335 162 att
2988 328 335 162 han
3180 328 671 162 verkligen,
3707 328 287 162 på
3851 328 383 162 sätt
4090 328 335 162 Ida
4234 328 431 162 Bergman

2610 427 728 187 uppgifvit,
3182 427 468 187 under
3494 427 364 187 den
3703 427 728 187 omförmälde
4223 427 416 187 natten

2626 551 560 174 uppbränt
3046 551 653 174 åtskilliga
3559 551 513 174 papper,
3932 551 466 174 hvilka
4212 551 466 174 utgjorts

2625 663 276 153 af
2717 663 322 153 bref.

2679 726 639 179 Dahlström
3170 726 344 179 och
3367 726 540 179 Hansson
3760 726 442 179 hafva
4054 726 344 179 vid
4202 726 442 179 förhör,

2611 877 559 119 alldeles
3031 877 606 119 förnekat,
3497 877 326 119 att
3683 877 419 119 andra
3963 877 466 119 vexlar
4289 877 280 119 än
4382 877 280 119 dem,

2611 961 284 196 de
2753 961 663 196 uppgifvit,
3273 961 521 196 blifvit
3652 961 284 196 af
3794 961 331 196 dem
3983 961 379 196 till
4173 961 473 196 Stenberg

2601 1087 508 170 under
2939 1087 846 170 innevarande
3616 1087 338 170 år
3729 1087 846 170 öfverlemnade.

2729 1196 489 162 Enligt
3072 1196 685 162 upplysning
3610 1196 392 162 från
3855 1196 685 162 Skaraborgs
4344 1196 294 162 läns

2623 1300 617 162 Enskilda
3085 1300 463 162 Banks
3394 1300 514 162 kontor
3753 1300 257 162 i
3856 1300 514 162 Sköfde
4216 1300 360 162 har
4370 1300 257 162 den

2640 1419 323 183 af
2802 1419 701 183 Dahlström
3341 1419 269 183 i
3448 1419 485 183 Gefle
3772 1419 485 183 köpte
4095 1419 539 183 vexeln
4418 1419 162 183 å

2652 1514 306 169 28
2805 1514 306 169 Kr
2958 1514 306 169 40
3111 1514 357 169 öre
3316 1514 562 169 blifvit
3724 1514 459 169 några
4030 1514 459 169 dagar
4286 1514 306 169 före

2632 1633 353 154 den
2833 1633 303 154 26
2985 1633 505 154 sistl.
3338 1633 404 154 Juni
3591 1633 757 154 oförfalskad
4146 1633 404 154 inlöst

2645 1750 269 159 å
2753 1750 483 159 sagde
3075 1750 591 159 kontor;
3505 1750 376 159 och
3720 1750 430 159 hade
3934 1750 645 159 aflemnaren

2620 1874 309 140 af
2774 1874 514 140 vaxeln
3134 1874 463 140 varit
3442 1874 257 140 å
3545 1874 617 140 Kontoret
3957 1874 411 140 okänd.

2705 1976 323 146 På
2867 1976 484 146 grund
3190 1976 323 146 af
3351 1976 431 146 hvad
3620 1976 592 146 sålunda
3997 1976 538 146 förekom¬-

2653 2097 408 172 mit,
2908 2097 459 172 komma
3214 2097 357 172 Per
3418 2097 663 172 Stenberg,
3927 2097 459 172 Johan
4182 2097 408 172 Alfred

2630 2194 676 162 Dahlström
3150 2194 364 162 och
3358 2194 468 162 Anton
3669 2194 572 162 Severin
4033 2194 520 162 Hansson,

2629 2317 410 118 hvilka
2916 2317 451 118 blifvit
3244 2317 328 118 till
3449 2317 697 118 Cellfängelset
3983 2317 615 118 införpassade,

2610 2415 365 125 att
2818 2415 469 125 denna
3131 2415 365 125 dag
3339 2415 469 125 inför
3652 2415 886 125 Poliskammaren
4329 2415 261 125 in¬-

2644 2487 538 176 ställas.
3048 2487 538 176 Göteborg
3452 2487 314 176 den
3631 2487 224 176 6
3721 2487 359 176 Juli
3900 2487 314 176 1880.

4598 2570 237 139 No
4678 2570 237 139 150.

4557 2688 401 162 Albertina

4559 2814 394 105 Frederika

4605 2899 330 98 Teresia
4815 2899 150 98 Ja¬-

4553 2976 387 101 cobsson

2770 2633 666 197 Följande
3269 2633 666 197 personer
3768 2633 499 197 hafva
4046 2633 499 197 anmält:

2596 2779 354 179 1o
2773 2779 649 179 Mamsell
3245 2779 472 179 Emma
3540 2779 767 179 Johansson
4070 2779 531 179 anstäld

2621 2901 266 233 i
2727 2901 1115 233 parfymhandlerskan
3683 2901 531 233 Olivia
4002 2901 584 233 Pilströms

2612 3070 426 146 butik
2896 3070 237 146 i
2990 3070 426 146 huset
3274 3070 284 146 No
3416 3070 284 146 57
3558 3070 331 146 vid
3747 3070 426 146 Södra
3983 3070 568 146 Hamngatan,

2600 3206 335 180 att
2792 3206 335 180 ett
2983 3206 527 180 obekant
3366 3206 431 180 yngre
3653 3206 670 180 fruntimmer
4132 3206 479 180 Onsdagen

2597 3329 317 143 den
2778 3329 226 143 2
2868 3329 453 143 sistl.
3186 3329 362 143 Juni
3412 3329 544 143 inkommit
3820 3329 226 143 i
3910 3329 498 143 butiken
4273 3329 317 143 och
4409 3329 226 143 un¬-

2593 3464 284 152 der
2756 3464 487 152 uppgift;
3121 3464 284 152 att
3284 3464 284 152 hon
3446 3464 325 152 vore
3649 3464 325 152 sänd
3852 3464 244 152 af
3934 3464 690 152 Grosshandlanden

2586 3577 201 208 B
2666 3577 521 208 Dahlgrens
3067 3577 321 208 fru,
3268 3577 401 208 boende
3548 3577 201 208 i
3629 3577 361 208 huset
3869 3577 241 208 No
3989 3577 201 208 1
4070 3577 281 208 vid
4230 3577 361 208 Stora
4431 3577 201 208 Ny¬-

2589 3704 302 144 gatan
2791 3704 336 144 begärt
3026 3704 235 144 att
3161 3704 235 144 för
3295 3704 336 144 hennes
3530 3704 370 144 räkning
3799 3704 202 144 få
3900 3704 370 144 afhemta
4169 3704 269 144 fyra
4304 3704 302 144 stycken
