4953 4037
53 196 317 120 No
159 196 317 120 256.

79 332 322 92 Mathilda
294 332 214 92 Selvig

540 169 918 147 Detektivpoliskonstapeln
1356 169 306 147 Peter
1560 169 408 147 Lindgren
1866 169 238 147 och
1968 169 374 147 Poliskon¬-

495 282 348 173 stapeln
748 282 190 173 No
843 282 190 173 45
938 282 411 173 Jakobsson
1254 282 285 173 hafva
1444 282 379 173 Lördagen
1729 282 221 173 den
1855 282 158 173 4
1918 282 316 173 dennes
2140 282 221 173 kl.
2235 282 126 173 11

492 384 191 193 f.
588 384 191 193 m.
683 384 381 193 anhållit
969 384 222 193 för
1096 384 318 193 första
1318 384 286 193 resan
1509 384 381 193 snatteri
1795 384 413 193 straffade
2081 384 286 193 hustrun

467 526 400 145 Mathilda
767 526 367 145 Selvig,
1034 526 334 145 boende
1267 526 167 145 i
1334 526 300 145 huset
1534 526 200 145 No
1634 526 200 145 10
1734 526 234 145 vid
1868 526 267 145 Öfra
2001 526 367 145 Magasins¬-

467 614 324 210 gatan,
693 614 227 210 för
823 614 227 210 det
952 614 227 210 hon
1082 614 259 210 kort
1244 614 291 210 förut
1438 614 259 210 från
1600 614 518 210 Ostmånglaren
2021 614 194 210 P.
2118 614 194 210 F.
2183 614 162 210 Pe¬-

474 716 380 196 tersson,
760 716 317 196 boende
982 716 159 196 i
1045 716 285 196 huset
1235 716 190 196 No
1330 716 190 196 11
1425 716 222 196 vid
1552 716 444 196 Östergatan
1901 716 159 196 i
1965 716 317 196 dennes
2155 716 190 196 för¬-

476 822 569 214 säljningsstånd
951 822 158 214 å
1014 822 474 214 Kungstorget
1394 822 443 214 tillgripit
1741 822 221 214 ett
1868 822 316 214 stycke
2058 822 316 214 cheddar¬-

472 963 268 177 ost,
640 963 369 177 vägande
909 963 168 177 6
976 963 235 177 3/4
1110 963 403 177 skålpund
1412 963 268 177 samt
1579 963 268 177 värd
1747 963 201 177 63
1848 963 235 177 öre
1948 963 403 177 skålpundet

477 1057 250 175 och
620 1057 393 175 befanns
906 1057 357 175 hustru
1156 1057 357 175 Selvig
1406 1057 250 175 vid
1549 1057 536 175 anhållandet
1977 1057 321 175 hafva
2156 1057 214 175 hän¬-

476 1154 319 202 gande
688 1154 213 202 på
795 1154 355 202 ryggen
1043 1154 319 202 under
1255 1154 248 202 sin
1397 1154 425 202 påhafvde
1716 1154 355 202 kappa,
1964 1154 213 202 en
2035 1154 284 202 större

461 1270 528 183 linneväska,
883 1270 317 183 hvars
1094 1270 387 183 öppning
1375 1270 317 183 varit
1586 1270 211 183 så
1692 1270 492 183 beskaffad,
2079 1270 246 183 att
2184 1270 176 183 va¬-

470 1409 250 143 ror
613 1409 250 143 med
756 1409 393 143 lätthet
1041 1409 357 143 kunnat
1291 1409 285 143 deri
1470 1409 464 143 nedläggas
1826 1409 250 143 och
1969 1409 178 143 i
2005 1409 321 143 hvilken

474 1525 308 125 väska
679 1525 479 125 förvarades
1055 1525 239 125 ett
1192 1525 342 125 stycke
1431 1525 581 125 fläskkotlett,
1910 1525 376 125 vägande
2183 1525 171 125 6
2217 1525 103 125 ℔

472 1611 233 179 och
605 1611 233 179 ett
738 1611 332 179 stycke
970 1611 332 179 färskt
1203 1611 465 179 sidofläsk,
1568 1611 366 179 vägande
1834 1611 166 179 4
1901 1611 233 179 3/4
2000 1611 366 179 skålpund,

473 1714 282 160 till
649 1714 388 160 hvilket
931 1714 493 160 sistnämnde
1318 1714 529 160 fläskstycke
1706 1714 599 160 Slagteriidkaren

480 1835 190 162 A.
575 1835 190 162 H.
670 1835 443 162 Andersson,
1018 1835 316 162 boende
1239 1835 158 162 i
1303 1835 285 162 huset
1492 1835 190 162 No
1587 1835 158 162 7
1650 1835 221 162 vid
1777 1835 316 162 Vestra
1967 1835 379 162 Skansgatan

461 1953 339 179 anmält
698 1953 237 179 sig
834 1953 305 179 såsom
1037 1953 339 179 egare,
1274 1953 305 179 under
1478 1953 407 179 uppgift,
1783 1953 237 179 att
1885 1953 474 179 fläskstycket

467 2058 327 157 samma
685 2058 291 157 dag,
867 2058 327 157 under
1085 2058 255 157 det
1230 2058 364 157 hustru
1485 2058 364 157 Selvig
1740 2058 327 157 varit
1958 2058 364 157 framme
2176 2058 182 157 vid

458 2159 261 200 hans
622 2159 653 200 försäljningsbord
1176 2159 163 200 å
1242 2159 522 200 Kungstorget,
1666 2159 424 200 derstädes
1992 2159 261 200 från
2123 2159 228 200 honom

486 2278 474 200 tillgripits
866 2278 221 200 och
992 2278 253 200 vore
1150 2278 284 200 värdt
1340 2278 190 200 45
1434 2278 221 200 öre
1529 2278 411 200 skålpundet.

678 2388 255 174 Vid
823 2388 255 174 det
969 2388 255 174 med
1115 2388 365 174 hustru
1370 2388 365 174 Selvig
1626 2388 182 174 i
1699 2388 474 174 anledning
2027 2388 255 174 häraf

478 2501 387 173 anställda
776 2501 298 173 förhör
984 2501 208 173 har
1103 2501 208 173 hon
1222 2501 357 173 vidgått,
1490 2501 208 173 att
1609 2501 208 173 hon
1728 2501 387 173 olofligen
1996 2501 357 173 tillgripit

466 2610 520 199 ifrågakomne
883 2610 278 199 ost,
1056 2610 416 199 hvaremot
1368 2610 278 199 hon,
1542 2610 312 199 under
1750 2610 555 199 medgifvande,
2167 2610 173 199 att

447 2746 221 148 hon
574 2746 284 148 samma
763 2746 221 148 dag
890 2746 443 148 uppehållit
1238 2746 221 148 sig
1364 2746 284 148 invid
1554 2746 443 148 Anderssons
1870 2746 474 148 försäljnings¬-

472 2827 221 183 bord
610 2827 193 183 och
721 2827 193 183 der
831 2827 276 183 påsett
1024 2827 276 183 fläsk,
1217 2827 193 183 som
1328 2827 166 183 af
1410 2827 359 183 Andersson
1686 2827 303 183 hållits
1907 2827 221 183 till
2045 2827 221 183 salu
2155 2827 138 183 och

460 2937 276 179 hvars
645 2937 246 179 pris
798 2937 215 179 hon
921 2937 491 179 efterfrågat,
1320 2937 399 179 förnekat,
1628 2937 215 179 att
1750 2937 215 179 hon
1873 2937 430 179 tillgripit
2180 2937 154 179 nå¬-

469 3058 233 208 got
602 3058 299 208 fläsk
801 3058 266 208 från
968 3058 466 208 Andersson;
1333 3058 432 208 hvarjemte
1666 3058 233 208 hon
1799 3058 466 208 uppgifvit,
2132 3058 166 208 att

451 3172 249 190 hon
594 3172 214 190 af
701 3172 356 190 okända
950 3172 605 190 fläskmånglare
1448 3172 178 190 å
1519 3172 534 190 Kungstorget
1946 3172 285 190 köpt
2124 3172 214 190 de
2195 3172 178 190 bå¬-

445 3291 208 193 da
549 3291 208 193 af
653 3291 312 193 henne
861 3291 486 193 innehafvde
1243 3291 624 193 fläskstyckena;
1763 3291 277 193 dock
1937 3291 243 193 har
2041 3291 277 193 hustru

451 3396 347 210 Selvig,
704 3396 284 210 ehuru
893 3396 221 210 hon
1019 3396 284 210 samma
1209 3396 221 210 dag
1335 3396 189 210 på
1430 3396 189 210 f.
1524 3396 284 210 midd.
1714 3396 379 210 erhållit
1966 3396 347 210 tillfälle

458 3543 224 160 att
586 3543 320 160 utvisa
810 3543 192 160 de
906 3543 575 160 fläskmånglare,
1385 3543 192 160 af
1481 3543 320 160 hvilka
1705 3543 224 160 hon
1833 3543 256 160 köpt
1960 3543 384 160 fläskstyc¬-

447 3631 342 205 kena,
675 3631 304 205 icke
865 3631 418 205 förmått
1168 3631 494 205 framhafva
1510 3631 304 205 dessa.

2706 126 231 217 Det
2838 126 560 217 ifrågavarande
3299 126 494 217 oststycket,
3695 126 396 217 äfvensom
3992 126 231 217 det
4090 126 396 217 sidofläsk,

2591 269 230 209 som
2723 269 427 209 Andersson
3051 269 427 209 uppgifvit
3380 269 230 209 sig
3511 269 296 209 hafva
3708 269 361 209 mistat,
3971 269 296 209 hafva
4135 269 296 209 blifvit

2584 431 234 180 till
2730 431 293 180 egarne
2906 431 410 180 återställde.

2664 501 226 242 På
2777 501 339 242 grund
3003 501 226 242 af
3116 501 301 242 hvad
3304 501 414 242 sålunda
3605 501 565 242 förekommit,
4057 501 376 242 kommer
4283 501 188 242 Ma¬-

2573 625 351 173 thilda
2818 625 351 173 Selvig
3064 625 245 173 att
3204 625 316 173 denna
3415 625 245 173 dag
3555 625 245 173 för
3695 625 245 173 PKn
3800 625 421 173 inställas.

2958 753 433 193 Göteborg
3283 753 253 193 den
3427 753 181 193 6
3499 753 433 193 December
3788 753 253 193 1880.

4443 811 240 130 No
4523 811 240 130 257.

4435 975 219 124 Adolf
4556 975 292 124 Andreasson

4407 1080 300 148 Åsberg.

2735 882 213 198 För
2856 882 304 198 Första
3069 882 274 198 resan
3251 882 274 198 stöld
3434 882 365 198 snatteri
3707 882 395 198 straffade
4011 882 182 198 fe
4072 882 365 198 Artilleri¬-

2571 982 268 217 sten
2739 982 302 217 Adolf
2940 982 470 217 Andreasson
3309 982 369 217 Åsberg,
3578 982 335 217 boende
3812 982 168 217 i
3879 982 302 217 huset
4081 982 201 217 No
4181 982 201 217 43
4248 982 168 217 vid

2572 1116 364 228 Betzens
2837 1116 298 228 gata,
3035 1116 232 228 har
3167 1116 165 228 i
3233 1116 232 228 dag
3366 1116 397 228 infunnit
3663 1116 232 228 sig
3796 1116 165 228 å
3862 1116 430 228 detektiva
4159 1116 265 228 Polis¬-

2594 1234 524 245 afdelningens
3020 1234 360 245 kontor,
3282 1234 229 245 med
3413 1234 360 245 begäran
3675 1234 229 245 att
3806 1234 328 245 blifva
4036 1234 262 245 till
4167 1234 262 245 straff

2582 1351 433 250 befordrad,
2922 1351 216 250 för
3046 1351 216 250 det
3169 1351 216 250 han
3293 1351 247 250 dels
3448 1351 155 250 i
3510 1351 309 250 slutet
3726 1351 185 250 af
3819 1351 402 250 sistlidne
4097 1351 340 250 September

2597 1490 297 223 månad
2795 1490 231 223 och
2927 1490 264 223 dels
3093 1490 165 223 i
3159 1490 330 223 slutet
3390 1490 198 223 af
3489 1490 396 223 påföljde
3786 1490 363 223 Oktober
4051 1490 297 223 månad
4216 1490 264 223 föröf¬-

2589 1659 237 178 vat
2725 1659 406 178 oloflige
2996 1659 406 178 tillgrepp.

2738 1742 361 170 Åsberg,
3001 1742 230 170 som
3132 1742 164 170 i
3198 1742 427 170 anledning
3526 1742 296 170 häraf
3723 1742 361 170 blifvit
3986 1742 361 170 närmare
4216 1742 230 170 hörd,

2581 1843 227 220 har
2710 1843 325 220 dervid
2938 1843 455 220 uppgifvit:
3295 1843 227 220 att
3425 1843 227 220 han
3555 1843 292 220 någon
3750 1843 227 220 dag
3879 1843 162 220 i
3944 1843 325 220 slutet
4172 1843 195 220 af
4237 1843 227 220 sist¬-

2600 1955 297 224 lidne
2798 1955 429 224 September
3128 1955 165 224 i
3194 1955 330 224 gården
3425 1955 264 224 till
3591 1955 297 224 huset
3789 1955 198 224 No
3888 1955 198 224 53
3987 1955 231 224 vid
4119 1955 198 224 2a
4185 1955 297 224 Långga¬-

2596 2100 255 186 tan
2741 2100 255 186 med
2887 2100 218 186 en
2996 2100 400 186 nyckel,
3287 2100 255 186 som
3432 2100 255 186 han
3578 2100 436 186 medhaft,
3905 2100 364 186 öppnat
4123 2100 291 186 dörren

2609 2200 246 220 till
2763 2200 185 220 en
2855 2200 215 220 der
2979 2200 400 220 befintlig
3286 2200 339 220 källare
3533 2200 215 220 och
3656 2200 369 220 derefter
3933 2200 154 220 i
3994 2200 369 220 källaren
4241 2200 215 220 till¬-

2604 2338 302 227 gripit
2815 2338 212 227 ett
2936 2338 272 227 halft
3118 2338 363 227 slagtadt
3390 2338 212 227 får
3511 2338 212 227 och
3632 2338 212 227 två
3753 2338 393 227 buteljer,
4025 2338 423 227 innehållande

2599 2449 483 216 hallonsaft;
2985 2449 225 216 att
3114 2449 225 216 han
3242 2449 450 216 qvarlemnat
3596 2449 450 216 buteljerna
3950 2449 225 216 med
4079 2449 322 216 saften
4304 2449 161 216 i
4336 2449 129 216 en

2605 2558 457 246 portgång,
2956 2558 246 246 men
3097 2558 387 246 försålt
3378 2558 492 246 framparten
3764 2558 211 246 af
3870 2558 422 246 fårsidan
4186 2558 246 246 för
4291 2558 141 246 En

2610 2698 295 176 Krona
2807 2698 197 176 25
2905 2698 230 176 öre
3037 2698 262 176 till
3201 2698 197 176 en
3299 2698 361 176 obekant
3561 2698 295 176 karl,
3758 2698 230 176 med
3889 2698 361 176 hvilken
4152 2698 230 176 han
4250 2698 197 176 sam¬-

2612 2787 440 231 manträffat
2957 2787 220 231 vid
3083 2787 597 231 Stigbergsliden;
3585 2787 220 231 att
3710 2787 220 231 han
3836 2787 377 231 medtagit
4119 2787 220 231 det
4213 2787 251 231 öfriga

2618 2889 197 268 af
2717 2889 296 268 fåret
2914 2889 263 268 till
3079 2889 230 268 sin
3210 2889 362 268 bostad;
3474 2889 230 268 att
3605 2889 230 268 han
3737 2889 296 268 någon
3934 2889 230 268 dag
4066 2889 165 268 i
4132 2889 329 268 slutet
4329 2889 132 268 af

2613 3019 444 188 sistlidne
2954 3019 375 188 Oktober
3227 3019 307 188 månad
3432 3019 171 188 i
3500 3019 205 188 en
3603 3019 375 188 källare
3876 3019 273 188 till
4046 3019 307 188 huset
4251 3019 205 188 No
4319 3019 137 188 14

2607 3134 247 236 vid
2748 3134 778 236 Kungsportsavenuen,
3420 3134 283 236 till
3597 3134 389 236 hvilken
3879 3134 389 236 källare
4162 3134 247 236 han
4268 3134 177 236 be¬-

2619 3261 261 182 redt
2782 3261 228 182 sig
2913 3261 359 182 inträde
3174 3261 359 182 medelst
3434 3261 228 182 att
3565 3261 293 182 öppna
3760 3261 326 182 dörren
3989 3261 228 182 med
4119 3261 196 182 en
4184 3261 261 182 nyckel

2619 3373 204 244 som
2735 3373 204 244 han
2852 3373 291 244 jemväl
3055 3373 175 244 då
3143 3373 349 244 medhaft,
3404 3373 378 244 olofligen
3695 3373 407 244 tillgripit
4015 3373 145 244 2
4074 3373 204 244 st.
4161 3373 320 244 skyfflar,

2616 3514 323 196 hvilka
2842 3514 226 196 han
2971 3514 291 196 samma
3164 3514 226 196 dag
3294 3514 355 196 försålt
3552 3514 226 196 för
3681 3514 194 196 75
3778 3514 226 196 öre
3907 3514 258 196 till
4068 3514 194 196 en
4165 3514 226 196 för
4262 3514 226 196 honom

2590 3662 437 155 obekant
2868 3662 278 155 karl.
