5011 4052
500 137 545 225 aflemnat
909 137 545 225 varorna;
1317 137 318 225 att
1499 137 500 225 Sjöberg
1863 137 500 225 sålunda
2181 137 227 225 en¬-

471 275 387 220 ligt
712 275 387 220 hvad
954 275 339 220 han
1148 275 435 220 ville
1438 275 484 220 erinra
1777 275 339 220 sig
1922 275 435 220 samman¬-

460 406 385 203 lagt
700 406 673 203 tillgripit
1229 406 337 203 fem
1421 406 385 203 hela
1662 406 481 203 säckar
1950 406 481 203 korngryn

448 593 368 149 fyra
678 593 322 149 fot
862 593 414 149 ärter
1138 593 414 149 något
1414 593 644 149 hafregryn,
1920 593 368 149 samt
2150 593 230 149 6
2196 593 230 149 fot

464 679 480 157 potatis
814 679 306 157 att
988 679 437 157 handl.
1294 679 611 157 Pettersson
1775 679 393 157 deraf
2037 679 349 157 köpt
2211 679 175 157 10

460 802 556 185 lispund
865 802 607 185 korngryn
1320 802 405 185 samt
1573 802 607 185 ärterna,
1977 802 405 185 grynen

452 897 315 225 till
649 897 315 225 pris
845 897 236 225 af
964 897 236 225 en
1082 897 236 225 kr
1200 897 236 225 60
1318 897 276 225 öre
1476 897 197 225 &
1554 897 236 225 en
1672 897 236 225 kr
1791 897 236 225 65
1909 897 276 225 öre
2027 897 433 225 lispundet

455 1054 388 173 samt
698 1054 534 173 ärterna
1086 1054 340 173 för
1280 1054 291 173 10
1426 1054 291 173 kr
1571 1054 388 173 samt
1814 1054 340 173 att
1959 1054 437 173 Nilsson

477 1178 696 161 tillhandlat
1034 1178 325 161 sig
1219 1178 371 161 allt
1451 1178 325 161 det
1637 1178 464 161 öfriga
1916 1178 371 161 dervid

450 1333 399 153 han
678 1333 569 153 betalt
1076 1333 569 153 grynen
1475 1333 399 153 med
1703 1333 512 153 samma
1987 1333 342 153 pris

462 1439 352 141 som
612 1439 603 141 Petersson.

436 1552 779 194 Handlanderne
1069 1552 536 194 Nilsson
1459 1552 341 194 och
1654 1552 633 194 Petersson
2092 1552 341 194 begge

449 1665 437 170 boende
755 1665 219 170 i
843 1665 393 170 huset
1105 1665 262 170 No
1236 1665 219 170 1
1324 1665 219 170 o
1411 1665 219 170 2
1498 1665 306 170 vid
1673 1665 262 170 St
1804 1665 350 170 Erik
2023 1665 350 170 torg
2198 1665 262 170 samt

438 1784 581 175 drängen
861 1784 475 175 Johan
1177 1784 686 175 Johansson
1705 1784 264 175 i
1758 1784 581 175 anledning

452 1912 429 181 häraf
738 1912 476 181 hörde,
1071 1912 429 181 hafva
1310 1912 571 181 uppgifvet:

436 2034 242 146 1o
557 2034 443 146 Nilsson
879 2034 282 146 att
1040 2034 363 146 efter
1282 2034 322 146 hvad
1483 2034 282 146 han
1644 2034 363 146 ville
1886 2034 403 146 erinra
2128 2034 201 146 sig

444 2173 312 175 och
623 2173 446 175 enligt
935 2173 267 175 de
1068 2173 757 175 anteckningar,
1692 2173 312 175 han
1870 2173 401 175 gjort
2138 2173 267 175 en
2227 2173 178 175 af

446 2289 407 128 honom
717 2289 362 128 förd
943 2289 633 128 dagjournal
1441 2289 317 128 han
1621 2289 271 128 af
1757 2289 497 128 Sjöberg
2074 2289 317 128 till¬-

442 2412 499 168 handlat
805 2412 363 168 sig;
1032 2412 363 168 1880
1258 2412 499 168 Januari
1622 2412 272 168 29
1758 2412 272 168 en
1894 2412 363 168 säck
2075 2412 318 168 inne¬-

438 2520 539 196 hållande
842 2520 270 196 10
977 2520 270 196 L℔
1112 2520 539 196 korngryn
1516 2520 315 196 för
1696 2520 674 196 tillsammans
2190 2520 180 196 Kr

444 2654 401 152 16.50
667 2654 268 152 öre.

453 2758 502 207 Februari
830 2758 251 207 12
955 2758 251 207 en
1081 2758 335 207 säck
1290 2758 293 207 med
1457 2758 251 207 12
1583 2758 251 207 L℔
1708 2758 251 207 10
1834 2758 209 207 ℔
1918 2758 502 207 korngryn
2252 2758 126 207 6

464 2871 318 191 fot
645 2871 500 191 potatis
1009 2871 318 191 för
1146 2871 591 191 tillsammans

2064 2913 242 136 Kr
2185 2913 242 136 27
2266 2913 162 136 Kr

439 2989 362 181 April
680 2989 241 181 14
801 2989 241 181 en
921 2989 322 181 säck
1122 2989 281 181 med
1283 2989 241 181 14
1404 2989 241 181 L℔
1484 2989 402 181 Korngryn

2113 3014 312 142 22:40

494 3107 208 167 "
578 3107 250 167 26
702 3107 250 167 en
827 3107 333 167 säck
1035 3107 291 167 med
1202 3107 250 167 12
1327 3107 250 167 L℔
1452 3107 291 167 10℔
1577 3107 166 167 do

2126 3120 187 124 20.

457 3213 252 188 Maj
601 3213 216 188 12
709 3213 216 188 en
817 3213 288 188 säck
998 3213 252 188 med
1142 3213 216 188 10
1250 3213 252 188 L℔.
1358 3213 144 188 do

2085 3235 223 116 16.

440 3326 331 175 Juli
646 3326 248 175 22
770 3326 248 175 en
894 3326 331 175 säck
1101 3326 289 175 med
1266 3326 248 175 12
1390 3326 248 175 L℔
1514 3326 289 175 10℔
1638 3326 165 175 do

1876 3319 398 156 19

479 3426 237 181 "
573 3426 285 181 30
716 3426 332 181 1/2
905 3426 379 181 säck
1143 3426 332 181 med
1332 3426 237 181 5
1427 3426 285 181 L℔
1570 3426 285 181 5℔
1712 3426 285 181 do
1854 3426 332 181 och
2044 3426 285 181 24
2139 3426 142 181 ℔

417 3573 629 182 hafregryn
901 3573 339 182 för
1046 3573 629 182 tillsammans

1975 3591 246 145 K.
2057 3591 287 145 11:60

430 3691 401 169 Augusti
721 3691 219 169 12
831 3691 219 169 en
940 3691 292 169 säck
1123 3691 255 169 med
1269 3691 219 169 10
1378 3691 401 169 Lispund
1670 3691 438 169 korngryn
1998 3691 219 169 -"
2071 3691 146 169 16

2625 152 441 193 September
2964 152 170 193 6
3032 152 203 193 en
3134 152 271 193 säck
3303 152 237 193 med
3439 152 203 193 12
3541 152 237 193 L℔.
3676 152 237 193 10℔
3812 152 407 193 korngryn
4117 152 237 193 för
4253 152 203 193 Kr
4321 152 237 193 12,50

2962 308 242 133 23
3083 308 282 133 1/2
3244 308 323 133 säck
3446 308 282 133 med
3607 308 202 133 5
3648 308 161 133 L℔

4272 319 238 147 10.

2632 408 297 172 att
2801 408 467 172 Nilsson
3141 408 339 172 icke
3353 408 382 172 kunde
3607 408 424 172 erinra
3904 408 297 172 sig
4032 408 424 172 huruvida

2626 531 288 175 han
2790 531 534 175 sistlidet
3201 531 247 175 år
3324 531 247 175 af
3448 531 452 175 Sjöberg
3776 531 370 175 gjort
4023 531 370 175 några
4228 531 288 175 inköp

2634 652 294 169 att
2802 652 378 169 denne
3054 652 420 169 hvarje
3305 652 252 169 gång

3457 648 190 79 han

3528 671 358 145 under
3767 671 596 145 innevarande
4244 671 239 145 år
4323 671 199 145 ut¬-

2612 746 426 189 bjudit
2911 746 512 189 tillfört
3295 746 469 189 Nilsson
3636 746 384 189 några
3891 746 384 189 varor
4147 746 341 189 haft
4318 746 213 189 dem

2608 872 543 170 förvarade
3026 872 209 170 i
3110 872 376 170 åkdon
3361 872 293 170 som
3528 872 376 170 körts
3779 872 251 170 af
3904 872 251 170 en
4029 872 293 170 för
4155 872 376 170 Nilsson

2627 965 355 221 okänd
2863 965 315 221 karl
3060 965 473 221 antingen
3415 965 315 221 till
3612 965 434 221 Nilsson
3927 965 237 221 på
4046 965 394 221 torget
4282 965 276 221 eller

2623 1115 280 185 och
2783 1115 320 185 till
2983 1115 280 185 ett
3143 1115 480 185 Nilssons
3503 1115 440 185 magasin
3822 1115 320 185 samt
4022 1115 280 185 att
4142 1115 360 185 Nilsson

2634 1234 329 202 icke
2839 1234 329 202 förr
3045 1234 247 202 än
3168 1234 288 202 den
3332 1234 205 202 6
3415 1234 411 202 dennes
3702 1234 247 202 då
3825 1234 452 202 Sjöberg
4154 1234 329 202 åter
4319 1234 205 202 in¬-

2600 1329 378 241 stält
2852 1329 294 241 sig
3020 1329 294 241 och
3188 1329 504 241 utbjudit
3566 1329 378 241 gryn,
3818 1329 420 241 frågat
4112 1329 336 241 hvem
4280 1329 210 241 han

2603 1489 338 211 vore
2814 1489 296 211 och
2983 1489 296 211 för
3152 1489 338 211 hvem
3363 1489 296 211 han
3532 1489 380 211 sålde
3786 1489 465 211 varorna
4082 1489 380 211 dertill

2602 1603 483 211 Sjöberg
2954 1603 439 211 svarat
3261 1603 308 211 att
3437 1603 308 211 han
3612 1603 351 211 vore
3832 1603 483 211 anstäld
4184 1603 308 211 hos
4315 1603 220 211 sin

2600 1721 381 198 fader
2854 1721 677 198 Sysslomannen
3404 1721 296 198 vid
3573 1721 592 198 Hospitalet
4039 1721 212 198 å
4081 1721 423 198 Hisingen

2617 1845 309 149 samt
2810 1845 270 149 att
2965 1845 270 149 det
3119 1845 270 149 han
3273 1845 347 149 sålde
3505 1845 309 149 vore
3698 1845 347 149 delar
3930 1845 232 149 af
4007 1845 540 149 öfverblifven

2617 1942 492 217 proviant
2986 1942 287 217 för
3150 1942 615 217 dårhusjonen
3642 1942 533 217 hvarjemte
4052 1942 287 217 han
4175 1942 369 217 tillagt

2621 2077 278 189 att
2780 2077 436 189 Nilsson
3097 2077 476 189 tviflade
3455 2077 238 189 på
3574 2077 476 189 uppgifna
3931 2077 516 189 åtkomsten
4288 2077 238 189 till

2596 2210 468 177 vurorna
2937 2210 341 177 hans
3150 2210 383 177 foder
3405 2210 341 177 vore
3618 2210 511 177 ansvarig
4001 2210 298 177 för
4129 2210 383 177 desamma

2610 2333 381 147 emedan
2877 2333 267 147 han
3029 2333 267 147 har
3182 2333 343 147 stält
3411 2333 381 147 borgen
3678 2333 267 147 för
3830 2333 305 147 3000
3983 2333 343 147 kronor.

2600 2482 228 146 2o
2714 2482 531 146 Pettersson
3131 2482 266 146 att
3283 2482 342 146 några
3511 2482 342 146 dagar
3739 2482 342 146 efter
3967 2482 380 146 sistl.
4194 2482 342 146 Midsom¬-

2584 2552 307 182 mar
2760 2552 483 182 Sjöberg
3111 2552 439 182 kommit
3418 2552 351 182 till
3637 2552 395 182 honom
3900 2552 263 182 på
3988 2552 570 182 Kungstorget

2578 2658 263 232 och
2729 2658 375 232 fragåt
2991 2658 338 232 efter
3216 2658 450 232 Nilsson,
3554 2658 413 232 hvarvid
3854 2658 525 232 Pettersson
4229 2658 338 232 uppgif¬-

2578 2753 264 207 vit
2729 2753 264 207 att
2880 2753 416 207 Nilsson
3183 2753 302 207 vore
3372 2753 491 207 bortrest,
3749 2753 264 207 att
3901 2753 416 207 Sjöberg
4203 2753 227 207 de
4278 2753 227 207 till

2594 2881 531 223 Pettersson
3011 2881 455 223 utbjudit
3352 2881 379 223 ärter,
3617 2881 190 223 i
3693 2881 493 223 anledning
4072 2881 379 223 hvaraf
4300 2881 227 223 Pet¬-

2596 3003 458 227 tersson
2930 3003 250 227 af
3054 3003 375 227 honom
3304 3003 333 227 köpt
3513 3003 208 227 3
3596 3003 292 227 fot
3762 3003 292 227 för
3929 3003 250 227 11
4054 3003 416 227 kronor
4304 3003 208 227 och

2610 3139 238 239 16
2729 3139 198 239 ℔
2809 3139 476 239 korngryn
3166 3139 278 239 för
3325 3139 198 239 1
3404 3139 357 239 krona
3642 3139 238 239 40
3761 3139 317 239 öre,
3959 3139 317 239 samt
4158 3139 278 239 att
4277 3139 238 239 Pet¬-

2597 3251 451 219 tersson
2925 3251 328 219 icke
3130 3251 369 219 kunde
3376 3251 410 219 erinra
3664 3251 287 219 sig
3828 3251 246 219 om
3951 3251 287 219 han
4115 3251 328 219 köpt
4279 3251 287 219 något

2597 3389 380 209 mera
2834 3389 285 209 af
2929 3389 474 209 Sjöberg.

2575 3526 263 207 3o
2707 3526 483 207 Drängen
3058 3526 395 207 Johan
3322 3526 571 207 Johansson
3761 3526 483 207 anstäld
4112 3526 307 207 hos
4244 3526 307 207 Hand¬-

2614 3640 364 172 landen
2868 3640 327 172 Fritz
3086 3640 400 172 Larsson
3377 3640 182 172 i
3450 3640 327 172 huset
3668 3640 218 172 No
3777 3640 218 172 17
3886 3640 291 172 Litt
4068 3640 218 172 A.
4141 3640 400 172 Redbergs¬-

2613 3752 290 192 tid
2778 3752 290 192 att
2944 3752 414 192 enligt
3234 3752 331 192 hvad
3441 3752 290 192 han
3606 3752 373 192 ville
3855 3752 414 192 erinra
4145 3752 290 192 sig
4269 3752 207 192 han
