5037 4061
506 122 477 155 hvilken
852 122 433 155 dervid
1156 122 303 155 för
1329 122 607 155 Zachrisson
1806 122 477 155 omtalat
2109 122 217 155 att

522 293 680 166 Pettersson
1057 293 291 166 på
1202 293 583 166 Hultmans
1639 293 437 166 holme
1931 293 389 166 gömt
2125 293 340 166 något

506 397 313 118 som
685 397 313 118 han
864 397 491 118 önskade
1221 397 402 118 sälja
1489 397 313 118 att
1668 397 402 118 sedan
1936 397 268 118 de
2025 397 447 118 derefter

510 506 498 198 begifvit
884 506 291 198 sig
1050 506 332 198 till
1258 506 830 198 Bolagsvardshuset
1964 506 249 198 No
2088 506 249 198 22
2171 506 208 198 vid

505 632 510 212 Sillgatan
897 632 235 212 de
1015 632 510 212 derstädes
1407 632 431 212 träffat
1720 632 353 212 Oscar
1916 632 471 212 Zachrisson

492 765 346 144 till
708 765 475 144 hvilken
1053 765 605 144 Pettersson
1529 765 389 144 velat
1788 765 389 144 lemna
2047 765 259 144 en
2134 765 302 144 svart

511 902 714 200 sidensjalett
1092 902 313 200 som
1270 902 402 200 denne
1538 902 357 200 dock
1762 902 357 200 icke
1940 902 536 200 emottagit;

498 1038 301 198 att
670 1038 258 198 de
799 1038 387 198 efter
1058 1038 301 198 att
1230 1038 387 198 hafva
1488 1038 560 198 aflägsnat
1918 1038 301 198 sig
2091 1038 344 198 från
2263 1038 215 198 om¬-

498 1171 558 178 förmälde
917 1171 558 178 värdshus
1336 1171 233 178 å
1429 1171 605 178 Sillgatan
1848 1171 605 178 sammanträf¬-

482 1266 309 224 fat
659 1266 309 224 med
835 1266 354 224 Larm
1057 1266 575 224 hvarefter
1499 1266 265 224 de
1631 1266 531 224 samtlige
1985 1266 442 224 åtföljts

500 1419 332 174 till
707 1419 498 174 Hultmans
1080 1419 373 174 holme
1329 1419 290 174 der
1495 1419 581 174 Pettersson
1951 1419 249 174 ur
2075 1419 249 174 en
2158 1419 332 174 plank¬-

476 1553 349 194 hög
676 1553 648 194 framtagit
1174 1553 748 194 regnkappan,
1773 1553 549 194 hvilken
2122 1553 299 194 Larm

494 1654 435 211 genast
798 1654 609 211 emottagit,
1276 1654 304 211 att
1450 1654 391 211 sedan
1711 1654 348 211 Larm
1928 1654 522 211 derefter
2276 1654 130 211 i

479 1788 330 223 ena
667 1788 659 223 kappfickan
1185 1788 471 223 funnit
1515 1788 283 223 en
1656 1788 377 223 hvit
1892 1788 471 223 näsduk
2175 1788 236 223 han

502 1920 486 201 nedlagt
856 1920 531 201 densamma
1254 1920 221 201 i
1342 1920 265 201 en
1475 1920 398 201 ficka
1740 1920 221 201 å
1828 1920 354 201 sina
2005 1920 354 201 Kläder

485 2058 593 220 hvarefter
941 2058 319 220 han
1124 2058 547 220 rengjort
1534 2058 456 220 kappan
1853 2058 319 220 och
1990 2058 456 220 inknutit

469 2173 586 183 densamma
909 2173 244 183 i
1007 2173 293 183 en
1153 2173 342 183 röd
1349 2173 538 183 näsduk,
1740 2173 342 183 att
1935 2173 391 183 Larm
2131 2173 244 183 och

490 2324 384 189 Oscar
746 2324 597 189 Zachrisson
1215 2324 511 189 derefter
1599 2324 213 189 i
1684 2324 511 189 sällskap
2025 2324 426 189 bortgått

469 2455 280 194 för
629 2455 280 194 att
789 2455 521 194 pantsätta
1190 2455 360 194 eller
1430 2455 360 194 sälja
1670 2455 440 194 kappan,
1991 2455 280 194 att
2111 2455 280 194 sedan

466 2576 546 185 Bernhard
876 2576 638 185 Zachrisson
1377 2576 319 185 den
1559 2576 273 185 28
1696 2576 455 185 dennes
2015 2576 273 185 på
2106 2576 273 185 f.m.

475 2724 273 196 på
611 2724 955 196 Kungsportsplatsen
1429 2724 773 196 sammanträffat
2065 2724 318 196 med
2202 2724 227 196 för

482 2854 385 183 andra
739 2854 385 183 resan
996 2854 385 183 stöld
1253 2854 557 183 straffade
1681 2854 257 183 fe
1810 2854 471 183 drängen
2109 2854 300 183 Johan

457 2960 607 160 Berndtsson
933 2960 347 160 från
1150 2960 563 160 Spekeröds
1583 2960 433 160 socken
1843 2960 520 160 Berndtsson

487 3082 257 208 då
616 3082 257 208 de
744 3082 513 208 åtskiljt
1129 3082 342 208 gått
1342 3082 898 208 Kungsportsavenyer
2069 3082 385 208 utefter

455 3211 211 174 i
539 3211 506 174 riktning
918 3211 295 174 mot
1087 3211 590 174 Lorensberg
1550 3211 506 174 hvaremot
1887 3211 506 174 Zachrisson

461 3350 514 163 begifvit
847 3350 300 163 sig
1018 3350 343 163 till
1233 3350 557 163 Hagaheden
1661 3350 300 163 der
1833 3350 300 163 han
2004 3350 386 163 efter
2219 3350 171 163 en

436 3448 376 204 kort
671 3448 423 204 stund
953 3448 376 204 åter
1187 3448 798 204 sammanträffat
1845 3448 329 204 med
1985 3448 423 204 bemälde

449 3600 649 168 Berndtsson
958 3600 324 168 som
1144 3600 278 168 då
1283 3600 556 168 innehade
1700 3600 278 168 en
1792 3600 510 168 grönmålad

464 3722 600 159 barnvagn,
925 3722 508 159 hvilken
1295 3722 323 159 han
1479 3722 508 159 anmodat
1802 3722 554 159 Zachrisson

2668 177 487 184 försälja;
3042 177 262 184 att
3192 177 524 184 Zachrisson
3604 177 262 184 som
3754 177 487 184 misstänkt
4128 177 262 184 det
4241 177 337 184 Berndt¬-

2672 330 253 154 son
2816 330 217 154 på
2925 330 397 154 oärligt
3214 330 289 154 sätt
3394 330 433 154 åtkommit
3719 330 397 154 vagnen,
4008 330 289 154 till
4189 330 217 154 en
4261 330 289 154 början

2655 446 324 188 icke
2857 446 364 188 vetat
3100 446 324 188 taga
3302 446 364 188 någon
3545 446 566 188 befattning
3990 446 283 188 med
4111 446 445 188 densamma,

2652 608 251 151 men
2796 608 467 151 slutligen
3155 608 467 151 emottagit
3514 608 287 151 den;
3694 608 251 151 att
3837 608 503 151 Zachrisson
4233 608 216 151 pa
4304 608 216 151 upp¬-

2649 691 371 192 maning
2908 691 222 192 af
3020 691 519 192 Berndtsson
3427 691 259 192 för
3576 691 259 192 att
3724 691 408 192 utbjuda
4020 691 371 192 vagnen
4243 691 222 192 till

2624 818 563 200 försäljning
3075 818 375 200 inhört
3337 818 450 200 densamma
3675 818 188 200 å
3750 818 375 200 gården
4013 818 300 200 till
4200 818 338 200 huset
4388 818 150 200 No

2636 937 320 188 100
2819 937 228 188 å
2910 937 594 188 Hagaheden
3367 937 320 188 att
3550 937 274 188 då
3687 937 640 188 Berndtsson
4190 937 228 188 å
4235 937 320 188 vägen

2633 1058 523 159 derstädes
3035 1058 643 159 varseblifvit
3558 1058 241 159 en
3678 1058 603 159 uniformerad
4121 1058 442 159 Poliskon¬-

2623 1164 443 203 stapel
2933 1164 310 203 han
3110 1164 576 203 skyndsamt
3553 1164 576 203 aflägsnat
3995 1164 310 203 sig
4128 1164 443 203 hvaremot

2585 1309 662 190 Zachrisson
3105 1309 709 190 qvarstadnat
3672 1309 331 190 med
3861 1309 473 190 vagnen
4192 1309 331 190 och
4334 1309 189 190 då

2636 1443 306 210 han
2811 1443 350 210 icke
3030 1443 481 210 lyckats
3379 1443 393 210 sälja
3641 1443 524 210 densamma
4035 1443 218 210 i
4078 1443 481 210 sistnämde

2638 1554 294 189 hus
2806 1554 377 189 ämnat
3057 1554 294 189 med
3225 1554 419 189 vagnen
3519 1554 461 189 begifva
3854 1554 294 189 sig
4022 1554 335 189 till
4190 1554 377 189 Landala

2625 1714 307 198 men
2801 1714 702 198 dessförinnan
3371 1714 482 198 blifvit
3678 1714 175 198 af

3687 1650 152 96 i
3747 1650 364 96 närheten
3990 1650 424 96 Landalaledet

3803 1695 699 148 Mureriarbetaren

2608 1817 563 229 Ljungqvist
3050 1817 443 229 hvilken
3372 1817 362 229 under
3614 1817 443 229 uppgift
3935 1817 282 229 att
4096 1817 402 229 vagnen
4338 1817 241 229 vore

2618 1956 468 196 stulen
2946 1956 609 196 fråntagit
3414 1956 421 196 honom
3648 1956 515 196 densamma.

2632 2042 606 280 Ofvannamde
3108 2042 606 280 Berndtsson
3583 2042 303 280 har
3756 2042 476 280 blifvit
4059 2042 476 280 eftersökt

2629 2210 316 177 men
2810 2210 271 177 ej
2945 2210 452 177 kunnat
3216 2210 542 177 anträffas.

2627 2310 272 183 På
2763 2310 407 183 grund
3034 2310 272 183 af
3170 2310 362 183 hvad
3396 2310 498 183 sålunda
3758 2310 634 183 förekommit
4211 2310 362 183 kommer

2659 2413 469 192 Bernhard
3010 2413 547 192 Zackrisson
3440 2413 273 192 att
3596 2413 351 192 denna
3830 2413 273 192 dag
3986 2413 273 192 för
4104 2413 429 192 Poliskam¬-

2632 2588 391 156 maren
2849 2588 521 156 inställas.

3368 2570 439 211 Göteborg
3698 2570 256 211 den
3844 2570 220 211 28
3954 2570 476 211 September
4284 2570 256 211 1880.

4527 2655 299 164 No
4627 2655 249 164 209

4516 2797 358 112 Maria
4715 2797 239 112 Mag¬-

4512 2873 266 135 dalena
4672 2873 293 135 Berndtson

2693 2734 542 221 Måndagen
3100 2734 316 221 den
3280 2734 271 221 27
3416 2734 452 221 dennes
3732 2734 542 221 anhöllst
4139 2734 271 221 af
4229 2734 362 221 Detek¬-

2645 2868 720 222 tivkonstapeln
3238 2868 254 222 C.
3365 2868 254 222 G.
3492 2868 424 222 Andrén
3788 2868 297 222 för
3958 2868 381 222 andra
4170 2868 297 222 resan

2637 2987 541 197 snatteri
3043 2987 587 197 straffade
3494 2987 496 197 Hustrun
3855 2987 406 197 Maria
4081 2987 496 197 Magdalena

2613 3135 700 183 Berndtsson,
3173 3135 513 183 hvilken
3546 3135 513 183 befanns
3920 3135 606 183 innehafva
4339 3135 187 183 en

2625 3251 407 249 butelj
2910 3251 448 249 tunnöl,
3236 3251 244 249 en
3358 3251 407 249 flaska
3643 3251 855 249 Carlspadervatten,
4336 3251 244 249 samt

2631 3408 257 219 en
2760 3408 599 219 tombutelj,
3230 3408 299 219 för
3401 3408 471 219 åtkomst
3744 3408 513 219 hvartill
4129 3408 299 219 han
4257 3408 171 219 ej

2614 3503 476 236 kunnat
2948 3503 572 236 redogöra
3376 3503 333 236 och
3567 3503 333 236 har
3757 3503 429 236 Maria
3996 3503 572 236 Berndtsson

2623 3654 318 218 vid
2804 3654 318 218 det
2986 3654 318 218 med
3168 3654 409 218 henne
3441 3654 591 218 anställda
3896 3654 455 218 förhör
4169 3654 409 218 vidgått
