5029 4060
483 153 437 157 hvarefter
819 153 201 157 de
920 153 504 157 allesammans
1323 153 269 157 gått
1491 153 269 157 till
1659 153 470 157 Hagaheden,
2028 153 235 157 der
2129 153 302 157 sjömän¬-

492 256 232 183 nen
624 256 166 183 å
691 256 331 183 gatan,
923 256 232 183 som
1055 256 298 183 leder
1254 256 331 183 uppför
1486 256 563 183 Skojarbacken,
1950 256 331 183 kommit
2182 256 166 183 i
2215 256 199 183 gräl

483 380 244 166 och
623 380 419 166 slagsmål
937 380 244 166 med
1076 380 314 166 några
1286 380 384 166 karlar,
1565 380 279 166 samt
1739 380 244 166 att
1879 380 454 166 Sjömännen
2193 380 244 166 slut¬-

475 495 289 187 ligen
668 495 289 187 tagit
860 495 257 187 till
1021 495 385 187 flykten,
1310 495 418 187 hvarefter
1631 495 289 187 Lorén
1824 495 257 187 gått
1984 495 225 187 hem
2113 495 257 187 till
2241 495 161 187 sin

483 622 376 124 bostad,
756 622 479 124 medtagande
1132 622 410 124 paketet,
1440 622 376 124 hvilket
1713 622 239 124 han
1850 622 205 124 då
1953 622 342 124 funnit
2158 622 239 124 inne¬-

461 722 318 180 hålla
672 722 247 180 ett
814 722 247 180 par
955 722 247 180 nya
1096 722 318 180 mörka
1272 722 565 180 korderojbyxor;

469 798 193 192 2o
565 798 321 192 Amalia
790 798 353 192 Jonsson
1046 798 225 192 och
1175 798 193 192 3o
1271 798 802 192 Bleckslageriarbetaren
1977 798 321 192 Alfred
2169 798 225 192 Berg,

478 910 327 200 boende
707 910 164 200 i
773 910 295 200 huset
969 910 196 200 No
1067 910 229 200 101
1198 910 262 200 Litt
1362 910 196 200 L.
1460 910 196 200 L.
1558 910 164 200 å
1624 910 458 200 Hagaheden,
1984 910 229 200 att
2082 910 327 200 Lördagen

491 1028 223 207 den
618 1028 191 207 31
714 1028 286 207 sist.
905 1028 255 207 Juli
1064 1028 223 207 kl.
1191 1028 350 207 omkring
1446 1028 191 207 11
1541 1028 286 207 e.m.,
1732 1028 191 207 då
1827 1028 223 207 han
1955 1028 159 207 i
2018 1028 382 207 sällskap
2273 1028 159 207 med

499 1160 730 178 Plåtslagerilärlingen
1137 1160 243 178 Axel
1289 1160 365 178 Svensson
1563 1160 213 178 och
1685 1160 304 178 dennes
1898 1160 304 178 broder
2080 1160 365 178 Stensprän¬-

495 1279 314 175 garen
705 1279 314 175 Johan
914 1279 314 175 Albin
1124 1279 419 175 Svensson
1439 1279 489 175 uppehållit
1823 1279 245 175 sig
1963 1279 175 175 å
1998 1279 384 175 Hagaheden

481 1374 244 166 han
620 1374 557 166 varseblifvit
1073 1374 244 166 tre
1212 1374 592 166 sjömansklädda
1700 1374 244 166 kla
1839 1374 348 166 karlar
2083 1374 244 166 och
2187 1374 174 166 två

492 1505 530 171 fruntimmer,
915 1505 353 171 hvilka
1163 1505 282 171 gått
1339 1505 247 171 dem
1480 1505 353 171 förbi;
1727 1505 247 171 att
1869 1505 282 171 Berg
2045 1505 247 171 och
2151 1505 212 171 hans

487 1600 397 200 sällskap
784 1600 198 200 på
884 1600 297 200 något
1082 1600 364 200 afstånd
1346 1600 297 200 följt
1545 1600 297 200 efter
1743 1600 264 200 till
1908 1600 331 200 hörnet
2140 1600 198 200 af
2206 1600 165 200 den

475 1735 301 199 öfver
675 1735 435 199 Hagaheden
1010 1735 368 199 löpande
1278 1735 301 199 vägen
1479 1735 234 199 och
1613 1735 335 199 gatan,
1848 1735 234 199 som
1982 1735 301 199 leder
2149 1735 268 199 uppför

488 1849 550 180 Skojarebacken,
947 1849 244 180 samt
1099 1849 214 180 att
1221 1849 275 180 Berg,
1405 1849 214 180 som
1527 1849 244 180 gått
1680 1849 275 180 litet
1863 1849 244 180 före
1985 1849 458 180 Svenssönerna,

493 1959 200 155 då
593 1959 367 155 träffat
860 1959 200 155 en
960 1959 467 155 åkaredräng
1327 1959 234 155 vid
1460 1959 267 155 namn
1627 1959 467 155 Andersson,
1994 1959 367 155 hvilken
2228 1959 200 155 kom¬-

502 2069 250 165 mit
645 2069 285 165 från
823 2069 250 165 det
966 2069 285 165 håll
1144 2069 357 165 längre
1394 2069 250 165 upp
1537 2069 214 165 på
1644 2069 499 165 sistnämnde
2036 2069 321 165 gata,
2215 2069 178 165 der

481 2169 478 230 Sjömännen
849 2169 441 230 stannat,
1180 2169 368 230 dervid
1437 2169 404 230 bemälde
1731 2169 478 230 Andersson
2062 2169 294 230 bjudit

471 2325 281 141 Berg
647 2325 246 141 och
787 2325 281 141 hans
963 2325 422 141 sällskap
1280 2325 211 141 på
1386 2325 387 141 bränvin
1667 2325 211 141 ur
1773 2325 211 141 en
1878 2325 387 141 medhafd
2125 2325 281 141 butelj

491 2420 262 204 samt
655 2420 394 204 derefter
950 2420 361 204 hastigt
1213 2420 426 204 aflägsnat
1541 2420 262 204 sig;
1705 2420 230 204 att
1836 2420 197 204 då
1934 2420 262 204 Berg
2098 2420 164 204 i
2131 2420 295 204 detsam¬-

469 2529 205 216 ma
571 2529 273 216 hört
742 2529 239 216 rop
879 2529 273 216 från
1050 2529 478 216 Sjömännen,
1425 2529 239 216 som
1562 2529 376 216 yttrat,
1835 2529 239 216 att
1972 2529 205 216 de
2040 2529 342 216 förlorat

484 2657 366 212 kläder,
750 2657 266 212 han,
916 2657 299 212 jemte
1115 2657 565 212 Svenssönerne,
1580 2657 266 212 gått
1747 2657 266 212 fram
1913 2657 199 212 på
2012 2657 299 212 gatan
2179 2657 199 212 till

482 2737 440 239 Sjömännen,
827 2737 346 239 hvarvid
1079 2737 251 239 gräl
1236 2737 377 239 uppstått
1519 2737 346 239 emellan
1770 2737 283 239 desse
1958 2737 220 239 och
2053 2737 314 239 Svenssö¬-

478 2863 324 221 nerne,
704 2863 324 221 hvilka
931 2863 356 221 sednare
1190 2863 324 221 slagit
1416 2863 194 221 en
1513 2863 194 221 af
1611 2863 453 221 Sjömannen;
1967 2863 227 221 att
2096 2863 194 221 då
2161 2863 194 221 der¬-

470 2995 263 170 vid
621 2995 225 170 de
733 2995 338 170 andre
959 2995 263 170 två
1109 2995 263 170 som
1259 2995 300 170 hade
1447 2995 338 170 några
1672 2995 526 170 fruntimmer
2085 2995 188 170 i
2123 2995 225 170 sitt

463 3076 388 227 sällskap,
761 3076 239 227 gått
911 3076 179 227 in
1000 3076 149 227 i
1060 3076 298 227 gården
1268 3076 239 227 till
1418 3076 268 227 huset
1597 3076 179 227 No
1686 3076 209 227 101
1805 3076 239 227 Litt
1954 3076 149 227 B
2014 3076 149 227 å
2044 3076 328 227 Hagaheden

465 3213 224 200 och
593 3213 224 200 den
721 3213 321 200 tredje
946 3213 417 200 aflägsnat
1266 3213 256 200 sig,
1426 3213 256 200 Berg
1587 3213 224 200 och
1715 3213 256 200 häns
1875 3213 385 200 sällskap
2132 3213 256 200 begif¬-

476 3313 232 189 vit
609 3313 232 189 sig
741 3313 265 189 från
907 3313 365 189 stället
1173 3313 265 189 till
1338 3313 265 189 sine
1504 3313 398 189 hemvist;
1803 3313 498 189 tilläggande
2168 3313 232 189 Berg,

471 3404 242 237 att
610 3404 208 237 då
714 3404 242 237 han
852 3404 242 237 vid
991 3404 312 237 mötet
1198 3404 242 237 med
1337 3404 485 237 Andersson,
1718 3404 277 237 sett
1891 3404 312 237 denne
2098 3404 277 237 bära
2237 3404 173 237 ett

463 3514 310 211 paket
669 3514 413 211 antingen
978 3514 310 211 under
1185 3514 241 211 ene
1322 3514 310 211 armen
1529 3514 310 211 eller
1735 3514 310 211 under
1942 3514 378 211 rocken,
2182 3514 241 211 hvil¬-

458 3665 395 187 betdera
745 3665 323 187 kunde
960 3665 287 187 Berg
1140 3665 287 187 icke
1319 3665 359 187 säkert
1570 3665 359 187 erinra
1786 3665 215 187 sig.

2579 172 187 218 4o
2672 172 747 218 Plåtslagarelärlingen
3326 172 249 218 Axel
3482 172 374 218 Svensson
3762 172 218 218 och
3886 172 187 218 5o
3949 172 529 218 Bergssprängaren

2584 321 273 180 Johan
2766 321 273 180 Albin
2947 321 394 180 Svensson,
3250 321 273 180 begge
3432 321 303 180 boende
3644 321 152 180 i
3705 321 273 180 huset
3887 321 182 180 No
3978 321 212 180 115
4099 321 242 180 Litt
4250 321 182 180 B.
4341 321 152 180 å
4371 321 152 180 Ha¬-

2581 457 380 164 gåheden:
2866 457 253 164 lika
3024 457 221 164 med
3151 457 285 164 Berg,
3340 457 221 164 med
3435 457 285 164 tillägg

2611 509 265 237 Axel
2776 509 430 237 Svensson:
3107 509 232 237 att
3240 509 199 237 då
3339 509 232 237 han
3471 509 232 237 vid
3604 509 496 237 ifrågakomne
4001 509 430 237 tillfälle
4298 509 199 237 sko¬-

2577 633 246 223 lat
2717 633 211 223 gå
2823 633 316 223 förbi
3033 633 456 223 Sjömännen
3384 633 246 223 och
3524 633 211 223 en
3630 633 211 223 af
3735 633 316 223 desse
3946 633 351 223 dervid
4156 633 316 223 knuffat

2584 743 264 227 till
2749 743 330 227 honom,
2980 743 198 227 så
3079 743 231 227 att
3211 743 231 227 han
3343 743 330 227 fallit
3573 743 330 227 omkull
3804 743 198 227 på
3903 743 330 227 gatan,
4134 743 231 227 han
4233 743 264 227 stigit

2599 903 231 181 upp
2731 903 231 181 och
2863 903 428 181 tilldelat
3192 903 428 181 sjömannen
3522 903 231 181 ett
3653 903 297 181 slag;
3818 903 165 181 och

2630 999 296 214 Johan
2827 999 296 214 Albin
3024 999 427 214 Svensson:
3353 999 230 214 att
3484 999 230 214 han
3616 999 263 214 icke
3780 999 394 214 våldfört
4076 999 230 214 sig
4207 999 164 214 å
4240 999 230 214 någon

2585 1159 225 173 af
2661 1159 450 173 Sjömännen.

2724 1180 414 223 Tisdagen
3034 1180 242 223 den
3172 1180 173 223 3
3241 1180 345 223 dennes
3483 1180 311 223 hafva
3690 1180 380 223 bemälde
3966 1180 483 223 Konstaplar
4311 1180 173 223 an¬-

2593 1321 318 177 hållit
2816 1321 223 177 för
2943 1321 318 177 första
3166 1321 286 177 resan
3357 1321 286 177 stöld
3548 1321 414 177 straffade
3866 1321 350 177 Drängen
4121 1321 318 177 August
4312 1321 159 177 An¬-

2578 1409 392 185 dersson,
2873 1409 392 185 anställd
3167 1409 229 185 och
3298 1409 327 185 boende
3527 1409 229 185 hos
3658 1409 327 185 Åkaren
3887 1409 327 185 Martin
4116 1409 425 185 Andersson
4410 1409 98 185 i

2593 1558 305 159 huset
2796 1558 203 159 No
2898 1558 203 159 24
2999 1558 237 159 vid
3135 1558 440 159 Skolgatan
3473 1558 169 159 i
3541 1558 305 159 Haga,
3744 1558 372 159 hvilken
4015 1558 339 159 dervid
4218 1558 305 159 inneha¬-

2594 1642 195 178 de
2692 1642 423 178 Sjömannen
3017 1642 488 178 Martinssens
3407 1642 553 178 korderojväst,
3863 1642 423 178 drängarne
4155 1642 358 178 Almqvists

2598 1754 207 195 blå
2717 1754 207 195 och
2835 1754 443 195 hvitrandiga
3189 1754 325 195 skjorta
3425 1754 236 195 samt
3572 1754 325 195 Olssons
3808 1754 502 195 fårskinnsväst
4221 1754 207 195 och
4310 1754 236 195 linne¬-

2564 1949 397 114 kalsonger.

2756 1938 223 222 Wid
2884 1938 223 222 det
3011 1938 223 222 med
3138 1938 318 222 August
3361 1938 414 222 Andersson
3679 1938 159 222 i
3743 1938 414 222 anledning
4061 1938 287 222 häraf
4221 1938 318 222 anställ¬-

2597 2064 218 208 da
2706 2064 363 208 förhör
2960 2064 254 208 har
3105 2064 254 208 han
3250 2064 545 208 beträffande
3686 2064 545 208 tillgreppet
4122 2064 291 208 från
4267 2064 218 208 Alm¬-

2603 2189 284 212 qvist
2793 2189 221 212 och
2919 2189 316 212 Olsson
3140 2189 442 212 uppgifvit,
3488 2189 221 212 att
3614 2189 190 212 då
3709 2189 221 212 han
3836 2189 316 212 natten
4057 2189 253 212 till
4215 2189 221 212 den
4341 2189 158 212 1
4373 2189 126 212 ds

2594 2291 345 213 kommit
2835 2291 345 213 gående
3076 2291 172 213 i
3145 2291 586 213 Landalabergen
3627 2291 241 213 och
3765 2291 345 213 dervid
4006 2291 413 213 passerat
4282 2291 241 213 förbi

2580 2427 319 217 Åkaren
2803 2427 415 217 Brattfors
3122 2427 415 217 derstädes
3441 2427 351 217 belägne
3697 2427 542 217 stallbyggnad,
4143 2427 191 217 en
4207 2427 287 217 obekant

2588 2542 293 203 karl,
2784 2542 228 203 som
2914 2542 455 203 uppehållit
3272 2542 228 203 sig
3402 2542 293 203 invid
3597 2542 455 203 byggnaden,
3955 2542 390 203 beklagat
4248 2542 228 203 sig
4345 2542 163 203 öf¬-

2593 2671 243 202 ver
2732 2671 243 202 att
2871 2671 243 202 han
3010 2671 278 202 icke
3184 2671 278 202 hade
3357 2671 313 202 någon
3566 2671 382 202 bostad;
3843 2671 174 202 i
3913 2671 451 202 anledning
4225 2671 278 202 hvaraf

2579 2734 410 271 Andersson
2895 2734 378 271 tillsagt
3179 2734 347 271 karlen,
3431 2734 221 271 att
3557 2734 252 271 han,
3715 2734 347 271 medelst
3967 2734 221 271 att
4093 2734 347 271 klättra
4314 2734 189 271 upp¬-

2587 2885 234 249 för
2720 2885 234 249 ett
2854 2885 301 249 invid
3054 2885 434 249 byggnaden
3389 2885 368 249 beläget
3656 2885 334 249 mindre
3890 2885 334 249 uthus,
4124 2885 301 249 kunde
4291 2885 234 249 bere¬-

2588 3012 197 210 da
2687 3012 230 210 sig
2818 3012 362 210 inträde
3081 3012 164 210 i
3147 3012 592 210 stallbyggnaden
3640 3012 296 210 genom
3837 3012 197 210 en
3936 3012 263 210 uppe
4100 3012 230 210 vid
4199 3012 296 210 takåsen

2581 3081 408 273 befintlig
2895 3081 377 273 öppning;
3177 3081 220 273 att
3303 3081 283 273 sedan
3491 3081 346 273 karlen,
3743 3081 220 273 som
3868 3081 440 273 emellertid
4214 3081 283 273 följt
4371 3081 157 273 An¬-

2590 3209 366 245 derssons
2865 3209 214 245 råd
2987 3209 214 245 och
3109 3209 183 245 på
3201 3209 427 245 omförmälda
3536 3209 305 245 sättet
3750 3209 366 245 inkrupit
4024 3209 153 245 i
4055 3209 488 245 Stallbyggnaden

2581 3347 265 182 kort
2747 3347 398 182 derefter
3045 3347 431 182 återvändt
3377 3347 299 182 samma
3576 3347 232 182 dag
3709 3347 232 182 väg
3841 3347 332 182 dervid
4074 3347 265 182 han,
4239 3347 232 182 med
4339 3347 199 182 för¬-

2605 3453 282 198 mälan
2793 3453 219 198 att
2918 3453 219 198 han
3043 3453 345 198 lyckats
3294 3453 407 198 tillgripa
3607 3453 439 198 åtskilliga
3952 3453 501 198 klädesplagg,
4328 3453 188 198 med¬-

2604 3580 244 181 haft
2757 3580 366 181 samtlige
3032 3580 183 181 de
3123 3580 427 181 persedlar,
3459 3580 214 181 som
3581 3580 366 181 Almqvist
3856 3580 214 181 och
3978 3580 305 181 Olsson
4161 3580 336 181 uppgifvit

2601 3691 216 211 sig
2724 3691 277 211 hafva
2909 3691 308 211 mistat
3125 3691 216 211 och
3248 3691 308 211 hvilka
3464 3691 400 211 Andersson
3772 3691 216 211 och
3895 3691 308 211 karlen
4110 3691 216 211 sig
4203 3691 277 211 emellan
