<?xml version="1.0" encoding="UTF-8"?>
<alto xmlns:xsi="http://www.w3.org/2001/XMLSchema-instance"
      xmlns="http://www.loc.gov/standards/alto/ns-v4#"
      xmlns:page="http://schema.primaresearch.org/PAGE/gts/pagecontent/2013-07-15"
      xsi:schemaLocation="http://www.loc.gov/standards/alto/ns-v4# https://www.loc.gov/standards/alto/v4/alto.xsd">
   <Description>
      <MeasurementUnit>pixel</MeasurementUnit>
      <OCRProcessing ID="IdOcr">
         <ocrProcessingStep>
            <processingDateTime>2022-11-18T16:09:58.518+01:00</processingDateTime>
            <processingSoftware>
               <softwareCreator>READ COOP</softwareCreator>
               <softwareName>Transkribus</softwareName>
            </processingSoftware>
         </ocrProcessingStep>
      </OCRProcessing>
   </Description>
   <Tags/>
   <Layout>
      <Page ID="Page1" PHYSICAL_IMG_NR="1" HEIGHT="4137" WIDTH="5014">
         <TopMargin HEIGHT="0" WIDTH="5014" VPOS="0" HPOS="0"/>
         <LeftMargin HEIGHT="4137" WIDTH="0" VPOS="0" HPOS="0"/>
         <RightMargin HEIGHT="4137" WIDTH="0" VPOS="0" HPOS="5014"/>
         <BottomMargin HEIGHT="0" WIDTH="5014" VPOS="4137" HPOS="0"/>
         <PrintSpace HEIGHT="4137" WIDTH="5014" VPOS="0" HPOS="0">
            <TextBlock ID="TextRegion_1584721748815_9638"
                       HEIGHT="335"
                       WIDTH="1963"
                       VPOS="198"
                       HPOS="481">
               <Shape>
                  <Polygon POINTS="481,198 2444,229 2433,482 486,533"/>
               </Shape>
               <TextLine ID="r2l1"
                         BASELINE="500,280 532,279 565,278 598,278 631,276 664,276 697,276 730,276 763,274 796,274 829,274 861,274 894,272 927,272 960,272 993,270 1026,270 1059,270 1092,268 1125,267 1158,266"
                         HEIGHT="173"
                         WIDTH="685"
                         VPOS="169"
                         HPOS="487">
                  <String HEIGHT="173"
                          WIDTH="308"
                          VPOS="169"
                          HPOS="453"
                          CONTENT="fogas"/>
                  <SP HEIGHT="173" WIDTH="34" VPOS="169" HPOS="761"/>
                  <String HEIGHT="173"
                          WIDTH="308"
                          VPOS="169"
                          HPOS="658"
                          CONTENT="denna"/>
                  <SP HEIGHT="173" WIDTH="34" VPOS="169" HPOS="967"/>
                  <String HEIGHT="173"
                          WIDTH="343"
                          VPOS="169"
                          HPOS="830"
                          CONTENT="rapport."/>
               </TextLine>
               <TextLine ID="r2l2"
                         BASELINE="624,384 714,379 804,375 894,372 984,368 1074,366 1164,364 1254,362 1344,362 1434,362 1525,362 1615,362 1705,362 1795,362 1885,362 1975,362 2065,363 2155,364 2245,364 2335,364 2426,362"
                         HEIGHT="172"
                         WIDTH="1827"
                         VPOS="265"
                         HPOS="611">
                  <String HEIGHT="172" WIDTH="192" VPOS="265" HPOS="579" CONTENT="På"/>
                  <SP HEIGHT="172" WIDTH="32" VPOS="265" HPOS="771"/>
                  <String HEIGHT="172"
                          WIDTH="288"
                          VPOS="265"
                          HPOS="675"
                          CONTENT="grund"/>
                  <SP HEIGHT="172" WIDTH="32" VPOS="265" HPOS="964"/>
                  <String HEIGHT="172" WIDTH="192" VPOS="265" HPOS="867" CONTENT="af"/>
                  <SP HEIGHT="172" WIDTH="32" VPOS="265" HPOS="1060"/>
                  <String HEIGHT="172"
                          WIDTH="256"
                          VPOS="265"
                          HPOS="964"
                          CONTENT="hvad"/>
                  <SP HEIGHT="172" WIDTH="32" VPOS="265" HPOS="1220"/>
                  <String HEIGHT="172"
                          WIDTH="353"
                          VPOS="265"
                          HPOS="1124"
                          CONTENT="sålunda"/>
                  <SP HEIGHT="172" WIDTH="32" VPOS="265" HPOS="1476"/>
                  <String HEIGHT="172"
                          WIDTH="481"
                          VPOS="265"
                          HPOS="1380"
                          CONTENT="förekommit,"/>
                  <SP HEIGHT="172" WIDTH="32" VPOS="265" HPOS="1861"/>
                  <String HEIGHT="172"
                          WIDTH="321"
                          VPOS="265"
                          HPOS="1765"
                          CONTENT="kommer"/>
                  <SP HEIGHT="172" WIDTH="32" VPOS="265" HPOS="2085"/>
                  <String HEIGHT="172"
                          WIDTH="256"
                          VPOS="265"
                          HPOS="1989"
                          CONTENT="Nils"/>
                  <SP HEIGHT="172" WIDTH="32" VPOS="265" HPOS="2246"/>
                  <String HEIGHT="172"
                          WIDTH="321"
                          VPOS="265"
                          HPOS="2117"
                          CONTENT="Paulsson"/>
               </TextLine>
               <TextLine ID="line_1584721780617_9643"
                         BASELINE="540,500 790,486 1142,472 1474,466 1671,476 1822,478 1967,474 2150,460 2378,458"
                         HEIGHT="143"
                         WIDTH="1863"
                         VPOS="373"
                         HPOS="526">
                  <String HEIGHT="143"
                          WIDTH="217"
                          VPOS="373"
                          HPOS="495"
                          CONTENT="att"/>
                  <SP HEIGHT="143" WIDTH="31" VPOS="373" HPOS="712"/>
                  <String HEIGHT="143"
                          WIDTH="279"
                          VPOS="373"
                          HPOS="619"
                          CONTENT="denna"/>
                  <SP HEIGHT="143" WIDTH="31" VPOS="373" HPOS="899"/>
                  <String HEIGHT="143"
                          WIDTH="217"
                          VPOS="373"
                          HPOS="805"
                          CONTENT="dag"/>
                  <SP HEIGHT="143" WIDTH="31" VPOS="373" HPOS="1023"/>
                  <String HEIGHT="143"
                          WIDTH="217"
                          VPOS="373"
                          HPOS="930"
                          CONTENT="för"/>
                  <SP HEIGHT="143" WIDTH="31" VPOS="373" HPOS="1147"/>
                  <String HEIGHT="143"
                          WIDTH="217"
                          VPOS="373"
                          HPOS="1054"
                          CONTENT="PKn"/>
                  <SP HEIGHT="143" WIDTH="31" VPOS="373" HPOS="1271"/>
                  <String HEIGHT="143"
                          WIDTH="435"
                          VPOS="373"
                          HPOS="1178"
                          CONTENT="inställas."/>
                  <SP HEIGHT="143" WIDTH="31" VPOS="373" HPOS="1613"/>
                  <String HEIGHT="143"
                          WIDTH="373"
                          VPOS="373"
                          HPOS="1520"
                          CONTENT="Göteborg"/>
                  <SP HEIGHT="143" WIDTH="31" VPOS="373" HPOS="1892"/>
                  <String HEIGHT="143"
                          WIDTH="217"
                          VPOS="373"
                          HPOS="1799"
                          CONTENT="den"/>
                  <SP HEIGHT="143" WIDTH="31" VPOS="373" HPOS="2016"/>
                  <String HEIGHT="143"
                          WIDTH="186"
                          VPOS="373"
                          HPOS="1923"
                          CONTENT="15"/>
                  <SP HEIGHT="143" WIDTH="31" VPOS="373" HPOS="2110"/>
                  <String HEIGHT="143"
                          WIDTH="279"
                          VPOS="373"
                          HPOS="2016"
                          CONTENT="Sept."/>
                  <SP HEIGHT="143" WIDTH="31" VPOS="373" HPOS="2296"/>
                  <String HEIGHT="143"
                          WIDTH="217"
                          VPOS="373"
                          HPOS="2172"
                          CONTENT="1880."/>
               </TextLine>
            </TextBlock>
            <TextBlock ID="r1" HEIGHT="281" WIDTH="373" VPOS="556" HPOS="126">
               <Shape>
                  <Polygon POINTS="132,556 126,837 499,816 484,556"/>
               </Shape>
               <TextLine ID="r1l1"
                         BASELINE="156,624 182,621 208,619 234,616 260,614 286,611 313,608 339,606 365,606 391,608 417,610 444,616"
                         HEIGHT="156"
                         WIDTH="318"
                         VPOS="523"
                         HPOS="140">
                  <String HEIGHT="156" WIDTH="273" VPOS="523" HPOS="95" CONTENT="No"/>
                  <SP HEIGHT="156" WIDTH="45" VPOS="523" HPOS="367"/>
                  <String HEIGHT="156"
                          WIDTH="273"
                          VPOS="523"
                          HPOS="185"
                          CONTENT="194."/>
               </TextLine>
               <TextLine ID="r1l2"
                         BASELINE="132,732 157,730 182,729 207,727 232,725 257,724 282,724 308,722 333,721 358,720 383,719 408,718 433,718 458,717 484,716"
                         HEIGHT="118"
                         WIDTH="381"
                         VPOS="660"
                         HPOS="117">
                  <String HEIGHT="118"
                          WIDTH="262"
                          VPOS="660"
                          HPOS="93"
                          CONTENT="Amandus"/>
                  <SP HEIGHT="118" WIDTH="24" VPOS="660" HPOS="355"/>
                  <String HEIGHT="118"
                          WIDTH="238"
                          VPOS="660"
                          HPOS="260"
                          CONTENT="Berndts¬"
                          SUBS_TYPE="HypPart1"
                          SUBS_CONTENT="Berndtsson."/>
                  <HYP CONTENT="-"/>
               </TextLine>
               <TextLine ID="r1l3"
                         BASELINE="150,802 181,802 212,800"
                         HEIGHT="92"
                         WIDTH="89"
                         VPOS="749"
                         HPOS="137">
                  <String HEIGHT="92"
                          WIDTH="134"
                          VPOS="749"
                          HPOS="93"
                          CONTENT="son."
                          SUBS_TYPE="HypPart2"
                          SUBS_CONTENT="Berndtsson."/>
               </TextLine>
            </TextBlock>
            <TextBlock ID="TextRegion_1584721748815_9637"
                       HEIGHT="3272"
                       WIDTH="2000"
                       VPOS="520"
                       HPOS="446">
               <Shape>
                  <Polygon POINTS="472,550 2446,520 2446,3792 446,3792"/>
               </Shape>
               <TextLine ID="r2l4"
                         BASELINE="624,608 715,605 806,601 897,598 988,595 1079,592 1170,590 1261,588 1352,587 1443,586 1535,584 1626,584 1717,583 1808,582 1899,582 1990,582 2081,582 2172,582 2263,582 2354,580 2446,580"
                         HEIGHT="171"
                         WIDTH="1847"
                         VPOS="482"
                         HPOS="611">
                  <String HEIGHT="171" WIDTH="173" VPOS="482" HPOS="582" CONTENT="På"/>
                  <SP HEIGHT="171" WIDTH="29" VPOS="482" HPOS="755"/>
                  <String HEIGHT="171"
                          WIDTH="317"
                          VPOS="482"
                          HPOS="669"
                          CONTENT="anmälan"/>
                  <SP HEIGHT="171" WIDTH="29" VPOS="482" HPOS="986"/>
                  <String HEIGHT="171" WIDTH="173" VPOS="482" HPOS="900" CONTENT="af"/>
                  <SP HEIGHT="171" WIDTH="29" VPOS="482" HPOS="1073"/>
                  <String HEIGHT="171"
                          WIDTH="577"
                          VPOS="482"
                          HPOS="986"
                          CONTENT="Slagtaremästaren"/>
                  <SP HEIGHT="171" WIDTH="29" VPOS="482" HPOS="1563"/>
                  <String HEIGHT="171"
                          WIDTH="173"
                          VPOS="482"
                          HPOS="1477"
                          CONTENT="J."/>
                  <SP HEIGHT="171" WIDTH="29" VPOS="482" HPOS="1650"/>
                  <String HEIGHT="171"
                          WIDTH="173"
                          VPOS="482"
                          HPOS="1563"
                          CONTENT="A."/>
                  <SP HEIGHT="171" WIDTH="29" VPOS="482" HPOS="1737"/>
                  <String HEIGHT="171"
                          WIDTH="202"
                          VPOS="482"
                          HPOS="1650"
                          CONTENT="von"/>
                  <SP HEIGHT="171" WIDTH="29" VPOS="482" HPOS="1852"/>
                  <String HEIGHT="171"
                          WIDTH="260"
                          VPOS="482"
                          HPOS="1765"
                          CONTENT="Reis,"/>
                  <SP HEIGHT="171" WIDTH="29" VPOS="482" HPOS="2025"/>
                  <String HEIGHT="171"
                          WIDTH="346"
                          VPOS="482"
                          HPOS="1939"
                          CONTENT="delegare"/>
                  <SP HEIGHT="171" WIDTH="29" VPOS="482" HPOS="2285"/>
                  <String HEIGHT="171" WIDTH="144" VPOS="482" HPOS="2198" CONTENT="i"/>
                  <SP HEIGHT="171" WIDTH="29" VPOS="482" HPOS="2343"/>
                  <String HEIGHT="171"
                          WIDTH="231"
                          VPOS="482"
                          HPOS="2227"
                          CONTENT="firman"/>
               </TextLine>
               <TextLine ID="r2l5"
                         BASELINE="544,722 636,717 729,713 821,710 914,708 1007,705 1099,703 1192,702 1284,700 1377,698 1470,698 1562,696 1655,696 1747,696 1840,694 1933,694 2025,692 2118,690 2210,689 2303,688 2396,684"
                         HEIGHT="164"
                         WIDTH="1876"
                         VPOS="588"
                         HPOS="532">
                  <String HEIGHT="164" WIDTH="176" VPOS="588" HPOS="503" CONTENT="A."/>
                  <SP HEIGHT="164" WIDTH="29" VPOS="588" HPOS="679"/>
                  <String HEIGHT="164"
                          WIDTH="205"
                          VPOS="588"
                          HPOS="591"
                          CONTENT="von"/>
                  <SP HEIGHT="164" WIDTH="29" VPOS="588" HPOS="796"/>
                  <String HEIGHT="164"
                          WIDTH="264"
                          VPOS="588"
                          HPOS="708"
                          CONTENT="Reis,"/>
                  <SP HEIGHT="164" WIDTH="29" VPOS="588" HPOS="972"/>
                  <String HEIGHT="164"
                          WIDTH="205"
                          VPOS="588"
                          HPOS="884"
                          CONTENT="som"/>
                  <SP HEIGHT="164" WIDTH="29" VPOS="588" HPOS="1089"/>
                  <String HEIGHT="164"
                          WIDTH="205"
                          VPOS="588"
                          HPOS="1001"
                          CONTENT="har"/>
                  <SP HEIGHT="164" WIDTH="29" VPOS="588" HPOS="1206"/>
                  <String HEIGHT="164"
                          WIDTH="205"
                          VPOS="588"
                          HPOS="1118"
                          CONTENT="sin"/>
                  <SP HEIGHT="164" WIDTH="29" VPOS="588" HPOS="1323"/>
                  <String HEIGHT="164"
                          WIDTH="264"
                          VPOS="588"
                          HPOS="1236"
                          CONTENT="butik"/>
                  <SP HEIGHT="164" WIDTH="29" VPOS="588" HPOS="1499"/>
                  <String HEIGHT="164" WIDTH="147" VPOS="588" HPOS="1411" CONTENT="i"/>
                  <SP HEIGHT="164" WIDTH="29" VPOS="588" HPOS="1558"/>
                  <String HEIGHT="164"
                          WIDTH="264"
                          VPOS="588"
                          HPOS="1470"
                          CONTENT="huset"/>
                  <SP HEIGHT="164" WIDTH="29" VPOS="588" HPOS="1734"/>
                  <String HEIGHT="164"
                          WIDTH="176"
                          VPOS="588"
                          HPOS="1646"
                          CONTENT="No"/>
                  <SP HEIGHT="164" WIDTH="29" VPOS="588" HPOS="1822"/>
                  <String HEIGHT="164" WIDTH="147" VPOS="588" HPOS="1734" CONTENT="7"/>
                  <SP HEIGHT="164" WIDTH="29" VPOS="588" HPOS="1880"/>
                  <String HEIGHT="164"
                          WIDTH="205"
                          VPOS="588"
                          HPOS="1792"
                          CONTENT="vid"/>
                  <SP HEIGHT="164" WIDTH="29" VPOS="588" HPOS="1998"/>
                  <String HEIGHT="164"
                          WIDTH="469"
                          VPOS="588"
                          HPOS="1910"
                          CONTENT="Kungstorget,"/>
                  <SP HEIGHT="164" WIDTH="29" VPOS="588" HPOS="2379"/>
                  <String HEIGHT="164"
                          WIDTH="147"
                          VPOS="588"
                          HPOS="2261"
                          CONTENT="har"/>
               </TextLine>
               <TextLine ID="r2l6"
                         BASELINE="516,828 609,821 702,816 795,812 889,808 982,804 1075,802 1169,800 1262,798 1355,797 1449,796 1542,796 1635,796 1728,794 1822,794 1915,794 2008,792 2102,792 2195,790 2288,788 2382,786"
                         HEIGHT="128"
                         WIDTH="1891"
                         VPOS="708"
                         HPOS="503">
                  <String HEIGHT="128"
                          WIDTH="536"
                          VPOS="708"
                          HPOS="475"
                          CONTENT="Poliskonstapeln"/>
                  <SP HEIGHT="128" WIDTH="28" VPOS="708" HPOS="1011"/>
                  <String HEIGHT="128" WIDTH="169" VPOS="708" HPOS="926" CONTENT="No"/>
                  <SP HEIGHT="128" WIDTH="28" VPOS="708" HPOS="1096"/>
                  <String HEIGHT="128"
                          WIDTH="169"
                          VPOS="708"
                          HPOS="1011"
                          CONTENT="47"/>
                  <SP HEIGHT="128" WIDTH="28" VPOS="708" HPOS="1180"/>
                  <String HEIGHT="128"
                          WIDTH="339"
                          VPOS="708"
                          HPOS="1096"
                          CONTENT="Blomberg"/>
                  <SP HEIGHT="128" WIDTH="28" VPOS="708" HPOS="1434"/>
                  <String HEIGHT="128"
                          WIDTH="339"
                          VPOS="708"
                          HPOS="1350"
                          CONTENT="onsdagen"/>
                  <SP HEIGHT="128" WIDTH="28" VPOS="708" HPOS="1688"/>
                  <String HEIGHT="128"
                          WIDTH="198"
                          VPOS="708"
                          HPOS="1604"
                          CONTENT="den"/>
                  <SP HEIGHT="128" WIDTH="28" VPOS="708" HPOS="1801"/>
                  <String HEIGHT="128" WIDTH="141" VPOS="708" HPOS="1717" CONTENT="8"/>
                  <SP HEIGHT="128" WIDTH="28" VPOS="708" HPOS="1858"/>
                  <String HEIGHT="128"
                          WIDTH="169"
                          VPOS="708"
                          HPOS="1773"
                          CONTENT="ds"/>
                  <SP HEIGHT="128" WIDTH="28" VPOS="708" HPOS="1942"/>
                  <String HEIGHT="128"
                          WIDTH="169"
                          VPOS="708"
                          HPOS="1858"
                          CONTENT="kl"/>
                  <SP HEIGHT="128" WIDTH="28" VPOS="708" HPOS="2027"/>
                  <String HEIGHT="128" WIDTH="141" VPOS="708" HPOS="1942" CONTENT="4"/>
                  <SP HEIGHT="128" WIDTH="28" VPOS="708" HPOS="2084"/>
                  <String HEIGHT="128"
                          WIDTH="226"
                          VPOS="708"
                          HPOS="1999"
                          CONTENT="e.m."/>
                  <SP HEIGHT="128" WIDTH="28" VPOS="708" HPOS="2225"/>
                  <String HEIGHT="128"
                          WIDTH="282"
                          VPOS="708"
                          HPOS="2112"
                          CONTENT="anhållit"/>
               </TextLine>
               <TextLine ID="r2l7"
                         BASELINE="512,930 606,924 701,920 796,917 891,914 986,910 1081,908 1176,906 1271,904 1366,902 1461,902 1555,900 1650,900 1745,900 1840,898 1935,898 2030,898 2125,898 2220,900 2315,900 2410,900"
                         HEIGHT="171"
                         WIDTH="1922"
                         VPOS="805"
                         HPOS="500">
                  <String HEIGHT="171"
                          WIDTH="210"
                          VPOS="805"
                          HPOS="470"
                          CONTENT="och"/>
                  <SP HEIGHT="171" WIDTH="30" VPOS="805" HPOS="680"/>
                  <String HEIGHT="171"
                          WIDTH="240"
                          VPOS="805"
                          HPOS="590"
                          CONTENT="till"/>
                  <SP HEIGHT="171" WIDTH="30" VPOS="805" HPOS="830"/>
                  <String HEIGHT="171"
                          WIDTH="541"
                          VPOS="805"
                          HPOS="740"
                          CONTENT="Poliskammarens"/>
                  <SP HEIGHT="171" WIDTH="30" VPOS="805" HPOS="1281"/>
                  <String HEIGHT="171"
                          WIDTH="390"
                          VPOS="805"
                          HPOS="1191"
                          CONTENT="detektiva"/>
                  <SP HEIGHT="171" WIDTH="30" VPOS="805" HPOS="1581"/>
                  <String HEIGHT="171"
                          WIDTH="420"
                          VPOS="805"
                          HPOS="1491"
                          CONTENT="Afdelnings"/>
                  <SP HEIGHT="171" WIDTH="30" VPOS="805" HPOS="1911"/>
                  <String HEIGHT="171"
                          WIDTH="300"
                          VPOS="805"
                          HPOS="1821"
                          CONTENT="kontor"/>
                  <SP HEIGHT="171" WIDTH="30" VPOS="805" HPOS="2122"/>
                  <String HEIGHT="171"
                          WIDTH="300"
                          VPOS="805"
                          HPOS="2032"
                          CONTENT="affört"/>
                  <SP HEIGHT="171" WIDTH="30" VPOS="805" HPOS="2332"/>
                  <String HEIGHT="171"
                          WIDTH="210"
                          VPOS="805"
                          HPOS="2212"
                          CONTENT="Slag¬"
                          SUBS_TYPE="HypPart1"
                          SUBS_CONTENT="Slagtaredrängen"/>
                  <HYP CONTENT="-"/>
               </TextLine>
               <TextLine ID="r2l8"
                         BASELINE="514,1042 606,1038 699,1034 791,1030 884,1027 977,1024 1069,1022 1162,1020 1254,1017 1347,1014 1440,1013 1532,1012 1625,1010 1717,1008 1810,1007 1903,1006 1995,1004 2088,1003 2180,1002 2273,1000 2366,998"
                         HEIGHT="168"
                         WIDTH="1876"
                         VPOS="912"
                         HPOS="502">
                  <String HEIGHT="168"
                          WIDTH="485"
                          VPOS="912"
                          HPOS="470"
                          CONTENT="taredrängen"
                          SUBS_TYPE="HypPart2"
                          SUBS_CONTENT="Slagtaredrängen"/>
                  <SP HEIGHT="168" WIDTH="32" VPOS="912" HPOS="955"/>
                  <String HEIGHT="168"
                          WIDTH="356"
                          VPOS="912"
                          HPOS="858"
                          CONTENT="Amandus"/>
                  <SP HEIGHT="168" WIDTH="32" VPOS="912" HPOS="1214"/>
                  <String HEIGHT="168"
                          WIDTH="485"
                          VPOS="912"
                          HPOS="1117"
                          CONTENT="Berndtsson,"/>
                  <SP HEIGHT="168" WIDTH="32" VPOS="912" HPOS="1602"/>
                  <String HEIGHT="168"
                          WIDTH="388"
                          VPOS="912"
                          HPOS="1505"
                          CONTENT="anställd"/>
                  <SP HEIGHT="168" WIDTH="32" VPOS="912" HPOS="1893"/>
                  <String HEIGHT="168"
                          WIDTH="226"
                          VPOS="912"
                          HPOS="1796"
                          CONTENT="hos"/>
                  <SP HEIGHT="168" WIDTH="32" VPOS="912" HPOS="2022"/>
                  <String HEIGHT="168"
                          WIDTH="356"
                          VPOS="912"
                          HPOS="1925"
                          CONTENT="bemälde"/>
                  <SP HEIGHT="168" WIDTH="32" VPOS="912" HPOS="2281"/>
                  <String HEIGHT="168"
                          WIDTH="226"
                          VPOS="912"
                          HPOS="2152"
                          CONTENT="firma"/>
               </TextLine>
               <TextLine ID="r2l9"
                         BASELINE="504,1152 597,1147 691,1143 785,1140 878,1136 972,1132 1066,1129 1159,1126 1253,1124 1347,1121 1441,1118 1534,1116 1628,1114 1722,1112 1815,1110 1909,1108 2003,1106 2096,1106 2190,1104 2284,1102 2378,1102"
                         HEIGHT="156"
                         WIDTH="1897"
                         VPOS="1012"
                         HPOS="491">
                  <String HEIGHT="156"
                          WIDTH="221"
                          VPOS="1012"
                          HPOS="459"
                          CONTENT="och"/>
                  <SP HEIGHT="156" WIDTH="32" VPOS="1012" HPOS="681"/>
                  <String HEIGHT="156"
                          WIDTH="316"
                          VPOS="1012"
                          HPOS="586"
                          CONTENT="boende"/>
                  <SP HEIGHT="156" WIDTH="32" VPOS="1012" HPOS="902"/>
                  <String HEIGHT="156" WIDTH="158" VPOS="1012" HPOS="807" CONTENT="å"/>
                  <SP HEIGHT="156" WIDTH="32" VPOS="1012" HPOS="965"/>
                  <String HEIGHT="156"
                          WIDTH="379"
                          VPOS="1012"
                          HPOS="870"
                          CONTENT="Gubbero,"/>
                  <SP HEIGHT="156" WIDTH="32" VPOS="1012" HPOS="1250"/>
                  <String HEIGHT="156"
                          WIDTH="221"
                          VPOS="1012"
                          HPOS="1155"
                          CONTENT="för"/>
                  <SP HEIGHT="156" WIDTH="32" VPOS="1012" HPOS="1376"/>
                  <String HEIGHT="156"
                          WIDTH="221"
                          VPOS="1012"
                          HPOS="1281"
                          CONTENT="det"/>
                  <SP HEIGHT="156" WIDTH="32" VPOS="1012" HPOS="1503"/>
                  <String HEIGHT="156"
                          WIDTH="221"
                          VPOS="1012"
                          HPOS="1408"
                          CONTENT="han"/>
                  <SP HEIGHT="156" WIDTH="32" VPOS="1012" HPOS="1629"/>
                  <String HEIGHT="156"
                          WIDTH="253"
                          VPOS="1012"
                          HPOS="1534"
                          CONTENT="kort"/>
                  <SP HEIGHT="156" WIDTH="32" VPOS="1012" HPOS="1787"/>
                  <String HEIGHT="156"
                          WIDTH="285"
                          VPOS="1012"
                          HPOS="1692"
                          CONTENT="förut"/>
                  <SP HEIGHT="156" WIDTH="32" VPOS="1012" HPOS="1977"/>
                  <String HEIGHT="156"
                          WIDTH="190"
                          VPOS="1012"
                          HPOS="1882"
                          CONTENT="ur"/>
                  <SP HEIGHT="156" WIDTH="32" VPOS="1012" HPOS="2072"/>
                  <String HEIGHT="156"
                          WIDTH="190"
                          VPOS="1012"
                          HPOS="1977"
                          CONTENT="en"/>
                  <SP HEIGHT="156" WIDTH="32" VPOS="1012" HPOS="2167"/>
                  <String HEIGHT="156"
                          WIDTH="253"
                          VPOS="1012"
                          HPOS="2072"
                          CONTENT="låst"/>
                  <SP HEIGHT="156" WIDTH="32" VPOS="1012" HPOS="2325"/>
                  <String HEIGHT="156"
                          WIDTH="190"
                          VPOS="1012"
                          HPOS="2198"
                          CONTENT="låda"/>
               </TextLine>
               <TextLine ID="r2l10"
                         BASELINE="522,1254 615,1248 709,1243 803,1239 897,1236 991,1232 1084,1230 1178,1228 1272,1228 1366,1226 1460,1226 1553,1226 1647,1224 1741,1224 1835,1222 1929,1220 2022,1218 2116,1215 2210,1212 2304,1207 2398,1200"
                         HEIGHT="162"
                         WIDTH="1900"
                         VPOS="1121"
                         HPOS="510">
                  <String HEIGHT="162" WIDTH="146" VPOS="1121" HPOS="481" CONTENT="i"/>
                  <SP HEIGHT="162" WIDTH="29" VPOS="1121" HPOS="627"/>
                  <String HEIGHT="162"
                          WIDTH="175"
                          VPOS="1121"
                          HPOS="539"
                          CONTENT="en"/>
                  <SP HEIGHT="162" WIDTH="29" VPOS="1121" HPOS="715"/>
                  <String HEIGHT="162"
                          WIDTH="205"
                          VPOS="1121"
                          HPOS="627"
                          CONTENT="uti"/>
                  <SP HEIGHT="162" WIDTH="29" VPOS="1121" HPOS="832"/>
                  <String HEIGHT="162"
                          WIDTH="322"
                          VPOS="1121"
                          HPOS="744"
                          CONTENT="butiken"/>
                  <SP HEIGHT="162" WIDTH="29" VPOS="1121" HPOS="1065"/>
                  <String HEIGHT="162"
                          WIDTH="380"
                          VPOS="1121"
                          HPOS="978"
                          CONTENT="befintlig"/>
                  <SP HEIGHT="162" WIDTH="29" VPOS="1121" HPOS="1358"/>
                  <String HEIGHT="162"
                          WIDTH="292"
                          VPOS="1121"
                          HPOS="1270"
                          CONTENT="pulpet"/>
                  <SP HEIGHT="162" WIDTH="29" VPOS="1121" HPOS="1562"/>
                  <String HEIGHT="162"
                          WIDTH="409"
                          VPOS="1121"
                          HPOS="1475"
                          CONTENT="tillgripit"/>
                  <SP HEIGHT="162" WIDTH="29" VPOS="1121" HPOS="1884"/>
                  <String HEIGHT="162"
                          WIDTH="146"
                          VPOS="1121"
                          HPOS="1796"
                          CONTENT="2"/>
                  <SP HEIGHT="162" WIDTH="29" VPOS="1121" HPOS="1942"/>
                  <String HEIGHT="162"
                          WIDTH="205"
                          VPOS="1121"
                          HPOS="1855"
                          CONTENT="st."/>
                  <SP HEIGHT="162" WIDTH="29" VPOS="1121" HPOS="2059"/>
                  <String HEIGHT="162"
                          WIDTH="146"
                          VPOS="1121"
                          HPOS="1972"
                          CONTENT="5"/>
                  <SP HEIGHT="162" WIDTH="29" VPOS="1121" HPOS="2118"/>
                  <String HEIGHT="162"
                          WIDTH="409"
                          VPOS="1121"
                          HPOS="2001"
                          CONTENT="kronosedlar."/>
               </TextLine>
               <TextLine ID="r2l11"
                         BASELINE="604,1352 693,1348 783,1345 872,1342 962,1340 1051,1338 1141,1338 1230,1338 1320,1336 1409,1336 1499,1336 1588,1336 1678,1336 1767,1336 1857,1336 1946,1335 2036,1334 2125,1332 2215,1330 2304,1328 2394,1324"
                         HEIGHT="203"
                         WIDTH="1815"
                         VPOS="1224"
                         HPOS="592">
                  <String HEIGHT="203"
                          WIDTH="282"
                          VPOS="1224"
                          HPOS="561"
                          CONTENT="Sedan"/>
                  <SP HEIGHT="203" WIDTH="31" VPOS="1224" HPOS="842"/>
                  <String HEIGHT="203"
                          WIDTH="438"
                          VPOS="1224"
                          HPOS="748"
                          CONTENT="Berndtsson"/>
                  <SP HEIGHT="203" WIDTH="31" VPOS="1224" HPOS="1187"/>
                  <String HEIGHT="203"
                          WIDTH="344"
                          VPOS="1224"
                          HPOS="1093"
                          CONTENT="blifvit"/>
                  <SP HEIGHT="203" WIDTH="31" VPOS="1224" HPOS="1437"/>
                  <String HEIGHT="203"
                          WIDTH="407"
                          VPOS="1224"
                          HPOS="1343"
                          CONTENT="anhållen,"/>
                  <SP HEIGHT="203" WIDTH="31" VPOS="1224" HPOS="1750"/>
                  <String HEIGHT="203"
                          WIDTH="219"
                          VPOS="1224"
                          HPOS="1656"
                          CONTENT="har"/>
                  <SP HEIGHT="203" WIDTH="31" VPOS="1224" HPOS="1875"/>
                  <String HEIGHT="203"
                          WIDTH="219"
                          VPOS="1224"
                          HPOS="1781"
                          CONTENT="von"/>
                  <SP HEIGHT="203" WIDTH="31" VPOS="1224" HPOS="2000"/>
                  <String HEIGHT="203"
                          WIDTH="250"
                          VPOS="1224"
                          HPOS="1906"
                          CONTENT="Reis"/>
                  <SP HEIGHT="203" WIDTH="31" VPOS="1224" HPOS="2157"/>
                  <String HEIGHT="203"
                          WIDTH="313"
                          VPOS="1224"
                          HPOS="2063"
                          CONTENT="anmält"/>
                  <SP HEIGHT="203" WIDTH="31" VPOS="1224" HPOS="2376"/>
                  <String HEIGHT="203"
                          WIDTH="156"
                          VPOS="1224"
                          HPOS="2251"
                          CONTENT="att"/>
               </TextLine>
               <TextLine ID="r2l12"
                         BASELINE="514,1470 607,1466 700,1461 794,1456 887,1454 981,1451 1074,1450 1167,1448 1261,1448 1354,1446 1448,1446 1541,1448 1634,1448 1728,1448 1821,1448 1915,1450 2008,1450 2101,1450 2195,1449 2288,1448 2382,1446"
                         HEIGHT="160"
                         WIDTH="1890"
                         VPOS="1342"
                         HPOS="503">
                  <String HEIGHT="160"
                          WIDTH="279"
                          VPOS="1342"
                          HPOS="472"
                          CONTENT="under"/>
                  <SP HEIGHT="160" WIDTH="31" VPOS="1342" HPOS="751"/>
                  <String HEIGHT="160"
                          WIDTH="186"
                          VPOS="1342"
                          HPOS="658"
                          CONTENT="en"/>
                  <SP HEIGHT="160" WIDTH="31" VPOS="1342" HPOS="844"/>
                  <String HEIGHT="160"
                          WIDTH="310"
                          VPOS="1342"
                          HPOS="751"
                          CONTENT="längre"/>
                  <SP HEIGHT="160" WIDTH="31" VPOS="1342" HPOS="1061"/>
                  <String HEIGHT="160"
                          WIDTH="217"
                          VPOS="1342"
                          HPOS="968"
                          CONTENT="tid"/>
                  <SP HEIGHT="160" WIDTH="31" VPOS="1342" HPOS="1185"/>
                  <String HEIGHT="160"
                          WIDTH="217"
                          VPOS="1342"
                          HPOS="1092"
                          CONTENT="vid"/>
                  <SP HEIGHT="160" WIDTH="31" VPOS="1342" HPOS="1309"/>
                  <String HEIGHT="160"
                          WIDTH="279"
                          VPOS="1342"
                          HPOS="1216"
                          CONTENT="olika"/>
                  <SP HEIGHT="160" WIDTH="31" VPOS="1342" HPOS="1494"/>
                  <String HEIGHT="160"
                          WIDTH="434"
                          VPOS="1342"
                          HPOS="1402"
                          CONTENT="tillfällen"/>
                  <SP HEIGHT="160" WIDTH="31" VPOS="1342" HPOS="1835"/>
                  <String HEIGHT="160"
                          WIDTH="186"
                          VPOS="1342"
                          HPOS="1742"
                          CONTENT="ur"/>
                  <SP HEIGHT="160" WIDTH="31" VPOS="1342" HPOS="1928"/>
                  <String HEIGHT="160"
                          WIDTH="341"
                          VPOS="1342"
                          HPOS="1835"
                          CONTENT="berörde"/>
                  <SP HEIGHT="160" WIDTH="31" VPOS="1342" HPOS="2176"/>
                  <String HEIGHT="160"
                          WIDTH="341"
                          VPOS="1342"
                          HPOS="2052"
                          CONTENT="penninge¬"
                          SUBS_TYPE="HypPart1"
                          SUBS_CONTENT="penningelåda,"/>
                  <HYP CONTENT="-"/>
               </TextLine>
               <TextLine ID="r2l13"
                         BASELINE="496,1584 589,1579 682,1575 775,1571 868,1568 961,1566 1054,1566 1147,1564 1240,1564 1333,1564 1427,1564 1520,1564 1613,1564 1706,1566 1799,1566 1892,1566 1985,1566 2078,1566 2171,1564 2264,1563 2358,1560"
                         HEIGHT="198"
                         WIDTH="1887"
                         VPOS="1459"
                         HPOS="483">
                  <String HEIGHT="198"
                          WIDTH="265"
                          VPOS="1459"
                          HPOS="454"
                          CONTENT="låda,"
                          SUBS_TYPE="HypPart2"
                          SUBS_CONTENT="penningelåda,"/>
                  <SP HEIGHT="198" WIDTH="29" VPOS="1459" HPOS="719"/>
                  <String HEIGHT="198"
                          WIDTH="206"
                          VPOS="1459"
                          HPOS="630"
                          CONTENT="som"/>
                  <SP HEIGHT="198" WIDTH="29" VPOS="1459" HPOS="837"/>
                  <String HEIGHT="198"
                          WIDTH="354"
                          VPOS="1459"
                          HPOS="748"
                          CONTENT="ständigt"/>
                  <SP HEIGHT="198" WIDTH="29" VPOS="1459" HPOS="1102"/>
                  <String HEIGHT="198"
                          WIDTH="265"
                          VPOS="1459"
                          HPOS="1014"
                          CONTENT="varit"/>
                  <SP HEIGHT="198" WIDTH="29" VPOS="1459" HPOS="1279"/>
                  <String HEIGHT="198"
                          WIDTH="265"
                          VPOS="1459"
                          HPOS="1191"
                          CONTENT="låst,"/>
                  <SP HEIGHT="198" WIDTH="29" VPOS="1459" HPOS="1456"/>
                  <String HEIGHT="198"
                          WIDTH="442"
                          VPOS="1459"
                          HPOS="1368"
                          CONTENT="tillgripits"/>
                  <SP HEIGHT="198" WIDTH="29" VPOS="1459" HPOS="1810"/>
                  <String HEIGHT="198"
                          WIDTH="383"
                          VPOS="1459"
                          HPOS="1721"
                          CONTENT="penningar"/>
                  <SP HEIGHT="198" WIDTH="29" VPOS="1459" HPOS="2105"/>
                  <String HEIGHT="198"
                          WIDTH="236"
                          VPOS="1459"
                          HPOS="2016"
                          CONTENT="till"/>
                  <SP HEIGHT="198" WIDTH="29" VPOS="1459" HPOS="2252"/>
                  <String HEIGHT="198"
                          WIDTH="236"
                          VPOS="1459"
                          HPOS="2134"
                          CONTENT="större"/>
               </TextLine>
               <TextLine ID="r2l14"
                         BASELINE="512,1692 604,1690 696,1686 788,1684 880,1682 972,1680 1064,1678 1156,1677 1248,1676 1340,1674 1433,1674 1525,1672 1617,1672 1709,1670 1801,1670 1893,1670 1985,1670 2077,1670 2169,1670 2261,1672 2354,1672"
                         HEIGHT="175"
                         WIDTH="1869"
                         VPOS="1578"
                         HPOS="498">
                  <String HEIGHT="175"
                          WIDTH="222"
                          VPOS="1578"
                          HPOS="466"
                          CONTENT="och"/>
                  <SP HEIGHT="175" WIDTH="32" VPOS="1578" HPOS="688"/>
                  <String HEIGHT="175"
                          WIDTH="317"
                          VPOS="1578"
                          HPOS="593"
                          CONTENT="mindre"/>
                  <SP HEIGHT="175" WIDTH="32" VPOS="1578" HPOS="910"/>
                  <String HEIGHT="175"
                          WIDTH="317"
                          VPOS="1578"
                          HPOS="815"
                          CONTENT="belopp"/>
                  <SP HEIGHT="175" WIDTH="32" VPOS="1578" HPOS="1132"/>
                  <String HEIGHT="175"
                          WIDTH="285"
                          VPOS="1578"
                          HPOS="1037"
                          CONTENT="ehuru"/>
                  <SP HEIGHT="175" WIDTH="32" VPOS="1578" HPOS="1322"/>
                  <String HEIGHT="175"
                          WIDTH="222"
                          VPOS="1578"
                          HPOS="1227"
                          CONTENT="för"/>
                  <SP HEIGHT="175" WIDTH="32" VPOS="1578" HPOS="1448"/>
                  <String HEIGHT="175"
                          WIDTH="222"
                          VPOS="1578"
                          HPOS="1353"
                          CONTENT="von"/>
                  <SP HEIGHT="175" WIDTH="32" VPOS="1578" HPOS="1575"/>
                  <String HEIGHT="175"
                          WIDTH="253"
                          VPOS="1578"
                          HPOS="1480"
                          CONTENT="Reis"/>
                  <SP HEIGHT="175" WIDTH="32" VPOS="1578" HPOS="1733"/>
                  <String HEIGHT="175"
                          WIDTH="317"
                          VPOS="1578"
                          HPOS="1638"
                          CONTENT="okände"/>
                  <SP HEIGHT="175" WIDTH="32" VPOS="1578" HPOS="1955"/>
                  <String HEIGHT="175"
                          WIDTH="317"
                          VPOS="1578"
                          HPOS="1860"
                          CONTENT="belopp"/>
                  <SP HEIGHT="175" WIDTH="32" VPOS="1578" HPOS="2177"/>
                  <String HEIGHT="175"
                          WIDTH="222"
                          VPOS="1578"
                          HPOS="2082"
                          CONTENT="och"/>
                  <SP HEIGHT="175" WIDTH="32" VPOS="1578" HPOS="2304"/>
                  <String HEIGHT="175"
                          WIDTH="190"
                          VPOS="1578"
                          HPOS="2177"
                          CONTENT="sär¬"
                          SUBS_TYPE="HypPart1"
                          SUBS_CONTENT="särskildt"/>
                  <HYP CONTENT="-"/>
               </TextLine>
               <TextLine ID="r2l15"
                         BASELINE="508,1794 598,1792 689,1790 780,1788 871,1786 962,1786 1053,1784 1144,1784 1235,1784 1326,1784 1417,1782 1507,1782 1598,1782 1689,1782 1780,1782 1871,1782 1962,1782 2053,1782 2144,1782 2235,1782 2326,1780"
                         HEIGHT="134"
                         WIDTH="1844"
                         VPOS="1718"
                         HPOS="495">
                  <String HEIGHT="134"
                          WIDTH="293"
                          VPOS="1718"
                          HPOS="466"
                          CONTENT="skildt"
                          SUBS_TYPE="HypPart2"
                          SUBS_CONTENT="särskildt"/>
                  <SP HEIGHT="134" WIDTH="29" VPOS="1718" HPOS="758"/>
                  <String HEIGHT="134"
                          WIDTH="351"
                          VPOS="1718"
                          HPOS="671"
                          CONTENT="Tisdagen"/>
                  <SP HEIGHT="134" WIDTH="29" VPOS="1718" HPOS="1022"/>
                  <String HEIGHT="134"
                          WIDTH="205"
                          VPOS="1718"
                          HPOS="934"
                          CONTENT="den"/>
                  <SP HEIGHT="134" WIDTH="29" VPOS="1718" HPOS="1139"/>
                  <String HEIGHT="134"
                          WIDTH="176"
                          VPOS="1718"
                          HPOS="1051"
                          CONTENT="17"/>
                  <SP HEIGHT="134" WIDTH="29" VPOS="1718" HPOS="1227"/>
                  <String HEIGHT="134"
                          WIDTH="381"
                          VPOS="1718"
                          HPOS="1139"
                          CONTENT="sistlidne"/>
                  <SP HEIGHT="134" WIDTH="29" VPOS="1718" HPOS="1519"/>
                  <String HEIGHT="134"
                          WIDTH="322"
                          VPOS="1718"
                          HPOS="1432"
                          CONTENT="Augusti"/>
                  <SP HEIGHT="134" WIDTH="29" VPOS="1718" HPOS="1754"/>
                  <String HEIGHT="134"
                          WIDTH="176"
                          VPOS="1718"
                          HPOS="1666"
                          CONTENT="en"/>
                  <SP HEIGHT="134" WIDTH="29" VPOS="1718" HPOS="1841"/>
                  <String HEIGHT="134"
                          WIDTH="263"
                          VPOS="1718"
                          HPOS="1754"
                          CONTENT="sedel"/>
                  <SP HEIGHT="134" WIDTH="29" VPOS="1718" HPOS="2017"/>
                  <String HEIGHT="134"
                          WIDTH="146"
                          VPOS="1718"
                          HPOS="1929"
                          CONTENT="å"/>
                  <SP HEIGHT="134" WIDTH="29" VPOS="1718" HPOS="2076"/>
                  <String HEIGHT="134"
                          WIDTH="205"
                          VPOS="1718"
                          HPOS="1988"
                          CONTENT="100"/>
                  <SP HEIGHT="134" WIDTH="29" VPOS="1718" HPOS="2193"/>
                  <String HEIGHT="134"
                          WIDTH="263"
                          VPOS="1718"
                          HPOS="2076"
                          CONTENT="Kronor;"/>
               </TextLine>
               <TextLine ID="r2l16"
                         BASELINE="490,1902 583,1900 676,1898 769,1896 862,1896 956,1896 1049,1894 1142,1894 1235,1894 1328,1894 1422,1894 1515,1894 1608,1894 1701,1894 1794,1894 1888,1894 1981,1892 2074,1892 2167,1890 2260,1888 2354,1886"
                         HEIGHT="158"
                         WIDTH="1887"
                         VPOS="1818"
                         HPOS="478">
                  <String HEIGHT="158"
                          WIDTH="274"
                          VPOS="1818"
                          HPOS="444"
                          CONTENT="samt"/>
                  <SP HEIGHT="158" WIDTH="34" VPOS="1818" HPOS="718"/>
                  <String HEIGHT="158"
                          WIDTH="240"
                          VPOS="1818"
                          HPOS="615"
                          CONTENT="att"/>
                  <SP HEIGHT="158" WIDTH="34" VPOS="1818" HPOS="855"/>
                  <String HEIGHT="158"
                          WIDTH="240"
                          VPOS="1818"
                          HPOS="752"
                          CONTENT="han"/>
                  <SP HEIGHT="158" WIDTH="34" VPOS="1818" HPOS="993"/>
                  <String HEIGHT="158"
                          WIDTH="240"
                          VPOS="1818"
                          HPOS="890"
                          CONTENT="för"/>
                  <SP HEIGHT="158" WIDTH="34" VPOS="1818" HPOS="1130"/>
                  <String HEIGHT="158"
                          WIDTH="309"
                          VPOS="1818"
                          HPOS="1027"
                          CONTENT="dessa"/>
                  <SP HEIGHT="158" WIDTH="34" VPOS="1818" HPOS="1336"/>
                  <String HEIGHT="158"
                          WIDTH="446"
                          VPOS="1818"
                          HPOS="1233"
                          CONTENT="tillgrepp"/>
                  <SP HEIGHT="158" WIDTH="34" VPOS="1818" HPOS="1679"/>
                  <String HEIGHT="158"
                          WIDTH="480"
                          VPOS="1818"
                          HPOS="1576"
                          CONTENT="misstänkte"/>
                  <SP HEIGHT="158" WIDTH="34" VPOS="1818" HPOS="2056"/>
                  <String HEIGHT="158"
                          WIDTH="446"
                          VPOS="1818"
                          HPOS="1919"
                          CONTENT="ofvannämnde"/>
               </TextLine>
               <TextLine ID="r2l17"
                         BASELINE="488,2000 513,1999 539,1998 565,1998 591,1997 617,1996 643,1996 669,1996 695,1995 720,1994 746,1994 772,1994 798,1994 824,1994 850,1993 876,1992 902,1992"
                         HEIGHT="120"
                         WIDTH="438"
                         VPOS="1907"
                         HPOS="475">
                  <String HEIGHT="120"
                          WIDTH="518"
                          VPOS="1907"
                          HPOS="395"
                          CONTENT="Berndtsson."/>
               </TextLine>
               <TextLine ID="r2l18"
                         BASELINE="602,2088 690,2088 778,2088 866,2088 954,2086 1042,2086 1130,2086 1218,2086 1306,2086 1394,2086 1482,2086 1570,2086 1658,2086 1746,2086 1834,2086 1922,2086 2010,2086 2098,2085 2186,2084 2274,2083 2362,2082"
                         HEIGHT="197"
                         WIDTH="1784"
                         VPOS="1972"
                         HPOS="591">
                  <String HEIGHT="197"
                          WIDTH="219"
                          VPOS="1972"
                          HPOS="560"
                          CONTENT="Vid"/>
                  <SP HEIGHT="197" WIDTH="31" VPOS="1972" HPOS="779"/>
                  <String HEIGHT="197"
                          WIDTH="219"
                          VPOS="1972"
                          HPOS="685"
                          CONTENT="det"/>
                  <SP HEIGHT="197" WIDTH="31" VPOS="1972" HPOS="904"/>
                  <String HEIGHT="197"
                          WIDTH="219"
                          VPOS="1972"
                          HPOS="810"
                          CONTENT="med"/>
                  <SP HEIGHT="197" WIDTH="31" VPOS="1972" HPOS="1029"/>
                  <String HEIGHT="197"
                          WIDTH="438"
                          VPOS="1972"
                          HPOS="935"
                          CONTENT="Berndtsson"/>
                  <SP HEIGHT="197" WIDTH="31" VPOS="1972" HPOS="1373"/>
                  <String HEIGHT="197"
                          WIDTH="156"
                          VPOS="1972"
                          HPOS="1280"
                          CONTENT="i"/>
                  <SP HEIGHT="197" WIDTH="31" VPOS="1972" HPOS="1436"/>
                  <String HEIGHT="197"
                          WIDTH="407"
                          VPOS="1972"
                          HPOS="1342"
                          CONTENT="anledning"/>
                  <SP HEIGHT="197" WIDTH="31" VPOS="1972" HPOS="1749"/>
                  <String HEIGHT="197"
                          WIDTH="282"
                          VPOS="1972"
                          HPOS="1655"
                          CONTENT="häraf"/>
                  <SP HEIGHT="197" WIDTH="31" VPOS="1972" HPOS="1937"/>
                  <String HEIGHT="197"
                          WIDTH="407"
                          VPOS="1972"
                          HPOS="1843"
                          CONTENT="anställda"/>
                  <SP HEIGHT="197" WIDTH="31" VPOS="1972" HPOS="2250"/>
                  <String HEIGHT="197"
                          WIDTH="250"
                          VPOS="1972"
                          HPOS="2125"
                          CONTENT="förhör"/>
               </TextLine>
               <TextLine ID="r2l19"
                         BASELINE="498,2206 590,2206 683,2204 775,2204 868,2202 960,2202 1053,2202 1145,2202 1238,2202 1330,2203 1423,2204 1515,2204 1608,2204 1700,2206 1793,2206 1885,2206 1978,2206 2070,2208 2163,2208 2255,2208 2348,2208"
                         HEIGHT="170"
                         WIDTH="1874"
                         VPOS="2118"
                         HPOS="486">
                  <String HEIGHT="170"
                          WIDTH="222"
                          VPOS="2118"
                          HPOS="454"
                          CONTENT="har"/>
                  <SP HEIGHT="170" WIDTH="32" VPOS="2118" HPOS="677"/>
                  <String HEIGHT="170"
                          WIDTH="222"
                          VPOS="2118"
                          HPOS="581"
                          CONTENT="han"/>
                  <SP HEIGHT="170" WIDTH="32" VPOS="2118" HPOS="804"/>
                  <String HEIGHT="170"
                          WIDTH="413"
                          VPOS="2118"
                          HPOS="708"
                          CONTENT="uppgifvit"/>
                  <SP HEIGHT="170" WIDTH="32" VPOS="2118" HPOS="1121"/>
                  <String HEIGHT="170"
                          WIDTH="222"
                          VPOS="2118"
                          HPOS="1026"
                          CONTENT="och"/>
                  <SP HEIGHT="170" WIDTH="32" VPOS="2118" HPOS="1248"/>
                  <String HEIGHT="170"
                          WIDTH="445"
                          VPOS="2118"
                          HPOS="1153"
                          CONTENT="förklarat:"/>
                  <SP HEIGHT="170" WIDTH="32" VPOS="2118" HPOS="1598"/>
                  <String HEIGHT="170"
                          WIDTH="222"
                          VPOS="2118"
                          HPOS="1502"
                          CONTENT="att"/>
                  <SP HEIGHT="170" WIDTH="32" VPOS="2118" HPOS="1725"/>
                  <String HEIGHT="170"
                          WIDTH="222"
                          VPOS="2118"
                          HPOS="1629"
                          CONTENT="han"/>
                  <SP HEIGHT="170" WIDTH="32" VPOS="2118" HPOS="1852"/>
                  <String HEIGHT="170"
                          WIDTH="286"
                          VPOS="2118"
                          HPOS="1757"
                          CONTENT="varit"/>
                  <SP HEIGHT="170" WIDTH="32" VPOS="2118" HPOS="2042"/>
                  <String HEIGHT="170"
                          WIDTH="381"
                          VPOS="2118"
                          HPOS="1947"
                          CONTENT="anställd"/>
                  <SP HEIGHT="170" WIDTH="32" VPOS="2118" HPOS="2328"/>
                  <String HEIGHT="170"
                          WIDTH="159"
                          VPOS="2118"
                          HPOS="2201"
                          CONTENT="hos"/>
               </TextLine>
               <TextLine ID="r2l20"
                         BASELINE="484,2332 578,2327 672,2324 766,2320 860,2318 955,2316 1049,2314 1143,2312 1237,2312 1331,2312 1426,2312 1520,2312 1614,2312 1708,2314 1802,2315 1897,2316 1991,2318 2085,2320 2179,2322 2273,2324 2368,2326"
                         HEIGHT="191"
                         WIDTH="1907"
                         VPOS="2217"
                         HPOS="473">
                  <String HEIGHT="191"
                          WIDTH="313"
                          VPOS="2217"
                          HPOS="442"
                          CONTENT="firman"/>
                  <SP HEIGHT="191" WIDTH="31" VPOS="2217" HPOS="754"/>
                  <String HEIGHT="191" WIDTH="156" VPOS="2217" HPOS="661" CONTENT="A"/>
                  <SP HEIGHT="191" WIDTH="31" VPOS="2217" HPOS="817"/>
                  <String HEIGHT="191"
                          WIDTH="219"
                          VPOS="2217"
                          HPOS="723"
                          CONTENT="von"/>
                  <SP HEIGHT="191" WIDTH="31" VPOS="2217" HPOS="942"/>
                  <String HEIGHT="191"
                          WIDTH="250"
                          VPOS="2217"
                          HPOS="848"
                          CONTENT="Reis"/>
                  <SP HEIGHT="191" WIDTH="31" VPOS="2217" HPOS="1098"/>
                  <String HEIGHT="191"
                          WIDTH="250"
                          VPOS="2217"
                          HPOS="1004"
                          CONTENT="dels"/>
                  <SP HEIGHT="191" WIDTH="31" VPOS="2217" HPOS="1255"/>
                  <String HEIGHT="191"
                          WIDTH="250"
                          VPOS="2217"
                          HPOS="1161"
                          CONTENT="från"/>
                  <SP HEIGHT="191" WIDTH="31" VPOS="2217" HPOS="1411"/>
                  <String HEIGHT="191"
                          WIDTH="219"
                          VPOS="2217"
                          HPOS="1317"
                          CONTENT="den"/>
                  <SP HEIGHT="191" WIDTH="31" VPOS="2217" HPOS="1536"/>
                  <String HEIGHT="191"
                          WIDTH="156"
                          VPOS="2217"
                          HPOS="1442"
                          CONTENT="1"/>
                  <SP HEIGHT="191" WIDTH="31" VPOS="2217" HPOS="1598"/>
                  <String HEIGHT="191"
                          WIDTH="344"
                          VPOS="2217"
                          HPOS="1505"
                          CONTENT="Oktober"/>
                  <SP HEIGHT="191" WIDTH="31" VPOS="2217" HPOS="1849"/>
                  <String HEIGHT="191"
                          WIDTH="250"
                          VPOS="2217"
                          HPOS="1755"
                          CONTENT="1876"/>
                  <SP HEIGHT="191" WIDTH="31" VPOS="2217" HPOS="2005"/>
                  <String HEIGHT="191"
                          WIDTH="250"
                          VPOS="2217"
                          HPOS="1911"
                          CONTENT="till"/>
                  <SP HEIGHT="191" WIDTH="31" VPOS="2217" HPOS="2161"/>
                  <String HEIGHT="191"
                          WIDTH="219"
                          VPOS="2217"
                          HPOS="2067"
                          CONTENT="den"/>
                  <SP HEIGHT="191" WIDTH="31" VPOS="2217" HPOS="2286"/>
                  <String HEIGHT="191"
                          WIDTH="156"
                          VPOS="2217"
                          HPOS="2192"
                          CONTENT="6"/>
                  <SP HEIGHT="191" WIDTH="31" VPOS="2217" HPOS="2349"/>
                  <String HEIGHT="191"
                          WIDTH="156"
                          VPOS="2217"
                          HPOS="2224"
                          CONTENT="De¬"
                          SUBS_TYPE="HypPart1"
                          SUBS_CONTENT="December"/>
                  <HYP CONTENT="-"/>
               </TextLine>
               <TextLine ID="r2l21"
                         BASELINE="498,2436 592,2434 686,2430 780,2428 874,2426 968,2424 1062,2424 1156,2423 1250,2422 1344,2422 1439,2422 1533,2422 1627,2422 1721,2422 1815,2422 1909,2422 2003,2422 2097,2422 2191,2422 2285,2422 2380,2422"
                         HEIGHT="163"
                         WIDTH="1907"
                         VPOS="2330"
                         HPOS="486">
                  <String HEIGHT="163"
                          WIDTH="313"
                          VPOS="2330"
                          HPOS="455"
                          CONTENT="cember"
                          SUBS_TYPE="HypPart2"
                          SUBS_CONTENT="December"/>
                  <SP HEIGHT="163" WIDTH="31" VPOS="2330" HPOS="767"/>
                  <String HEIGHT="163"
                          WIDTH="250"
                          VPOS="2330"
                          HPOS="674"
                          CONTENT="1877"/>
                  <SP HEIGHT="163" WIDTH="31" VPOS="2330" HPOS="924"/>
                  <String HEIGHT="163"
                          WIDTH="219"
                          VPOS="2330"
                          HPOS="830"
                          CONTENT="och"/>
                  <SP HEIGHT="163" WIDTH="31" VPOS="2330" HPOS="1049"/>
                  <String HEIGHT="163"
                          WIDTH="250"
                          VPOS="2330"
                          HPOS="955"
                          CONTENT="dels"/>
                  <SP HEIGHT="163" WIDTH="31" VPOS="2330" HPOS="1205"/>
                  <String HEIGHT="163"
                          WIDTH="250"
                          VPOS="2330"
                          HPOS="1111"
                          CONTENT="från"/>
                  <SP HEIGHT="163" WIDTH="31" VPOS="2330" HPOS="1361"/>
                  <String HEIGHT="163"
                          WIDTH="219"
                          VPOS="2330"
                          HPOS="1268"
                          CONTENT="den"/>
                  <SP HEIGHT="163" WIDTH="31" VPOS="2330" HPOS="1486"/>
                  <String HEIGHT="163"
                          WIDTH="188"
                          VPOS="2330"
                          HPOS="1393"
                          CONTENT="17"/>
                  <SP HEIGHT="163" WIDTH="31" VPOS="2330" HPOS="1580"/>
                  <String HEIGHT="163"
                          WIDTH="344"
                          VPOS="2330"
                          HPOS="1486"
                          CONTENT="Januari"/>
                  <SP HEIGHT="163" WIDTH="31" VPOS="2330" HPOS="1830"/>
                  <String HEIGHT="163"
                          WIDTH="281"
                          VPOS="2330"
                          HPOS="1736"
                          CONTENT="1879,"/>
                  <SP HEIGHT="163" WIDTH="31" VPOS="2330" HPOS="2018"/>
                  <String HEIGHT="163"
                          WIDTH="344"
                          VPOS="2330"
                          HPOS="1924"
                          CONTENT="hvilken"/>
                  <SP HEIGHT="163" WIDTH="31" VPOS="2330" HPOS="2268"/>
                  <String HEIGHT="163"
                          WIDTH="250"
                          VPOS="2330"
                          HPOS="2143"
                          CONTENT="tjenst"/>
               </TextLine>
               <TextLine ID="r2l22"
                         BASELINE="466,2554 561,2549 656,2546 751,2544 846,2542 941,2540 1036,2538 1131,2538 1226,2538 1321,2536 1416,2536 1511,2536 1606,2536 1701,2536 1796,2536 1891,2536 1986,2534 2081,2534 2176,2532 2271,2532 2366,2528"
                         HEIGHT="157"
                         WIDTH="1924"
                         VPOS="2415"
                         HPOS="454">
                  <String HEIGHT="157"
                          WIDTH="228"
                          VPOS="2415"
                          HPOS="421"
                          CONTENT="han"/>
                  <SP HEIGHT="157" WIDTH="33" VPOS="2415" HPOS="650"/>
                  <String HEIGHT="157"
                          WIDTH="489"
                          VPOS="2415"
                          HPOS="552"
                          CONTENT="fortfarande"/>
                  <SP HEIGHT="157" WIDTH="33" VPOS="2415" HPOS="1041"/>
                  <String HEIGHT="157"
                          WIDTH="424"
                          VPOS="2415"
                          HPOS="943"
                          CONTENT="innehade;"/>
                  <SP HEIGHT="157" WIDTH="33" VPOS="2415" HPOS="1367"/>
                  <String HEIGHT="157"
                          WIDTH="228"
                          VPOS="2415"
                          HPOS="1269"
                          CONTENT="att"/>
                  <SP HEIGHT="157" WIDTH="33" VPOS="2415" HPOS="1498"/>
                  <String HEIGHT="157"
                          WIDTH="228"
                          VPOS="2415"
                          HPOS="1400"
                          CONTENT="han"/>
                  <SP HEIGHT="157" WIDTH="33" VPOS="2415" HPOS="1628"/>
                  <String HEIGHT="157"
                          WIDTH="196"
                          VPOS="2415"
                          HPOS="1530"
                          CONTENT="år"/>
                  <SP HEIGHT="157" WIDTH="33" VPOS="2415" HPOS="1726"/>
                  <String HEIGHT="157"
                          WIDTH="261"
                          VPOS="2415"
                          HPOS="1628"
                          CONTENT="1877"/>
                  <SP HEIGHT="157" WIDTH="33" VPOS="2415" HPOS="1889"/>
                  <String HEIGHT="157"
                          WIDTH="163"
                          VPOS="2415"
                          HPOS="1791"
                          CONTENT="i"/>
                  <SP HEIGHT="157" WIDTH="33" VPOS="2415" HPOS="1954"/>
                  <String HEIGHT="157"
                          WIDTH="293"
                          VPOS="2415"
                          HPOS="1856"
                          CONTENT="Nowbr"/>
                  <SP HEIGHT="157" WIDTH="33" VPOS="2415" HPOS="2150"/>
                  <String HEIGHT="157"
                          WIDTH="293"
                          VPOS="2415"
                          HPOS="2052"
                          CONTENT="månad"/>
                  <SP HEIGHT="157" WIDTH="33" VPOS="2415" HPOS="2345"/>
                  <String HEIGHT="157"
                          WIDTH="163"
                          VPOS="2415"
                          HPOS="2215"
                          CONTENT="vid"/>
               </TextLine>
               <TextLine ID="r2l23"
                         BASELINE="474,2660 568,2658 663,2656 758,2654 853,2652 948,2652 1042,2650 1137,2648 1232,2648 1327,2648 1422,2648 1516,2646 1611,2646 1706,2646 1801,2648 1896,2648 1990,2648 2085,2649 2180,2650 2275,2650 2370,2652"
                         HEIGHT="152"
                         WIDTH="1919"
                         VPOS="2550"
                         HPOS="462">
                  <String HEIGHT="152"
                          WIDTH="207"
                          VPOS="2550"
                          HPOS="432"
                          CONTENT="ett"/>
                  <SP HEIGHT="152" WIDTH="30" VPOS="2550" HPOS="639"/>
                  <String HEIGHT="152"
                          WIDTH="413"
                          VPOS="2550"
                          HPOS="551"
                          CONTENT="tillfälle,"/>
                  <SP HEIGHT="152" WIDTH="30" VPOS="2550" HPOS="964"/>
                  <String HEIGHT="152"
                          WIDTH="177"
                          VPOS="2550"
                          HPOS="875"
                          CONTENT="då"/>
                  <SP HEIGHT="152" WIDTH="30" VPOS="2550" HPOS="1052"/>
                  <String HEIGHT="152"
                          WIDTH="266"
                          VPOS="2550"
                          HPOS="964"
                          CONTENT="ingen"/>
                  <SP HEIGHT="152" WIDTH="30" VPOS="2550" HPOS="1230"/>
                  <String HEIGHT="152"
                          WIDTH="384"
                          VPOS="2550"
                          HPOS="1141"
                          CONTENT="innevarit"/>
                  <SP HEIGHT="152" WIDTH="30" VPOS="2550" HPOS="1525"/>
                  <String HEIGHT="152"
                          WIDTH="148"
                          VPOS="2550"
                          HPOS="1436"
                          CONTENT="i"/>
                  <SP HEIGHT="152" WIDTH="30" VPOS="2550" HPOS="1584"/>
                  <String HEIGHT="152"
                          WIDTH="325"
                          VPOS="2550"
                          HPOS="1495"
                          CONTENT="butiken"/>
                  <SP HEIGHT="152" WIDTH="30" VPOS="2550" HPOS="1820"/>
                  <String HEIGHT="152"
                          WIDTH="207"
                          VPOS="2550"
                          HPOS="1731"
                          CONTENT="och"/>
                  <SP HEIGHT="152" WIDTH="30" VPOS="2550" HPOS="1938"/>
                  <String HEIGHT="152"
                          WIDTH="502"
                          VPOS="2550"
                          HPOS="1850"
                          CONTENT="penningelådan"/>
                  <SP HEIGHT="152" WIDTH="30" VPOS="2550" HPOS="2351"/>
                  <String HEIGHT="152"
                          WIDTH="148"
                          VPOS="2550"
                          HPOS="2233"
                          CONTENT="be¬"
                          SUBS_TYPE="HypPart1"
                          SUBS_CONTENT="befunnits"/>
                  <HYP CONTENT="-"/>
               </TextLine>
               <TextLine ID="r2l24"
                         BASELINE="484,2776 577,2774 671,2772 764,2770 858,2768 951,2766 1045,2764 1138,2762 1232,2761 1325,2760 1419,2758 1512,2757 1606,2756 1699,2754 1793,2754 1886,2754 1980,2754 2073,2754 2167,2754 2260,2754 2354,2754"
                         HEIGHT="177"
                         WIDTH="1895"
                         VPOS="2668"
                         HPOS="470">
                  <String HEIGHT="177"
                          WIDTH="321"
                          VPOS="2668"
                          HPOS="441"
                          CONTENT="funnits"
                          SUBS_TYPE="HypPart2"
                          SUBS_CONTENT="befunnits"/>
                  <SP HEIGHT="177" WIDTH="29" VPOS="2668" HPOS="762"/>
                  <String HEIGHT="177"
                          WIDTH="292"
                          VPOS="2668"
                          HPOS="674"
                          CONTENT="olåst,"/>
                  <SP HEIGHT="177" WIDTH="29" VPOS="2668" HPOS="966"/>
                  <String HEIGHT="177"
                          WIDTH="292"
                          VPOS="2668"
                          HPOS="878"
                          CONTENT="första"/>
                  <SP HEIGHT="177" WIDTH="29" VPOS="2668" HPOS="1170"/>
                  <String HEIGHT="177"
                          WIDTH="292"
                          VPOS="2668"
                          HPOS="1082"
                          CONTENT="gången"/>
                  <SP HEIGHT="177" WIDTH="29" VPOS="2668" HPOS="1374"/>
                  <String HEIGHT="177"
                          WIDTH="262"
                          VPOS="2668"
                          HPOS="1286"
                          CONTENT="derur"/>
                  <SP HEIGHT="177" WIDTH="29" VPOS="2668" HPOS="1549"/>
                  <String HEIGHT="177"
                          WIDTH="350"
                          VPOS="2668"
                          HPOS="1461"
                          CONTENT="föröfvat"/>
                  <SP HEIGHT="177" WIDTH="29" VPOS="2668" HPOS="1811"/>
                  <String HEIGHT="177"
                          WIDTH="408"
                          VPOS="2668"
                          HPOS="1724"
                          CONTENT="tillgrepp,"/>
                  <SP HEIGHT="177" WIDTH="29" VPOS="2668" HPOS="2132"/>
                  <String HEIGHT="177"
                          WIDTH="292"
                          VPOS="2668"
                          HPOS="2044"
                          CONTENT="dervid"/>
                  <SP HEIGHT="177" WIDTH="29" VPOS="2668" HPOS="2336"/>
                  <String HEIGHT="177"
                          WIDTH="146"
                          VPOS="2668"
                          HPOS="2219"
                          CONTENT="han"/>
               </TextLine>
               <TextLine ID="r2l25"
                         BASELINE="482,2890 575,2888 669,2884 763,2881 857,2878 951,2876 1045,2874 1139,2872 1233,2870 1327,2868 1421,2867 1514,2866 1608,2866 1702,2864 1796,2864 1890,2864 1984,2864 2078,2864 2172,2864 2266,2864 2360,2864"
                         HEIGHT="169"
                         WIDTH="1902"
                         VPOS="2773"
                         HPOS="470">
                  <String HEIGHT="169"
                          WIDTH="412"
                          VPOS="2773"
                          HPOS="438"
                          CONTENT="tillegnat"/>
                  <SP HEIGHT="169" WIDTH="32" VPOS="2773" HPOS="850"/>
                  <String HEIGHT="169"
                          WIDTH="222"
                          VPOS="2773"
                          HPOS="755"
                          CONTENT="sig"/>
                  <SP HEIGHT="169" WIDTH="32" VPOS="2773" HPOS="977"/>
                  <String HEIGHT="169"
                          WIDTH="222"
                          VPOS="2773"
                          HPOS="882"
                          CONTENT="ett"/>
                  <SP HEIGHT="169" WIDTH="32" VPOS="2773" HPOS="1104"/>
                  <String HEIGHT="169"
                          WIDTH="571"
                          VPOS="2773"
                          HPOS="1009"
                          CONTENT="penningebelopp"/>
                  <SP HEIGHT="169" WIDTH="32" VPOS="2773" HPOS="1579"/>
                  <String HEIGHT="169"
                          WIDTH="190"
                          VPOS="2773"
                          HPOS="1484"
                          CONTENT="af"/>
                  <SP HEIGHT="169" WIDTH="32" VPOS="2773" HPOS="1675"/>
                  <String HEIGHT="169"
                          WIDTH="222"
                          VPOS="2773"
                          HPOS="1580"
                          CONTENT="150"/>
                  <SP HEIGHT="169" WIDTH="32" VPOS="2773" HPOS="1801"/>
                  <String HEIGHT="169"
                          WIDTH="349"
                          VPOS="2773"
                          HPOS="1706"
                          CONTENT="Kronor,"/>
                  <SP HEIGHT="169" WIDTH="32" VPOS="2773" HPOS="2055"/>
                  <String HEIGHT="169"
                          WIDTH="412"
                          VPOS="2773"
                          HPOS="1960"
                          CONTENT="bestående"/>
                  <SP HEIGHT="169" WIDTH="32" VPOS="2773" HPOS="2372"/>
                  <String HEIGHT="169"
                          WIDTH="127"
                          VPOS="2773"
                          HPOS="2245"
                          CONTENT="af"/>
               </TextLine>
               <TextLine ID="r2l26"
                         BASELINE="474,3002 567,2996 661,2993 755,2988 849,2985 943,2982 1037,2980 1131,2977 1225,2976 1319,2974 1413,2972 1506,2970 1600,2970 1694,2968 1788,2968 1882,2968 1976,2966 2070,2966 2164,2966 2258,2964 2352,2964"
                         HEIGHT="179"
                         WIDTH="1903"
                         VPOS="2868"
                         HPOS="461">
                  <String HEIGHT="179"
                          WIDTH="170"
                          VPOS="2868"
                          HPOS="433"
                          CONTENT="en"/>
                  <SP HEIGHT="179" WIDTH="28" VPOS="2868" HPOS="603"/>
                  <String HEIGHT="179"
                          WIDTH="256"
                          VPOS="2868"
                          HPOS="518"
                          CONTENT="sedel"/>
                  <SP HEIGHT="179" WIDTH="28" VPOS="2868" HPOS="773"/>
                  <String HEIGHT="179" WIDTH="142" VPOS="2868" HPOS="688" CONTENT="å"/>
                  <SP HEIGHT="179" WIDTH="28" VPOS="2868" HPOS="830"/>
                  <String HEIGHT="179"
                          WIDTH="199"
                          VPOS="2868"
                          HPOS="745"
                          CONTENT="100"/>
                  <SP HEIGHT="179" WIDTH="28" VPOS="2868" HPOS="944"/>
                  <String HEIGHT="179"
                          WIDTH="284"
                          VPOS="2868"
                          HPOS="859"
                          CONTENT="Kronor"/>
                  <SP HEIGHT="179" WIDTH="28" VPOS="2868" HPOS="1143"/>
                  <String HEIGHT="179"
                          WIDTH="199"
                          VPOS="2868"
                          HPOS="1057"
                          CONTENT="och"/>
                  <SP HEIGHT="179" WIDTH="28" VPOS="2868" HPOS="1256"/>
                  <String HEIGHT="179"
                          WIDTH="199"
                          VPOS="2868"
                          HPOS="1171"
                          CONTENT="det"/>
                  <SP HEIGHT="179" WIDTH="28" VPOS="2868" HPOS="1370"/>
                  <String HEIGHT="179"
                          WIDTH="284"
                          VPOS="2868"
                          HPOS="1285"
                          CONTENT="öfriga"/>
                  <SP HEIGHT="179" WIDTH="28" VPOS="2868" HPOS="1569"/>
                  <String HEIGHT="179"
                          WIDTH="142"
                          VPOS="2868"
                          HPOS="1484"
                          CONTENT="i"/>
                  <SP HEIGHT="179" WIDTH="28" VPOS="2868" HPOS="1626"/>
                  <String HEIGHT="179"
                          WIDTH="170"
                          VPOS="2868"
                          HPOS="1540"
                          CONTENT="10"/>
                  <SP HEIGHT="179" WIDTH="28" VPOS="2868" HPOS="1711"/>
                  <String HEIGHT="179"
                          WIDTH="199"
                          VPOS="2868"
                          HPOS="1626"
                          CONTENT="och"/>
                  <SP HEIGHT="179" WIDTH="28" VPOS="2868" HPOS="1824"/>
                  <String HEIGHT="179"
                          WIDTH="142"
                          VPOS="2868"
                          HPOS="1739"
                          CONTENT="5"/>
                  <SP HEIGHT="179" WIDTH="28" VPOS="2868" HPOS="1881"/>
                  <String HEIGHT="179"
                          WIDTH="454"
                          VPOS="2868"
                          HPOS="1796"
                          CONTENT="Kronosedlar;"/>
                  <SP HEIGHT="179" WIDTH="28" VPOS="2868" HPOS="2250"/>
                  <String HEIGHT="179"
                          WIDTH="199"
                          VPOS="2868"
                          HPOS="2165"
                          CONTENT="att"/>
                  <SP HEIGHT="179" WIDTH="28" VPOS="2868" HPOS="2364"/>
                  <String HEIGHT="179"
                          WIDTH="114"
                          VPOS="2868"
                          HPOS="2250"
                          CONTENT="då"/>
               </TextLine>
               <TextLine ID="r2l27"
                         BASELINE="476,3116 570,3110 664,3106 758,3102 852,3098 947,3096 1041,3093 1135,3091 1229,3089 1323,3087 1418,3086 1512,3084 1606,3084 1700,3082 1794,3081 1889,3080 1983,3078 2077,3076 2171,3074 2265,3072 2360,3070"
                         HEIGHT="202"
                         WIDTH="1909"
                         VPOS="2965"
                         HPOS="463">
                  <String HEIGHT="202"
                          WIDTH="206"
                          VPOS="2965"
                          HPOS="434"
                          CONTENT="han"/>
                  <SP HEIGHT="202" WIDTH="29" VPOS="2965" HPOS="639"/>
                  <String HEIGHT="202"
                          WIDTH="235"
                          VPOS="2965"
                          HPOS="551"
                          CONTENT="kort"/>
                  <SP HEIGHT="202" WIDTH="29" VPOS="2965" HPOS="786"/>
                  <String HEIGHT="202"
                          WIDTH="206"
                          VPOS="2965"
                          HPOS="698"
                          CONTENT="tid"/>
                  <SP HEIGHT="202" WIDTH="29" VPOS="2965" HPOS="904"/>
                  <String HEIGHT="202"
                          WIDTH="352"
                          VPOS="2965"
                          HPOS="815"
                          CONTENT="derefter"/>
                  <SP HEIGHT="202" WIDTH="29" VPOS="2965" HPOS="1168"/>
                  <String HEIGHT="202"
                          WIDTH="352"
                          VPOS="2965"
                          HPOS="1080"
                          CONTENT="erhållit"/>
                  <SP HEIGHT="202" WIDTH="29" VPOS="2965" HPOS="1432"/>
                  <String HEIGHT="202"
                          WIDTH="323"
                          VPOS="2965"
                          HPOS="1344"
                          CONTENT="uppdrag"/>
                  <SP HEIGHT="202" WIDTH="29" VPOS="2965" HPOS="1667"/>
                  <String HEIGHT="202"
                          WIDTH="206"
                          VPOS="2965"
                          HPOS="1579"
                          CONTENT="att"/>
                  <SP HEIGHT="202" WIDTH="29" VPOS="2965" HPOS="1785"/>
                  <String HEIGHT="202"
                          WIDTH="382"
                          VPOS="2965"
                          HPOS="1697"
                          CONTENT="inkassera"/>
                  <SP HEIGHT="202" WIDTH="29" VPOS="2965" HPOS="2078"/>
                  <String HEIGHT="202"
                          WIDTH="176"
                          VPOS="2965"
                          HPOS="1990"
                          CONTENT="en"/>
                  <SP HEIGHT="202" WIDTH="29" VPOS="2965" HPOS="2166"/>
                  <String HEIGHT="202"
                          WIDTH="323"
                          VPOS="2965"
                          HPOS="2049"
                          CONTENT="qvitterad"/>
               </TextLine>
               <TextLine ID="r2l28"
                         BASELINE="460,3224 555,3219 650,3216 745,3212 840,3208 935,3206 1030,3204 1125,3202 1220,3200 1315,3200 1410,3198 1505,3198 1600,3198 1695,3196 1790,3196 1885,3194 1980,3194 2075,3192 2170,3190 2265,3188 2360,3184"
                         HEIGHT="159"
                         WIDTH="1925"
                         VPOS="3086"
                         HPOS="447">
                  <String HEIGHT="159"
                          WIDTH="359"
                          VPOS="3086"
                          HPOS="414"
                          CONTENT="räkning"/>
                  <SP HEIGHT="159" WIDTH="33" VPOS="3086" HPOS="773"/>
                  <String HEIGHT="159" WIDTH="163" VPOS="3086" HPOS="675" CONTENT="å"/>
                  <SP HEIGHT="159" WIDTH="33" VPOS="3086" HPOS="839"/>
                  <String HEIGHT="159"
                          WIDTH="196"
                          VPOS="3086"
                          HPOS="741"
                          CONTENT="90"/>
                  <SP HEIGHT="159" WIDTH="33" VPOS="3086" HPOS="936"/>
                  <String HEIGHT="159"
                          WIDTH="359"
                          VPOS="3086"
                          HPOS="839"
                          CONTENT="Kronor,"/>
                  <SP HEIGHT="159" WIDTH="33" VPOS="3086" HPOS="1197"/>
                  <String HEIGHT="159"
                          WIDTH="261"
                          VPOS="3086"
                          HPOS="1100"
                          CONTENT="som,"/>
                  <SP HEIGHT="159" WIDTH="33" VPOS="3086" HPOS="1361"/>
                  <String HEIGHT="159"
                          WIDTH="326"
                          VPOS="3086"
                          HPOS="1263"
                          CONTENT="enligt"/>
                  <SP HEIGHT="159" WIDTH="33" VPOS="3086" HPOS="1589"/>
                  <String HEIGHT="159"
                          WIDTH="261"
                          VPOS="3086"
                          HPOS="1491"
                          CONTENT="hvad"/>
                  <SP HEIGHT="159" WIDTH="33" VPOS="3086" HPOS="1752"/>
                  <String HEIGHT="159"
                          WIDTH="228"
                          VPOS="3086"
                          HPOS="1654"
                          CONTENT="han"/>
                  <SP HEIGHT="159" WIDTH="33" VPOS="3086" HPOS="1883"/>
                  <String HEIGHT="159"
                          WIDTH="294"
                          VPOS="3086"
                          HPOS="1785"
                          CONTENT="ville"/>
                  <SP HEIGHT="159" WIDTH="33" VPOS="3086" HPOS="2078"/>
                  <String HEIGHT="159"
                          WIDTH="326"
                          VPOS="3086"
                          HPOS="1980"
                          CONTENT="erinra"/>
                  <SP HEIGHT="159" WIDTH="33" VPOS="3086" HPOS="2307"/>
                  <String HEIGHT="159"
                          WIDTH="196"
                          VPOS="3086"
                          HPOS="2176"
                          CONTENT="sig,"/>
               </TextLine>
               <TextLine ID="r2l29"
                         BASELINE="478,3332 569,3329 660,3325 751,3322 842,3320 934,3316 1025,3314 1116,3312 1207,3310 1298,3309 1390,3308 1481,3306 1572,3304 1663,3304 1754,3302 1846,3300 1937,3300 2028,3298 2119,3296 2210,3294 2302,3294"
                         HEIGHT="145"
                         WIDTH="1850"
                         VPOS="3204"
                         HPOS="465">
                  <String HEIGHT="145"
                          WIDTH="297"
                          VPOS="3204"
                          HPOS="432"
                          CONTENT="varit"/>
                  <SP HEIGHT="145" WIDTH="33" VPOS="3204" HPOS="729"/>
                  <String HEIGHT="145"
                          WIDTH="330"
                          VPOS="3204"
                          HPOS="630"
                          CONTENT="ställd"/>
                  <SP HEIGHT="145" WIDTH="33" VPOS="3204" HPOS="961"/>
                  <String HEIGHT="145"
                          WIDTH="264"
                          VPOS="3204"
                          HPOS="861"
                          CONTENT="till"/>
                  <SP HEIGHT="145" WIDTH="33" VPOS="3204" HPOS="1126"/>
                  <String HEIGHT="145"
                          WIDTH="463"
                          VPOS="3204"
                          HPOS="1027"
                          CONTENT="Handlanden"/>
                  <SP HEIGHT="145" WIDTH="33" VPOS="3204" HPOS="1489"/>
                  <String HEIGHT="145"
                          WIDTH="396"
                          VPOS="3204"
                          HPOS="1390"
                          CONTENT="Rubenson"/>
                  <SP HEIGHT="145" WIDTH="33" VPOS="3204" HPOS="1786"/>
                  <String HEIGHT="145"
                          WIDTH="231"
                          VPOS="3204"
                          HPOS="1687"
                          CONTENT="och"/>
                  <SP HEIGHT="145" WIDTH="33" VPOS="3204" HPOS="1919"/>
                  <String HEIGHT="145"
                          WIDTH="396"
                          VPOS="3204"
                          HPOS="1819"
                          CONTENT="uppburit"/>
                  <SP HEIGHT="145" WIDTH="33" VPOS="3204" HPOS="2216"/>
                  <String HEIGHT="145"
                          WIDTH="231"
                          VPOS="3204"
                          HPOS="2084"
                          CONTENT="dessa"/>
               </TextLine>
               <TextLine ID="r2l30"
                         BASELINE="458,3446 551,3442 645,3438 739,3434 833,3431 927,3429 1020,3426 1114,3424 1208,3424 1302,3422 1396,3420 1489,3420 1583,3418 1677,3416 1771,3414 1865,3412 1958,3409 2052,3406 2146,3402 2240,3396 2334,3390"
                         HEIGHT="180"
                         WIDTH="1900"
                         VPOS="3301"
                         HPOS="445">
                  <String HEIGHT="180"
                          WIDTH="502"
                          VPOS="3301"
                          HPOS="409"
                          CONTENT="penningar,"/>
                  <SP HEIGHT="180" WIDTH="36" VPOS="3301" HPOS="911"/>
                  <String HEIGHT="180"
                          WIDTH="251"
                          VPOS="3301"
                          HPOS="803"
                          CONTENT="han"/>
                  <SP HEIGHT="180" WIDTH="36" VPOS="3301" HPOS="1054"/>
                  <String HEIGHT="180"
                          WIDTH="430"
                          VPOS="3301"
                          HPOS="947"
                          CONTENT="behållit"/>
                  <SP HEIGHT="180" WIDTH="36" VPOS="3301" HPOS="1377"/>
                  <String HEIGHT="180"
                          WIDTH="430"
                          VPOS="3301"
                          HPOS="1270"
                          CONTENT="desamme;"/>
                  <SP HEIGHT="180" WIDTH="36" VPOS="3301" HPOS="1700"/>
                  <String HEIGHT="180"
                          WIDTH="251"
                          VPOS="3301"
                          HPOS="1592"
                          CONTENT="att"/>
                  <SP HEIGHT="180" WIDTH="36" VPOS="3301" HPOS="1843"/>
                  <String HEIGHT="180"
                          WIDTH="215"
                          VPOS="3301"
                          HPOS="1736"
                          CONTENT="då"/>
                  <SP HEIGHT="180" WIDTH="36" VPOS="3301" HPOS="1951"/>
                  <String HEIGHT="180"
                          WIDTH="251"
                          VPOS="3301"
                          HPOS="1843"
                          CONTENT="han"/>
                  <SP HEIGHT="180" WIDTH="36" VPOS="3301" HPOS="2094"/>
                  <String HEIGHT="180"
                          WIDTH="323"
                          VPOS="3301"
                          HPOS="1987"
                          CONTENT="någon"/>
                  <SP HEIGHT="180" WIDTH="36" VPOS="3301" HPOS="2309"/>
                  <String HEIGHT="180"
                          WIDTH="179"
                          VPOS="3301"
                          HPOS="2166"
                          CONTENT="tid"/>
               </TextLine>
               <TextLine ID="r2l31"
                         BASELINE="454,3550 549,3546 645,3542 740,3538 836,3534 932,3532 1027,3530 1123,3528 1218,3526 1314,3526 1410,3524 1505,3524 1601,3522 1696,3522 1792,3520 1888,3520 1983,3518 2079,3516 2174,3514 2270,3512 2366,3510"
                         HEIGHT="176"
                         WIDTH="1936"
                         VPOS="3428"
                         HPOS="442">
                  <String HEIGHT="176"
                          WIDTH="357"
                          VPOS="3428"
                          HPOS="412"
                          CONTENT="derefter"/>
                  <SP HEIGHT="176" WIDTH="30" VPOS="3428" HPOS="770"/>
                  <String HEIGHT="176"
                          WIDTH="179"
                          VPOS="3428"
                          HPOS="680"
                          CONTENT="af"/>
                  <SP HEIGHT="176" WIDTH="30" VPOS="3428" HPOS="859"/>
                  <String HEIGHT="176"
                          WIDTH="328"
                          VPOS="3428"
                          HPOS="770"
                          CONTENT="Mamsell"/>
                  <SP HEIGHT="176" WIDTH="30" VPOS="3428" HPOS="1097"/>
                  <String HEIGHT="176"
                          WIDTH="387"
                          VPOS="3428"
                          HPOS="1008"
                          CONTENT="Mattsson,"/>
                  <SP HEIGHT="176" WIDTH="30" VPOS="3428" HPOS="1395"/>
                  <String HEIGHT="176"
                          WIDTH="328"
                          VPOS="3428"
                          HPOS="1306"
                          CONTENT="hvilken"/>
                  <SP HEIGHT="176" WIDTH="30" VPOS="3428" HPOS="1633"/>
                  <String HEIGHT="176"
                          WIDTH="238"
                          VPOS="3428"
                          HPOS="1544"
                          CONTENT="haft"/>
                  <SP HEIGHT="176" WIDTH="30" VPOS="3428" HPOS="1782"/>
                  <String HEIGHT="176"
                          WIDTH="328"
                          VPOS="3428"
                          HPOS="1693"
                          CONTENT="firmans"/>
                  <SP HEIGHT="176" WIDTH="30" VPOS="3428" HPOS="2021"/>
                  <String HEIGHT="176"
                          WIDTH="268"
                          VPOS="3428"
                          HPOS="1931"
                          CONTENT="kassa"/>
                  <SP HEIGHT="176" WIDTH="30" VPOS="3428" HPOS="2199"/>
                  <String HEIGHT="176"
                          WIDTH="179"
                          VPOS="3428"
                          HPOS="2110"
                          CONTENT="om"/>
                  <SP HEIGHT="176" WIDTH="30" VPOS="3428" HPOS="2289"/>
                  <String HEIGHT="176"
                          WIDTH="208"
                          VPOS="3428"
                          HPOS="2170"
                          CONTENT="hand,"/>
               </TextLine>
               <TextLine ID="r2l32"
                         BASELINE="446,3658 539,3654 632,3650 725,3647 818,3644 912,3641 1005,3638 1098,3638 1191,3636 1284,3634 1378,3634 1471,3632 1564,3632 1657,3632 1750,3632 1844,3632 1937,3631 2030,3630 2123,3630 2216,3630 2310,3630"
                         HEIGHT="176"
                         WIDTH="1888"
                         VPOS="3541"
                         HPOS="433">
                  <String HEIGHT="176"
                          WIDTH="354"
                          VPOS="3541"
                          HPOS="404"
                          CONTENT="bekommit"/>
                  <SP HEIGHT="176" WIDTH="30" VPOS="3541" HPOS="758"/>
                  <String HEIGHT="176"
                          WIDTH="177"
                          VPOS="3541"
                          HPOS="669"
                          CONTENT="en"/>
                  <SP HEIGHT="176" WIDTH="30" VPOS="3541" HPOS="846"/>
                  <String HEIGHT="176"
                          WIDTH="266"
                          VPOS="3541"
                          HPOS="758"
                          CONTENT="sedel"/>
                  <SP HEIGHT="176" WIDTH="30" VPOS="3541" HPOS="1023"/>
                  <String HEIGHT="176" WIDTH="148" VPOS="3541" HPOS="935" CONTENT="å"/>
                  <SP HEIGHT="176" WIDTH="30" VPOS="3541" HPOS="1082"/>
                  <String HEIGHT="176"
                          WIDTH="207"
                          VPOS="3541"
                          HPOS="994"
                          CONTENT="100"/>
                  <SP HEIGHT="176" WIDTH="30" VPOS="3541" HPOS="1200"/>
                  <String HEIGHT="176"
                          WIDTH="295"
                          VPOS="3541"
                          HPOS="1112"
                          CONTENT="Kronor"/>
                  <SP HEIGHT="176" WIDTH="30" VPOS="3541" HPOS="1407"/>
                  <String HEIGHT="176"
                          WIDTH="207"
                          VPOS="3541"
                          HPOS="1318"
                          CONTENT="för"/>
                  <SP HEIGHT="176" WIDTH="30" VPOS="3541" HPOS="1525"/>
                  <String HEIGHT="176"
                          WIDTH="207"
                          VPOS="3541"
                          HPOS="1436"
                          CONTENT="att"/>
                  <SP HEIGHT="176" WIDTH="30" VPOS="3541" HPOS="1643"/>
                  <String HEIGHT="176"
                          WIDTH="266"
                          VPOS="3541"
                          HPOS="1554"
                          CONTENT="vexla"/>
                  <SP HEIGHT="176" WIDTH="30" VPOS="3541" HPOS="1820"/>
                  <String HEIGHT="176"
                          WIDTH="207"
                          VPOS="3541"
                          HPOS="1731"
                          CONTENT="och"/>
                  <SP HEIGHT="176" WIDTH="30" VPOS="3541" HPOS="1938"/>
                  <String HEIGHT="176"
                          WIDTH="207"
                          VPOS="3541"
                          HPOS="1849"
                          CONTENT="för"/>
                  <SP HEIGHT="176" WIDTH="30" VPOS="3541" HPOS="2056"/>
                  <String HEIGHT="176"
                          WIDTH="266"
                          VPOS="3541"
                          HPOS="1967"
                          CONTENT="detta"/>
                  <SP HEIGHT="176" WIDTH="30" VPOS="3541" HPOS="2233"/>
                  <String HEIGHT="176"
                          WIDTH="207"
                          VPOS="3541"
                          HPOS="2115"
                          CONTENT="ända¬"
                          SUBS_TYPE="HypPart1"
                          SUBS_CONTENT="ändamål"/>
                  <HYP CONTENT="-"/>
               </TextLine>
               <TextLine ID="r2l33"
                         BASELINE="462,3766 556,3762 650,3758 745,3754 839,3752 934,3748 1028,3747 1122,3746 1217,3744 1311,3744 1406,3744 1500,3744 1594,3742 1689,3742 1783,3742 1878,3742 1972,3742 2066,3742 2161,3741 2255,3740 2350,3738"
                         HEIGHT="176"
                         WIDTH="1912"
                         VPOS="3642"
                         HPOS="451">
                  <String HEIGHT="176"
                          WIDTH="235"
                          VPOS="3642"
                          HPOS="417"
                          CONTENT="mål"
                          SUBS_TYPE="HypPart2"
                          SUBS_CONTENT="ändamål"/>
                  <SP HEIGHT="176" WIDTH="34" VPOS="3642" HPOS="652"/>
                  <String HEIGHT="176"
                          WIDTH="403"
                          VPOS="3642"
                          HPOS="552"
                          CONTENT="begifvit"/>
                  <SP HEIGHT="176" WIDTH="34" VPOS="3642" HPOS="954"/>
                  <String HEIGHT="176"
                          WIDTH="235"
                          VPOS="3642"
                          HPOS="854"
                          CONTENT="sig"/>
                  <SP HEIGHT="176" WIDTH="34" VPOS="3642" HPOS="1088"/>
                  <String HEIGHT="176"
                          WIDTH="268"
                          VPOS="3642"
                          HPOS="988"
                          CONTENT="till"/>
                  <SP HEIGHT="176" WIDTH="34" VPOS="3642" HPOS="1256"/>
                  <String HEIGHT="176"
                          WIDTH="604"
                          VPOS="3642"
                          HPOS="1155"
                          CONTENT="Smörhandlanden"/>
                  <SP HEIGHT="176" WIDTH="34" VPOS="3642" HPOS="1759"/>
                  <String HEIGHT="176"
                          WIDTH="537"
                          VPOS="3642"
                          HPOS="1659"
                          CONTENT="Sveningsson,"/>
                  <SP HEIGHT="176" WIDTH="34" VPOS="3642" HPOS="2195"/>
                  <String HEIGHT="176"
                          WIDTH="235"
                          VPOS="3642"
                          HPOS="2095"
                          CONTENT="som"/>
                  <SP HEIGHT="176" WIDTH="34" VPOS="3642" HPOS="2329"/>
                  <String HEIGHT="176"
                          WIDTH="168"
                          VPOS="3642"
                          HPOS="2195"
                          CONTENT="har"/>
               </TextLine>
            </TextBlock>
            <TextBlock ID="r3" HEIGHT="3645" WIDTH="1971" VPOS="227" HPOS="2579">
               <Shape>
                  <Polygon POINTS="2586,228 2579,3872 4534,3728 4550,227"/>
               </Shape>
               <TextLine ID="r3l1"
                         BASELINE="2592,326 2688,316 2784,307 2881,300 2977,295 3074,290 3170,286 3266,284 3363,282 3459,282 3556,282 3652,283 3748,284 3845,286 3941,288 4038,290 4134,292 4230,294 4327,296 4423,298 4520,300"
                         HEIGHT="176"
                         WIDTH="1952"
                         VPOS="186"
                         HPOS="2580">
                  <String HEIGHT="176"
                          WIDTH="283"
                          VPOS="186"
                          HPOS="2549"
                          CONTENT="butik"/>
                  <SP HEIGHT="176" WIDTH="31" VPOS="186" HPOS="2832"/>
                  <String HEIGHT="176" WIDTH="157" VPOS="186" HPOS="2737" CONTENT="i"/>
                  <SP HEIGHT="176" WIDTH="31" VPOS="186" HPOS="2895"/>
                  <String HEIGHT="176"
                          WIDTH="283"
                          VPOS="186"
                          HPOS="2800"
                          CONTENT="huset"/>
                  <SP HEIGHT="176" WIDTH="31" VPOS="186" HPOS="3084"/>
                  <String HEIGHT="176"
                          WIDTH="189"
                          VPOS="186"
                          HPOS="2989"
                          CONTENT="No"/>
                  <SP HEIGHT="176" WIDTH="31" VPOS="186" HPOS="3178"/>
                  <String HEIGHT="176" WIDTH="157" VPOS="186" HPOS="3084" CONTENT="5"/>
                  <SP HEIGHT="176" WIDTH="31" VPOS="186" HPOS="3241"/>
                  <String HEIGHT="176"
                          WIDTH="220"
                          VPOS="186"
                          HPOS="3147"
                          CONTENT="vid"/>
                  <SP HEIGHT="176" WIDTH="31" VPOS="186" HPOS="3367"/>
                  <String HEIGHT="176"
                          WIDTH="504"
                          VPOS="186"
                          HPOS="3273"
                          CONTENT="Kungstorget,"/>
                  <SP HEIGHT="176" WIDTH="31" VPOS="186" HPOS="3776"/>
                  <String HEIGHT="176"
                          WIDTH="252"
                          VPOS="186"
                          HPOS="3682"
                          CONTENT="han,"/>
                  <SP HEIGHT="176" WIDTH="31" VPOS="186" HPOS="3934"/>
                  <String HEIGHT="176"
                          WIDTH="189"
                          VPOS="186"
                          HPOS="3839"
                          CONTENT="då"/>
                  <SP HEIGHT="176" WIDTH="31" VPOS="186" HPOS="4028"/>
                  <String HEIGHT="176"
                          WIDTH="283"
                          VPOS="186"
                          HPOS="3934"
                          CONTENT="denne"/>
                  <SP HEIGHT="176" WIDTH="31" VPOS="186" HPOS="4217"/>
                  <String HEIGHT="176"
                          WIDTH="220"
                          VPOS="186"
                          HPOS="4123"
                          CONTENT="vid"/>
                  <SP HEIGHT="176" WIDTH="31" VPOS="186" HPOS="4343"/>
                  <String HEIGHT="176"
                          WIDTH="315"
                          VPOS="186"
                          HPOS="4217"
                          CONTENT="tillfäl¬"
                          SUBS_TYPE="HypPart1"
                          SUBS_CONTENT="tillfällit"/>
                  <HYP CONTENT="-"/>
               </TextLine>
               <TextLine ID="r3l2"
                         BASELINE="2588,436 2681,429 2774,424 2867,418 2960,414 3053,411 3146,408 3239,406 3332,404 3425,404 3519,404 3612,403 3705,404 3798,404 3891,404 3984,404 4077,404 4170,404 4263,406 4356,406 4450,404"
                         HEIGHT="194"
                         WIDTH="1888"
                         VPOS="301"
                         HPOS="2575">
                  <String HEIGHT="194"
                          WIDTH="220"
                          VPOS="301"
                          HPOS="2544"
                          CONTENT="lit"
                          SUBS_TYPE="HypPart2"
                          SUBS_CONTENT="tillfällit"/>
                  <SP HEIGHT="194" WIDTH="31" VPOS="301" HPOS="2764"/>
                  <String HEIGHT="194"
                          WIDTH="189"
                          VPOS="301"
                          HPOS="2669"
                          CONTENT="ej"/>
                  <SP HEIGHT="194" WIDTH="31" VPOS="301" HPOS="2858"/>
                  <String HEIGHT="194"
                          WIDTH="315"
                          VPOS="301"
                          HPOS="2764"
                          CONTENT="kunnat"/>
                  <SP HEIGHT="194" WIDTH="31" VPOS="301" HPOS="3078"/>
                  <String HEIGHT="194"
                          WIDTH="283"
                          VPOS="301"
                          HPOS="2984"
                          CONTENT="vexla"/>
                  <SP HEIGHT="194" WIDTH="31" VPOS="301" HPOS="3267"/>
                  <String HEIGHT="194"
                          WIDTH="346"
                          VPOS="301"
                          HPOS="3173"
                          CONTENT="sedeln,"/>
                  <SP HEIGHT="194" WIDTH="31" VPOS="301" HPOS="3519"/>
                  <String HEIGHT="194"
                          WIDTH="409"
                          VPOS="301"
                          HPOS="3425"
                          CONTENT="återvändt"/>
                  <SP HEIGHT="194" WIDTH="31" VPOS="301" HPOS="3834"/>
                  <String HEIGHT="194"
                          WIDTH="252"
                          VPOS="301"
                          HPOS="3739"
                          CONTENT="till"/>
                  <SP HEIGHT="194" WIDTH="31" VPOS="301" HPOS="3991"/>
                  <String HEIGHT="194"
                          WIDTH="346"
                          VPOS="301"
                          HPOS="3897"
                          CONTENT="firmans"/>
                  <SP HEIGHT="194" WIDTH="31" VPOS="301" HPOS="4243"/>
                  <String HEIGHT="194"
                          WIDTH="283"
                          VPOS="301"
                          HPOS="4148"
                          CONTENT="butik"/>
                  <SP HEIGHT="194" WIDTH="31" VPOS="301" HPOS="4432"/>
                  <String HEIGHT="194"
                          WIDTH="157"
                          VPOS="301"
                          HPOS="4306"
                          CONTENT="och"/>
               </TextLine>
               <TextLine ID="r3l3"
                         BASELINE="2604,550 2700,540 2796,531 2893,525 2989,518 3086,514 3182,509 3278,506 3375,504 3471,502 3568,502 3664,500 3760,500 3857,500 3953,500 4050,500 4146,500 4242,500 4339,500 4435,498 4532,496"
                         HEIGHT="178"
                         WIDTH="1954"
                         VPOS="419"
                         HPOS="2591">
                  <String HEIGHT="178"
                          WIDTH="292"
                          VPOS="419"
                          HPOS="2562"
                          CONTENT="gifvit"/>
                  <SP HEIGHT="178" WIDTH="29" VPOS="419" HPOS="2853"/>
                  <String HEIGHT="178"
                          WIDTH="321"
                          VPOS="419"
                          HPOS="2766"
                          CONTENT="bemälde"/>
                  <SP HEIGHT="178" WIDTH="29" VPOS="419" HPOS="3087"/>
                  <String HEIGHT="178"
                          WIDTH="350"
                          VPOS="419"
                          HPOS="2999"
                          CONTENT="Mattsson"/>
                  <SP HEIGHT="178" WIDTH="29" VPOS="419" HPOS="3349"/>
                  <String HEIGHT="178"
                          WIDTH="204"
                          VPOS="419"
                          HPOS="3262"
                          CONTENT="det"/>
                  <SP HEIGHT="178" WIDTH="29" VPOS="419" HPOS="3466"/>
                  <String HEIGHT="178"
                          WIDTH="321"
                          VPOS="419"
                          HPOS="3378"
                          CONTENT="besked,"/>
                  <SP HEIGHT="178" WIDTH="29" VPOS="419" HPOS="3699"/>
                  <String HEIGHT="178"
                          WIDTH="204"
                          VPOS="419"
                          HPOS="3612"
                          CONTENT="att"/>
                  <SP HEIGHT="178" WIDTH="29" VPOS="419" HPOS="3816"/>
                  <String HEIGHT="178"
                          WIDTH="204"
                          VPOS="419"
                          HPOS="3728"
                          CONTENT="han"/>
                  <SP HEIGHT="178" WIDTH="29" VPOS="419" HPOS="3933"/>
                  <String HEIGHT="178"
                          WIDTH="262"
                          VPOS="419"
                          HPOS="3845"
                          CONTENT="först"/>
                  <SP HEIGHT="178" WIDTH="29" VPOS="419" HPOS="4108"/>
                  <String HEIGHT="178"
                          WIDTH="262"
                          VPOS="419"
                          HPOS="4020"
                          CONTENT="efter"/>
                  <SP HEIGHT="178" WIDTH="29" VPOS="419" HPOS="4283"/>
                  <String HEIGHT="178"
                          WIDTH="262"
                          VPOS="419"
                          HPOS="4195"
                          CONTENT="någon"/>
                  <SP HEIGHT="178" WIDTH="29" VPOS="419" HPOS="4458"/>
                  <String HEIGHT="178"
                          WIDTH="204"
                          VPOS="419"
                          HPOS="4341"
                          CONTENT="stund"/>
               </TextLine>
               <TextLine ID="r3l4"
                         BASELINE="2604,668 2700,660 2796,652 2892,647 2988,640 3084,634 3180,630 3276,626 3372,622 3468,619 3565,616 3661,614 3757,612 3853,610 3949,608 4045,608 4141,606 4237,606 4333,604 4429,604 4526,602"
                         HEIGHT="204"
                         WIDTH="1948"
                         VPOS="541"
                         HPOS="2590">
                  <String HEIGHT="204"
                          WIDTH="308"
                          VPOS="541"
                          HPOS="2556"
                          CONTENT="kunde"/>
                  <SP HEIGHT="204" WIDTH="34" VPOS="541" HPOS="2863"/>
                  <String HEIGHT="204"
                          WIDTH="205"
                          VPOS="541"
                          HPOS="2761"
                          CONTENT="få"/>
                  <SP HEIGHT="204" WIDTH="34" VPOS="541" HPOS="2966"/>
                  <String HEIGHT="204"
                          WIDTH="308"
                          VPOS="541"
                          HPOS="2863"
                          CONTENT="hemta"/>
                  <SP HEIGHT="204" WIDTH="34" VPOS="541" HPOS="3171"/>
                  <String HEIGHT="204"
                          WIDTH="718"
                          VPOS="541"
                          HPOS="3068"
                          CONTENT="vexelpenningarne,"/>
                  <SP HEIGHT="204" WIDTH="34" VPOS="541" HPOS="3786"/>
                  <String HEIGHT="204"
                          WIDTH="273"
                          VPOS="541"
                          HPOS="3684"
                          CONTENT="men,"/>
                  <SP HEIGHT="204" WIDTH="34" VPOS="541" HPOS="3957"/>
                  <String HEIGHT="204"
                          WIDTH="205"
                          VPOS="541"
                          HPOS="3854"
                          CONTENT="då"/>
                  <SP HEIGHT="204" WIDTH="34" VPOS="541" HPOS="4060"/>
                  <String HEIGHT="204"
                          WIDTH="376"
                          VPOS="541"
                          HPOS="3957"
                          CONTENT="Mamsell"/>
                  <SP HEIGHT="204" WIDTH="34" VPOS="541" HPOS="4333"/>
                  <String HEIGHT="204"
                          WIDTH="342"
                          VPOS="541"
                          HPOS="4196"
                          CONTENT="Mattsson"/>
               </TextLine>
               <TextLine ID="r3l5"
                         BASELINE="2586,772 2682,770 2778,768 2875,764 2971,761 3068,758 3164,756 3260,752 3357,748 3453,744 3550,741 3646,738 3742,735 3839,731 3935,728 4032,725 4128,722 4224,718 4321,716 4417,712 4514,710"
                         HEIGHT="198"
                         WIDTH="1954"
                         VPOS="643"
                         HPOS="2572">
                  <String HEIGHT="198"
                          WIDTH="391"
                          VPOS="643"
                          HPOS="2542"
                          CONTENT="sedermera"/>
                  <SP HEIGHT="198" WIDTH="30" VPOS="643" HPOS="2933"/>
                  <String HEIGHT="198"
                          WIDTH="240"
                          VPOS="643"
                          HPOS="2843"
                          CONTENT="icke"/>
                  <SP HEIGHT="198" WIDTH="30" VPOS="643" HPOS="3083"/>
                  <String HEIGHT="198"
                          WIDTH="451"
                          VPOS="643"
                          HPOS="2993"
                          CONTENT="efterfrågat"/>
                  <SP HEIGHT="198" WIDTH="30" VPOS="643" HPOS="3444"/>
                  <String HEIGHT="198"
                          WIDTH="361"
                          VPOS="643"
                          HPOS="3354"
                          CONTENT="desamme,"/>
                  <SP HEIGHT="198" WIDTH="30" VPOS="643" HPOS="3714"/>
                  <String HEIGHT="198"
                          WIDTH="361"
                          VPOS="643"
                          HPOS="3624"
                          CONTENT="behållit"/>
                  <SP HEIGHT="198" WIDTH="30" VPOS="643" HPOS="3985"/>
                  <String HEIGHT="198"
                          WIDTH="301"
                          VPOS="643"
                          HPOS="3895"
                          CONTENT="jemväl"/>
                  <SP HEIGHT="198" WIDTH="30" VPOS="643" HPOS="4195"/>
                  <String HEIGHT="198"
                          WIDTH="271"
                          VPOS="643"
                          HPOS="4105"
                          CONTENT="desse"/>
                  <SP HEIGHT="198" WIDTH="30" VPOS="643" HPOS="4376"/>
                  <String HEIGHT="198"
                          WIDTH="271"
                          VPOS="643"
                          HPOS="4255"
                          CONTENT="pennin¬"
                          SUBS_TYPE="HypPart1"
                          SUBS_CONTENT="penningar;"/>
                  <HYP CONTENT="-"/>
               </TextLine>
               <TextLine ID="r3l6"
                         BASELINE="2588,892 2683,884 2778,880 2873,875 2968,870 3063,866 3158,862 3253,859 3348,856 3443,854 3539,851 3634,848 3729,846 3824,844 3919,840 4014,837 4109,834 4204,830 4299,826 4394,822 4490,816"
                         HEIGHT="216"
                         WIDTH="1926"
                         VPOS="733"
                         HPOS="2575">
                  <String HEIGHT="216"
                          WIDTH="245"
                          VPOS="733"
                          HPOS="2544"
                          CONTENT="gar;"
                          SUBS_TYPE="HypPart2"
                          SUBS_CONTENT="penningar;"/>
                  <SP HEIGHT="216" WIDTH="31" VPOS="733" HPOS="2789"/>
                  <String HEIGHT="216"
                          WIDTH="214"
                          VPOS="733"
                          HPOS="2697"
                          CONTENT="att"/>
                  <SP HEIGHT="216" WIDTH="31" VPOS="733" HPOS="2911"/>
                  <String HEIGHT="216"
                          WIDTH="214"
                          VPOS="733"
                          HPOS="2820"
                          CONTENT="han"/>
                  <SP HEIGHT="216" WIDTH="31" VPOS="733" HPOS="3034"/>
                  <String HEIGHT="216"
                          WIDTH="367"
                          VPOS="733"
                          HPOS="2942"
                          CONTENT="dessutom"/>
                  <SP HEIGHT="216" WIDTH="31" VPOS="733" HPOS="3309"/>
                  <String HEIGHT="216"
                          WIDTH="214"
                          VPOS="733"
                          HPOS="3217"
                          CONTENT="vid"/>
                  <SP HEIGHT="216" WIDTH="31" VPOS="733" HPOS="3431"/>
                  <String HEIGHT="216"
                          WIDTH="275"
                          VPOS="733"
                          HPOS="3339"
                          CONTENT="olika"/>
                  <SP HEIGHT="216" WIDTH="31" VPOS="733" HPOS="3614"/>
                  <String HEIGHT="216"
                          WIDTH="459"
                          VPOS="733"
                          HPOS="3523"
                          CONTENT="tillfällen,"/>
                  <SP HEIGHT="216" WIDTH="31" VPOS="733" HPOS="3981"/>
                  <String HEIGHT="216"
                          WIDTH="245"
                          VPOS="733"
                          HPOS="3890"
                          CONTENT="allt"/>
                  <SP HEIGHT="216" WIDTH="31" VPOS="733" HPOS="4134"/>
                  <String HEIGHT="216"
                          WIDTH="275"
                          VPOS="733"
                          HPOS="4042"
                          CONTENT="under"/>
                  <SP HEIGHT="216" WIDTH="31" VPOS="733" HPOS="4318"/>
                  <String HEIGHT="216"
                          WIDTH="214"
                          VPOS="733"
                          HPOS="4226"
                          CONTENT="sin"/>
                  <SP HEIGHT="216" WIDTH="31" VPOS="733" HPOS="4440"/>
                  <String HEIGHT="216"
                          WIDTH="183"
                          VPOS="733"
                          HPOS="4318"
                          CONTENT="för¬"
                          SUBS_TYPE="HypPart1"
                          SUBS_CONTENT="första"/>
                  <HYP CONTENT="-"/>
               </TextLine>
               <TextLine ID="r3l7"
                         BASELINE="2614,998 2708,993 2802,989 2896,984 2991,980 3085,976 3179,973 3274,970 3368,966 3462,962 3557,960 3651,956 3745,954 3839,950 3934,946 4028,943 4122,938 4217,934 4311,931 4405,924 4500,920"
                         HEIGHT="196"
                         WIDTH="1913"
                         VPOS="851"
                         HPOS="2599">
                  <String HEIGHT="196"
                          WIDTH="220"
                          VPOS="851"
                          HPOS="2568"
                          CONTENT="sta"
                          SUBS_TYPE="HypPart2"
                          SUBS_CONTENT="första"/>
                  <SP HEIGHT="196" WIDTH="31" VPOS="851" HPOS="2787"/>
                  <String HEIGHT="196"
                          WIDTH="470"
                          VPOS="851"
                          HPOS="2693"
                          CONTENT="anställning"/>
                  <SP HEIGHT="196" WIDTH="31" VPOS="851" HPOS="3163"/>
                  <String HEIGHT="196"
                          WIDTH="220"
                          VPOS="851"
                          HPOS="3069"
                          CONTENT="hos"/>
                  <SP HEIGHT="196" WIDTH="31" VPOS="851" HPOS="3289"/>
                  <String HEIGHT="196"
                          WIDTH="314"
                          VPOS="851"
                          HPOS="3195"
                          CONTENT="firman"/>
                  <SP HEIGHT="196" WIDTH="31" VPOS="851" HPOS="3508"/>
                  <String HEIGHT="196"
                          WIDTH="220"
                          VPOS="851"
                          HPOS="3414"
                          CONTENT="von"/>
                  <SP HEIGHT="196" WIDTH="31" VPOS="851" HPOS="3634"/>
                  <String HEIGHT="196"
                          WIDTH="282"
                          VPOS="851"
                          HPOS="3540"
                          CONTENT="Reis,"/>
                  <SP HEIGHT="196" WIDTH="31" VPOS="851" HPOS="3822"/>
                  <String HEIGHT="196"
                          WIDTH="220"
                          VPOS="851"
                          HPOS="3728"
                          CONTENT="vid"/>
                  <SP HEIGHT="196" WIDTH="31" VPOS="851" HPOS="3948"/>
                  <String HEIGHT="196"
                          WIDTH="470"
                          VPOS="851"
                          HPOS="3853"
                          CONTENT="försäljning"/>
                  <SP HEIGHT="196" WIDTH="31" VPOS="851" HPOS="4324"/>
                  <String HEIGHT="196"
                          WIDTH="188"
                          VPOS="851"
                          HPOS="4230"
                          CONTENT="af"/>
                  <SP HEIGHT="196" WIDTH="31" VPOS="851" HPOS="4418"/>
                  <String HEIGHT="196"
                          WIDTH="220"
                          VPOS="851"
                          HPOS="4292"
                          CONTENT="varor"/>
               </TextLine>
               <TextLine ID="line_1584721801735_9703"
                         BASELINE="2600,1122 2693,1115 2786,1110 2879,1104 2973,1100 3066,1094 3159,1090 3253,1086 3346,1082 3439,1078 3533,1074 3626,1071 3719,1068 3812,1064 3906,1060 3999,1056 4013,1055"
                         HEIGHT="168"
                         WIDTH="1441"
                         VPOS="985"
                         HPOS="2586">
                  <String HEIGHT="168" WIDTH="164" VPOS="985" HPOS="2553" CONTENT="i"/>
                  <SP HEIGHT="168" WIDTH="33" VPOS="985" HPOS="2717"/>
                  <String HEIGHT="168"
                          WIDTH="360"
                          VPOS="985"
                          HPOS="2619"
                          CONTENT="butiken"/>
                  <SP HEIGHT="168" WIDTH="33" VPOS="985" HPOS="2979"/>
                  <String HEIGHT="168"
                          WIDTH="524"
                          VPOS="985"
                          HPOS="2881"
                          CONTENT="undansnillat"/>
                  <SP HEIGHT="168" WIDTH="33" VPOS="985" HPOS="3405"/>
                  <String HEIGHT="168"
                          WIDTH="328"
                          VPOS="985"
                          HPOS="3307"
                          CONTENT="mindre"/>
                  <SP HEIGHT="168" WIDTH="33" VPOS="985" HPOS="3634"/>
                  <String HEIGHT="168"
                          WIDTH="360"
                          VPOS="985"
                          HPOS="3536"
                          CONTENT="belopp,"/>
                  <SP HEIGHT="168" WIDTH="33" VPOS="985" HPOS="3896"/>
                  <String HEIGHT="168"
                          WIDTH="197"
                          VPOS="985"
                          HPOS="3798"
                          CONTENT="så"/>
                  <SP HEIGHT="168" WIDTH="33" VPOS="985" HPOS="3994"/>
                  <String HEIGHT="168"
                          WIDTH="164"
                          VPOS="985"
                          HPOS="3863"
                          CONTENT="att"/>
               </TextLine>
               <TextLine ID="line_1584721817173_9716"
                         BASELINE="4021,1009 4103,1009"
                         HEIGHT="109"
                         WIDTH="106"
                         VPOS="941"
                         HPOS="4009">
                  <String HEIGHT="109"
                          WIDTH="212"
                          VPOS="941"
                          HPOS="3903"
                          CONTENT="då"/>
               </TextLine>
               <TextLine ID="line_1584721801119_9697"
                         BASELINE="4049,1054 4092,1053 4186,1049 4279,1044 4372,1039 4466,1034"
                         HEIGHT="159"
                         WIDTH="445"
                         VPOS="933"
                         HPOS="4034">
                  <String HEIGHT="159"
                          WIDTH="240"
                          VPOS="933"
                          HPOS="4000"
                          CONTENT="han"/>
                  <SP HEIGHT="159" WIDTH="34" VPOS="933" HPOS="4239"/>
                  <String HEIGHT="159"
                          WIDTH="240"
                          VPOS="933"
                          HPOS="4137"
                          CONTENT="den"/>
                  <SP HEIGHT="159" WIDTH="34" VPOS="933" HPOS="4376"/>
                  <String HEIGHT="159" WIDTH="171" VPOS="933" HPOS="4274" CONTENT="6"/>
                  <SP HEIGHT="159" WIDTH="34" VPOS="933" HPOS="4445"/>
                  <String HEIGHT="159"
                          WIDTH="171"
                          VPOS="933"
                          HPOS="4308"
                          CONTENT="De¬"
                          SUBS_TYPE="HypPart1"
                          SUBS_CONTENT="December"/>
                  <HYP CONTENT="-"/>
               </TextLine>
               <TextLine ID="r3l10"
                         BASELINE="2612,1222 2706,1214 2800,1206 2894,1202 2988,1198 3082,1194 3176,1190 3270,1188 3364,1185 3458,1184 3553,1181 3647,1179 3741,1176 3835,1174 3929,1170 4023,1166 4117,1163 4211,1158 4305,1151 4399,1143 4494,1134"
                         HEIGHT="157"
                         WIDTH="1907"
                         VPOS="1076"
                         HPOS="2599">
                  <String HEIGHT="157"
                          WIDTH="341"
                          VPOS="1076"
                          HPOS="2565"
                          CONTENT="cember"
                          SUBS_TYPE="HypPart2"
                          SUBS_CONTENT="December"/>
                  <SP HEIGHT="157" WIDTH="34" VPOS="1076" HPOS="2905"/>
                  <String HEIGHT="157"
                          WIDTH="272"
                          VPOS="1076"
                          HPOS="2803"
                          CONTENT="1877"/>
                  <SP HEIGHT="157" WIDTH="34" VPOS="1076" HPOS="3076"/>
                  <String HEIGHT="157"
                          WIDTH="341"
                          VPOS="1076"
                          HPOS="2974"
                          CONTENT="slutat"/>
                  <SP HEIGHT="157" WIDTH="34" VPOS="1076" HPOS="3314"/>
                  <String HEIGHT="157"
                          WIDTH="238"
                          VPOS="1076"
                          HPOS="3212"
                          CONTENT="sin"/>
                  <SP HEIGHT="157" WIDTH="34" VPOS="1076" HPOS="3450"/>
                  <String HEIGHT="157"
                          WIDTH="511"
                          VPOS="1076"
                          HPOS="3348"
                          CONTENT="anställning"/>
                  <SP HEIGHT="157" WIDTH="34" VPOS="1076" HPOS="3859"/>
                  <String HEIGHT="157"
                          WIDTH="238"
                          VPOS="1076"
                          HPOS="3757"
                          CONTENT="hos"/>
                  <SP HEIGHT="157" WIDTH="34" VPOS="1076" HPOS="3995"/>
                  <String HEIGHT="157"
                          WIDTH="375"
                          VPOS="1076"
                          HPOS="3893"
                          CONTENT="firman,"/>
                  <SP HEIGHT="157" WIDTH="34" VPOS="1076" HPOS="4268"/>
                  <String HEIGHT="157"
                          WIDTH="238"
                          VPOS="1076"
                          HPOS="4165"
                          CONTENT="han"/>
                  <SP HEIGHT="157" WIDTH="34" VPOS="1076" HPOS="4404"/>
                  <String HEIGHT="157"
                          WIDTH="238"
                          VPOS="1076"
                          HPOS="4268"
                          CONTENT="inne¬"
                          SUBS_TYPE="HypPart1"
                          SUBS_CONTENT="innehaft"/>
                  <HYP CONTENT="-"/>
               </TextLine>
               <TextLine ID="r3l11"
                         BASELINE="2602,1334 2695,1328 2789,1320 2883,1316 2977,1310 3071,1306 3164,1302 3258,1298 3352,1295 3446,1292 3540,1290 3633,1286 3727,1283 3821,1280 3915,1278 4009,1274 4102,1270 4196,1266 4290,1260 4384,1255 4478,1250"
                         HEIGHT="222"
                         WIDTH="1904"
                         VPOS="1190"
                         HPOS="2587">
                  <String HEIGHT="222"
                          WIDTH="263"
                          VPOS="1190"
                          HPOS="2554"
                          CONTENT="haft"
                          SUBS_TYPE="HypPart2"
                          SUBS_CONTENT="innehaft"/>
                  <SP HEIGHT="222" WIDTH="33" VPOS="1190" HPOS="2817"/>
                  <String HEIGHT="222"
                          WIDTH="230"
                          VPOS="1190"
                          HPOS="2718"
                          CONTENT="ett"/>
                  <SP HEIGHT="222" WIDTH="33" VPOS="1190" HPOS="2948"/>
                  <String HEIGHT="222"
                          WIDTH="558"
                          VPOS="1190"
                          HPOS="2850"
                          CONTENT="penningbelopp"/>
                  <SP HEIGHT="222" WIDTH="33" VPOS="1190" HPOS="3408"/>
                  <String HEIGHT="222"
                          WIDTH="197"
                          VPOS="1190"
                          HPOS="3309"
                          CONTENT="af"/>
                  <SP HEIGHT="222" WIDTH="33" VPOS="1190" HPOS="3506"/>
                  <String HEIGHT="222"
                          WIDTH="361"
                          VPOS="1190"
                          HPOS="3408"
                          CONTENT="omkring"/>
                  <SP HEIGHT="222" WIDTH="33" VPOS="1190" HPOS="3769"/>
                  <String HEIGHT="222"
                          WIDTH="230"
                          VPOS="1190"
                          HPOS="3670"
                          CONTENT="400"/>
                  <SP HEIGHT="222" WIDTH="33" VPOS="1190" HPOS="3900"/>
                  <String HEIGHT="222"
                          WIDTH="361"
                          VPOS="1190"
                          HPOS="3802"
                          CONTENT="Kronor;"/>
                  <SP HEIGHT="222" WIDTH="33" VPOS="1190" HPOS="4163"/>
                  <String HEIGHT="222"
                          WIDTH="230"
                          VPOS="1190"
                          HPOS="4064"
                          CONTENT="att"/>
                  <SP HEIGHT="222" WIDTH="33" VPOS="1190" HPOS="4294"/>
                  <String HEIGHT="222"
                          WIDTH="263"
                          VPOS="1190"
                          HPOS="4196"
                          CONTENT="han,"/>
                  <SP HEIGHT="222" WIDTH="33" VPOS="1190" HPOS="4458"/>
                  <String HEIGHT="222"
                          WIDTH="164"
                          VPOS="1190"
                          HPOS="4327"
                          CONTENT="som"/>
               </TextLine>
               <TextLine ID="r3l12"
                         BASELINE="2602,1456 2695,1453 2789,1452 2882,1450 2976,1448 3070,1446 3163,1444 3257,1442 3350,1441 3444,1438 3538,1436 3631,1434 3725,1430 3818,1426 3912,1422 4006,1417 4099,1411 4193,1405 4286,1399 4380,1390 4474,1382"
                         HEIGHT="209"
                         WIDTH="1899"
                         VPOS="1304"
                         HPOS="2588">
                  <String HEIGHT="209"
                          WIDTH="447"
                          VPOS="1304"
                          HPOS="2551"
                          CONTENT="förvarat"/>
                  <SP HEIGHT="209" WIDTH="37" VPOS="1304" HPOS="2998"/>
                  <String HEIGHT="209"
                          WIDTH="335"
                          VPOS="1304"
                          HPOS="2886"
                          CONTENT="dessa"/>
                  <SP HEIGHT="209" WIDTH="37" VPOS="1304" HPOS="3221"/>
                  <String HEIGHT="209"
                          WIDTH="484"
                          VPOS="1304"
                          HPOS="3109"
                          CONTENT="penningar"/>
                  <SP HEIGHT="209" WIDTH="37" VPOS="1304" HPOS="3593"/>
                  <String HEIGHT="209"
                          WIDTH="186"
                          VPOS="1304"
                          HPOS="3482"
                          CONTENT="i"/>
                  <SP HEIGHT="209" WIDTH="37" VPOS="1304" HPOS="3668"/>
                  <String HEIGHT="209"
                          WIDTH="261"
                          VPOS="1304"
                          HPOS="3556"
                          CONTENT="sin"/>
                  <SP HEIGHT="209" WIDTH="37" VPOS="1304" HPOS="3817"/>
                  <String HEIGHT="209"
                          WIDTH="372"
                          VPOS="1304"
                          HPOS="3705"
                          CONTENT="bostad"/>
                  <SP HEIGHT="209" WIDTH="37" VPOS="1304" HPOS="4077"/>
                  <String HEIGHT="209"
                          WIDTH="484"
                          VPOS="1304"
                          HPOS="3966"
                          CONTENT="sedermera"/>
                  <SP HEIGHT="209" WIDTH="37" VPOS="1304" HPOS="4450"/>
                  <String HEIGHT="209"
                          WIDTH="186"
                          VPOS="1304"
                          HPOS="4301"
                          CONTENT="in¬"
                          SUBS_TYPE="HypPart1"
                          SUBS_CONTENT="inkat"/>
                  <HYP CONTENT="-"/>
               </TextLine>
               <TextLine ID="r3l13"
                         BASELINE="2618,1584 2710,1584 2803,1584 2895,1582 2988,1580 3081,1576 3173,1574 3266,1570 3358,1566 3451,1562 3544,1557 3636,1554 3729,1549 3821,1545 3914,1541 4007,1537 4099,1534 4192,1532 4284,1530 4377,1528 4470,1528"
                         HEIGHT="218"
                         WIDTH="1875"
                         VPOS="1442"
                         HPOS="2605">
                  <String HEIGHT="218"
                          WIDTH="252"
                          VPOS="1442"
                          HPOS="2569"
                          CONTENT="kat"
                          SUBS_TYPE="HypPart2"
                          SUBS_CONTENT="inkat"/>
                  <SP HEIGHT="218" WIDTH="36" VPOS="1442" HPOS="2821"/>
                  <String HEIGHT="218"
                          WIDTH="288"
                          VPOS="1442"
                          HPOS="2713"
                          CONTENT="Kött"/>
                  <SP HEIGHT="218" WIDTH="36" VPOS="1442" HPOS="3002"/>
                  <String HEIGHT="218"
                          WIDTH="252"
                          VPOS="1442"
                          HPOS="2893"
                          CONTENT="och"/>
                  <SP HEIGHT="218" WIDTH="36" VPOS="1442" HPOS="3146"/>
                  <String HEIGHT="218"
                          WIDTH="541"
                          VPOS="1442"
                          HPOS="3038"
                          CONTENT="fläskhandel"/>
                  <SP HEIGHT="218" WIDTH="36" VPOS="1442" HPOS="3579"/>
                  <String HEIGHT="218"
                          WIDTH="180"
                          VPOS="1442"
                          HPOS="3470"
                          CONTENT="å"/>
                  <SP HEIGHT="218" WIDTH="36" VPOS="1442" HPOS="3651"/>
                  <String HEIGHT="218"
                          WIDTH="721"
                          VPOS="1442"
                          HPOS="3542"
                          CONTENT="Masthuggstorget;"/>
                  <SP HEIGHT="218" WIDTH="36" VPOS="1442" HPOS="4264"/>
                  <String HEIGHT="218"
                          WIDTH="252"
                          VPOS="1442"
                          HPOS="4155"
                          CONTENT="för"/>
                  <SP HEIGHT="218" WIDTH="36" VPOS="1442" HPOS="4408"/>
                  <String HEIGHT="218"
                          WIDTH="216"
                          VPOS="1442"
                          HPOS="4264"
                          CONTENT="egen"/>
               </TextLine>
               <TextLine ID="r3l14"
                         BASELINE="2612,1700 2705,1700 2798,1698 2891,1697 2984,1695 3077,1692 3170,1690 3263,1686 3356,1684 3449,1680 3543,1676 3636,1671 3729,1667 3822,1662 3915,1658 4008,1654 4101,1651 4194,1648 4287,1644 4380,1642 4474,1638"
                         HEIGHT="184"
                         WIDTH="1890"
                         VPOS="1590"
                         HPOS="2597">
                  <String HEIGHT="184"
                          WIDTH="462"
                          VPOS="1590"
                          HPOS="2555"
                          CONTENT="räkning"/>
                  <SP HEIGHT="184" WIDTH="42" VPOS="1590" HPOS="3017"/>
                  <String HEIGHT="184"
                          WIDTH="420"
                          VPOS="1590"
                          HPOS="2891"
                          CONTENT="dervid"/>
                  <SP HEIGHT="184" WIDTH="42" VPOS="1590" HPOS="3311"/>
                  <String HEIGHT="184"
                          WIDTH="546"
                          VPOS="1590"
                          HPOS="3185"
                          CONTENT="förenämde"/>
                  <SP HEIGHT="184" WIDTH="42" VPOS="1590" HPOS="3731"/>
                  <String HEIGHT="184"
                          WIDTH="420"
                          VPOS="1590"
                          HPOS="3605"
                          CONTENT="stulne"/>
                  <SP HEIGHT="184" WIDTH="42" VPOS="1590" HPOS="4025"/>
                  <String HEIGHT="184"
                          WIDTH="546"
                          VPOS="1590"
                          HPOS="3899"
                          CONTENT="penningar"/>
                  <SP HEIGHT="184" WIDTH="42" VPOS="1590" HPOS="4445"/>
                  <String HEIGHT="184"
                          WIDTH="210"
                          VPOS="1590"
                          HPOS="4277"
                          CONTENT="ut¬"
                          SUBS_TYPE="HypPart1"
                          SUBS_CONTENT="utgjorde"/>
                  <HYP CONTENT="-"/>
               </TextLine>
               <TextLine ID="r3l15"
                         BASELINE="2604,1824 2697,1819 2790,1816 2883,1811 2977,1806 3070,1803 3163,1800 3257,1796 3350,1792 3443,1790 3537,1787 3630,1784 3723,1782 3816,1780 3910,1778 4003,1776 4096,1774 4190,1772 4283,1772 4376,1770 4470,1770"
                         HEIGHT="206"
                         WIDTH="1894"
                         VPOS="1701"
                         HPOS="2590">
                  <String HEIGHT="206"
                          WIDTH="387"
                          VPOS="1701"
                          HPOS="2551"
                          CONTENT="gjorde"
                          SUBS_TYPE="HypPart2"
                          SUBS_CONTENT="utgjorde"/>
                  <SP HEIGHT="206" WIDTH="39" VPOS="1701" HPOS="2938"/>
                  <String HEIGHT="206"
                          WIDTH="309"
                          VPOS="1701"
                          HPOS="2822"
                          CONTENT="hans"/>
                  <SP HEIGHT="206" WIDTH="39" VPOS="1701" HPOS="3131"/>
                  <String HEIGHT="206"
                          WIDTH="734"
                          VPOS="1701"
                          HPOS="3015"
                          CONTENT="rörelsekapital;"/>
                  <SP HEIGHT="206" WIDTH="39" VPOS="1701" HPOS="3750"/>
                  <String HEIGHT="206"
                          WIDTH="271"
                          VPOS="1701"
                          HPOS="3634"
                          CONTENT="att"/>
                  <SP HEIGHT="206" WIDTH="39" VPOS="1701" HPOS="3904"/>
                  <String HEIGHT="206"
                          WIDTH="271"
                          VPOS="1701"
                          HPOS="3788"
                          CONTENT="han"/>
                  <SP HEIGHT="206" WIDTH="39" VPOS="1701" HPOS="4059"/>
                  <String HEIGHT="206"
                          WIDTH="348"
                          VPOS="1701"
                          HPOS="3943"
                          CONTENT="under"/>
                  <SP HEIGHT="206" WIDTH="39" VPOS="1701" HPOS="4291"/>
                  <String HEIGHT="206"
                          WIDTH="348"
                          VPOS="1701"
                          HPOS="4136"
                          CONTENT="bedrif¬"
                          SUBS_TYPE="HypPart1"
                          SUBS_CONTENT="bedrifvandet"/>
                  <HYP CONTENT="-"/>
               </TextLine>
               <TextLine ID="r3l16"
                         BASELINE="2610,1952 2704,1954 2799,1952 2894,1952 2988,1948 3083,1946 3178,1942 3272,1938 3367,1933 3462,1930 3557,1924 3651,1920 3746,1914 3841,1910 3935,1906 4030,1902 4125,1898 4219,1896 4314,1894 4409,1892 4504,1892"
                         HEIGHT="194"
                         WIDTH="1924"
                         VPOS="1829"
                         HPOS="2595">
                  <String HEIGHT="194"
                          WIDTH="401"
                          VPOS="1829"
                          HPOS="2555"
                          CONTENT="vandet"
                          SUBS_TYPE="HypPart2"
                          SUBS_CONTENT="bedrifvandet"/>
                  <SP HEIGHT="194" WIDTH="40" VPOS="1829" HPOS="2956"/>
                  <String HEIGHT="194"
                          WIDTH="241"
                          VPOS="1829"
                          HPOS="2836"
                          CONTENT="af"/>
                  <SP HEIGHT="194" WIDTH="40" VPOS="1829" HPOS="3076"/>
                  <String HEIGHT="194"
                          WIDTH="361"
                          VPOS="1829"
                          HPOS="2956"
                          CONTENT="denna"/>
                  <SP HEIGHT="194" WIDTH="40" VPOS="1829" HPOS="3317"/>
                  <String HEIGHT="194"
                          WIDTH="722"
                          VPOS="1829"
                          HPOS="3196"
                          CONTENT="handelsrörelse"/>
                  <SP HEIGHT="194" WIDTH="40" VPOS="1829" HPOS="3918"/>
                  <String HEIGHT="194"
                          WIDTH="321"
                          VPOS="1829"
                          HPOS="3798"
                          CONTENT="till"/>
                  <SP HEIGHT="194" WIDTH="40" VPOS="1829" HPOS="4118"/>
                  <String HEIGHT="194"
                          WIDTH="561"
                          VPOS="1829"
                          HPOS="3958"
                          CONTENT="Hemmansegarn"/>
               </TextLine>
               <TextLine ID="r3l17"
                         BASELINE="2620,2100 2713,2098 2806,2098 2899,2095 2992,2092 3085,2090 3178,2087 3271,2084 3364,2080 3457,2077 3551,2073 3644,2068 3737,2064 3830,2060 3923,2056 4016,2052 4109,2048 4202,2043 4295,2038 4388,2034 4482,2030"
                         HEIGHT="224"
                         WIDTH="1888"
                         VPOS="1954"
                         HPOS="2604">
                  <String HEIGHT="224"
                          WIDTH="218"
                          VPOS="1954"
                          HPOS="2568"
                          CONTENT="C."/>
                  <SP HEIGHT="224" WIDTH="36" VPOS="1954" HPOS="2786"/>
                  <String HEIGHT="224"
                          WIDTH="218"
                          VPOS="1954"
                          HPOS="2677"
                          CONTENT="A."/>
                  <SP HEIGHT="224" WIDTH="36" VPOS="1954" HPOS="2894"/>
                  <String HEIGHT="224"
                          WIDTH="472"
                          VPOS="1954"
                          HPOS="2786"
                          CONTENT="Andersson"/>
                  <SP HEIGHT="224" WIDTH="36" VPOS="1954" HPOS="3258"/>
                  <String HEIGHT="224"
                          WIDTH="182"
                          VPOS="1954"
                          HPOS="3149"
                          CONTENT="i"/>
                  <SP HEIGHT="224" WIDTH="36" VPOS="1954" HPOS="3330"/>
                  <String HEIGHT="224"
                          WIDTH="472"
                          VPOS="1954"
                          HPOS="3221"
                          CONTENT="Svenseröd"/>
                  <SP HEIGHT="224" WIDTH="36" VPOS="1954" HPOS="3693"/>
                  <String HEIGHT="224"
                          WIDTH="182"
                          VPOS="1954"
                          HPOS="3584"
                          CONTENT="i"/>
                  <SP HEIGHT="224" WIDTH="36" VPOS="1954" HPOS="3766"/>
                  <String HEIGHT="224"
                          WIDTH="545"
                          VPOS="1954"
                          HPOS="3657"
                          CONTENT="Westerlanda"/>
                  <SP HEIGHT="224" WIDTH="36" VPOS="1954" HPOS="4202"/>
                  <String HEIGHT="224"
                          WIDTH="363"
                          VPOS="1954"
                          HPOS="4093"
                          CONTENT="socken"/>
                  <SP HEIGHT="224" WIDTH="36" VPOS="1954" HPOS="4456"/>
                  <String HEIGHT="224"
                          WIDTH="182"
                          VPOS="1954"
                          HPOS="4310"
                          CONTENT="ut¬"
                          SUBS_TYPE="HypPart1"
                          SUBS_CONTENT="utlånat"/>
                  <HYP CONTENT="-"/>
               </TextLine>
               <TextLine ID="r3l18"
                         BASELINE="2618,2230 2712,2230 2806,2230 2900,2230 2994,2230 3089,2230 3183,2230 3277,2228 3371,2226 3465,2225 3560,2223 3654,2220 3748,2217 3842,2213 3936,2209 4031,2203 4125,2197 4219,2192 4313,2183 4407,2174 4502,2166"
                         HEIGHT="224"
                         WIDTH="1911"
                         VPOS="2085"
                         HPOS="2605">
                  <String HEIGHT="224"
                          WIDTH="344"
                          VPOS="2085"
                          HPOS="2567"
                          CONTENT="lånat"
                          SUBS_TYPE="HypPart2"
                          SUBS_CONTENT="utlånat"/>
                  <SP HEIGHT="224" WIDTH="38" VPOS="2085" HPOS="2911"/>
                  <String HEIGHT="224"
                          WIDTH="268"
                          VPOS="2085"
                          HPOS="2796"
                          CONTENT="350"/>
                  <SP HEIGHT="224" WIDTH="38" VPOS="2085" HPOS="3064"/>
                  <String HEIGHT="224"
                          WIDTH="420"
                          VPOS="2085"
                          HPOS="2949"
                          CONTENT="Kronor,"/>
                  <SP HEIGHT="224" WIDTH="38" VPOS="2085" HPOS="3369"/>
                  <String HEIGHT="224"
                          WIDTH="229"
                          VPOS="2085"
                          HPOS="3255"
                          CONTENT="af"/>
                  <SP HEIGHT="224" WIDTH="38" VPOS="2085" HPOS="3484"/>
                  <String HEIGHT="224"
                          WIDTH="420"
                          VPOS="2085"
                          HPOS="3369"
                          CONTENT="hvilket"/>
                  <SP HEIGHT="224" WIDTH="38" VPOS="2085" HPOS="3790"/>
                  <String HEIGHT="224"
                          WIDTH="382"
                          VPOS="2085"
                          HPOS="3675"
                          CONTENT="belopp"/>
                  <SP HEIGHT="224" WIDTH="38" VPOS="2085" HPOS="4057"/>
                  <String HEIGHT="224"
                          WIDTH="306"
                          VPOS="2085"
                          HPOS="3943"
                          CONTENT="dock"/>
                  <SP HEIGHT="224" WIDTH="38" VPOS="2085" HPOS="4248"/>
                  <String HEIGHT="224"
                          WIDTH="229"
                          VPOS="2085"
                          HPOS="4134"
                          CONTENT="60"/>
                  <SP HEIGHT="224" WIDTH="38" VPOS="2085" HPOS="4363"/>
                  <String HEIGHT="224"
                          WIDTH="306"
                          VPOS="2085"
                          HPOS="4210"
                          CONTENT="Kronor"/>
               </TextLine>
               <TextLine ID="r3l19"
                         BASELINE="2618,2374 2710,2368 2802,2364 2895,2361 2987,2358 3080,2356 3172,2356 3264,2354 3357,2354 3449,2354 3542,2354 3634,2352 3726,2352 3819,2350 3911,2348 4004,2346 4096,2342 4188,2338 4281,2332 4373,2326 4466,2318"
                         HEIGHT="200"
                         WIDTH="1873"
                         VPOS="2242"
                         HPOS="2605">
                  <String HEIGHT="200"
                          WIDTH="407"
                          VPOS="2242"
                          HPOS="2564"
                          CONTENT="numera"/>
                  <SP HEIGHT="200" WIDTH="41" VPOS="2242" HPOS="2971"/>
                  <String HEIGHT="200"
                          WIDTH="448"
                          VPOS="2242"
                          HPOS="2849"
                          CONTENT="blifvit"/>
                  <SP HEIGHT="200" WIDTH="41" VPOS="2242" HPOS="3297"/>
                  <String HEIGHT="200"
                          WIDTH="448"
                          VPOS="2242"
                          HPOS="3175"
                          CONTENT="guldet;"/>
                  <SP HEIGHT="200" WIDTH="41" VPOS="2242" HPOS="3623"/>
                  <String HEIGHT="200"
                          WIDTH="285"
                          VPOS="2242"
                          HPOS="3501"
                          CONTENT="att"/>
                  <SP HEIGHT="200" WIDTH="41" VPOS="2242" HPOS="3786"/>
                  <String HEIGHT="200"
                          WIDTH="244"
                          VPOS="2242"
                          HPOS="3664"
                          CONTENT="då"/>
                  <SP HEIGHT="200" WIDTH="41" VPOS="2242" HPOS="3908"/>
                  <String HEIGHT="200"
                          WIDTH="285"
                          VPOS="2242"
                          HPOS="3786"
                          CONTENT="han"/>
                  <SP HEIGHT="200" WIDTH="41" VPOS="2242" HPOS="4071"/>
                  <String HEIGHT="200"
                          WIDTH="285"
                          VPOS="2242"
                          HPOS="3949"
                          CONTENT="den"/>
                  <SP HEIGHT="200" WIDTH="41" VPOS="2242" HPOS="4234"/>
                  <String HEIGHT="200"
                          WIDTH="244"
                          VPOS="2242"
                          HPOS="4112"
                          CONTENT="17"/>
                  <SP HEIGHT="200" WIDTH="41" VPOS="2242" HPOS="4356"/>
                  <String HEIGHT="200"
                          WIDTH="285"
                          VPOS="2242"
                          HPOS="4193"
                          CONTENT="Janu¬"
                          SUBS_TYPE="HypPart1"
                          SUBS_CONTENT="Januari"/>
                  <HYP CONTENT="-"/>
               </TextLine>
               <TextLine ID="r3l20"
                         BASELINE="2598,2490 2692,2492 2787,2494 2881,2496 2976,2496 3071,2496 3165,2496 3260,2494 3354,2492 3449,2489 3544,2486 3638,2482 3733,2480 3827,2476 3922,2471 4017,2466 4111,2462 4206,2457 4300,2454 4395,2448 4490,2444"
                         HEIGHT="163"
                         WIDTH="1916"
                         VPOS="2403"
                         HPOS="2584">
                  <String HEIGHT="163"
                          WIDTH="292"
                          VPOS="2403"
                          HPOS="2542"
                          CONTENT="ari"
                          SUBS_TYPE="HypPart2"
                          SUBS_CONTENT="Januari"/>
                  <SP HEIGHT="163" WIDTH="42" VPOS="2403" HPOS="2834"/>
                  <String HEIGHT="163"
                          WIDTH="375"
                          VPOS="2403"
                          HPOS="2709"
                          CONTENT="1879,"/>
                  <SP HEIGHT="163" WIDTH="42" VPOS="2403" HPOS="3084"/>
                  <String HEIGHT="163"
                          WIDTH="333"
                          VPOS="2403"
                          HPOS="2959"
                          CONTENT="ater"/>
                  <SP HEIGHT="163" WIDTH="42" VPOS="2403" HPOS="3292"/>
                  <String HEIGHT="163"
                          WIDTH="333"
                          VPOS="2403"
                          HPOS="3167"
                          CONTENT="fått"/>
                  <SP HEIGHT="163" WIDTH="42" VPOS="2403" HPOS="3500"/>
                  <String HEIGHT="163"
                          WIDTH="625"
                          VPOS="2403"
                          HPOS="3375"
                          CONTENT="anställning"/>
                  <SP HEIGHT="163" WIDTH="42" VPOS="2403" HPOS="4000"/>
                  <String HEIGHT="163"
                          WIDTH="292"
                          VPOS="2403"
                          HPOS="3875"
                          CONTENT="hos"/>
                  <SP HEIGHT="163" WIDTH="42" VPOS="2403" HPOS="4167"/>
                  <String HEIGHT="163"
                          WIDTH="417"
                          VPOS="2403"
                          HPOS="4042"
                          CONTENT="firman"/>
                  <SP HEIGHT="163" WIDTH="42" VPOS="2403" HPOS="4458"/>
                  <String HEIGHT="163"
                          WIDTH="208"
                          VPOS="2403"
                          HPOS="4292"
                          CONTENT="han"/>
               </TextLine>
               <TextLine ID="r3l21"
                         BASELINE="2618,2622 2709,2618 2800,2616 2891,2614 2982,2612 3073,2610 3164,2608 3255,2605 3346,2604 3437,2601 3528,2598 3619,2596 3710,2594 3801,2592 3892,2588 3983,2585 4074,2582 4165,2578 4256,2572 4347,2568 4438,2562"
                         HEIGHT="185"
                         WIDTH="1845"
                         VPOS="2491"
                         HPOS="2605">
                  <String HEIGHT="185"
                          WIDTH="472"
                          VPOS="2491"
                          HPOS="2562"
                          CONTENT="medelst"/>
                  <SP HEIGHT="185" WIDTH="43" VPOS="2491" HPOS="3034"/>
                  <String HEIGHT="185"
                          WIDTH="601"
                          VPOS="2491"
                          HPOS="2905"
                          CONTENT="användande"/>
                  <SP HEIGHT="185" WIDTH="43" VPOS="2491" HPOS="3506"/>
                  <String HEIGHT="185"
                          WIDTH="257"
                          VPOS="2491"
                          HPOS="3377"
                          CONTENT="af"/>
                  <SP HEIGHT="185" WIDTH="43" VPOS="2491" HPOS="3635"/>
                  <String HEIGHT="185"
                          WIDTH="257"
                          VPOS="2491"
                          HPOS="3506"
                          CONTENT="en"/>
                  <SP HEIGHT="185" WIDTH="43" VPOS="2491" HPOS="3763"/>
                  <String HEIGHT="185"
                          WIDTH="386"
                          VPOS="2491"
                          HPOS="3635"
                          CONTENT="dyrk,"/>
                  <SP HEIGHT="185" WIDTH="43" VPOS="2491" HPOS="4021"/>
                  <String HEIGHT="185"
                          WIDTH="300"
                          VPOS="2491"
                          HPOS="3892"
                          CONTENT="som"/>
                  <SP HEIGHT="185" WIDTH="43" VPOS="2491" HPOS="4193"/>
                  <String HEIGHT="185"
                          WIDTH="300"
                          VPOS="2491"
                          HPOS="4064"
                          CONTENT="han"/>
                  <SP HEIGHT="185" WIDTH="43" VPOS="2491" HPOS="4364"/>
                  <String HEIGHT="185"
                          WIDTH="257"
                          VPOS="2491"
                          HPOS="4193"
                          CONTENT="för¬"
                          SUBS_TYPE="HypPart1"
                          SUBS_CONTENT="förfärdigat"/>
                  <HYP CONTENT="-"/>
               </TextLine>
               <TextLine ID="r3l22"
                         BASELINE="2620,2752 2711,2746 2803,2743 2894,2739 2986,2736 3077,2732 3169,2728 3260,2726 3352,2722 3443,2720 3535,2717 3626,2714 3718,2710 3809,2707 3901,2704 3992,2700 4084,2696 4175,2692 4267,2687 4358,2683 4450,2676"
                         HEIGHT="180"
                         WIDTH="1859"
                         VPOS="2639"
                         HPOS="2606">
                  <String HEIGHT="180"
                          WIDTH="485"
                          VPOS="2639"
                          HPOS="2566"
                          CONTENT="färdigat"
                          SUBS_TYPE="HypPart2"
                          SUBS_CONTENT="förfärdigat"/>
                  <SP HEIGHT="180" WIDTH="40" VPOS="2639" HPOS="3051"/>
                  <String HEIGHT="180"
                          WIDTH="242"
                          VPOS="2639"
                          HPOS="2929"
                          CONTENT="af"/>
                  <SP HEIGHT="180" WIDTH="40" VPOS="2639" HPOS="3172"/>
                  <String HEIGHT="180"
                          WIDTH="242"
                          VPOS="2639"
                          HPOS="3051"
                          CONTENT="en"/>
                  <SP HEIGHT="180" WIDTH="40" VPOS="2639" HPOS="3293"/>
                  <String HEIGHT="180"
                          WIDTH="404"
                          VPOS="2639"
                          HPOS="3172"
                          CONTENT="gröfve"/>
                  <SP HEIGHT="180" WIDTH="40" VPOS="2639" HPOS="3576"/>
                  <String HEIGHT="180"
                          WIDTH="525"
                          VPOS="2639"
                          HPOS="3455"
                          CONTENT="ståltråd,"/>
                  <SP HEIGHT="180" WIDTH="40" VPOS="2639" HPOS="3980"/>
                  <String HEIGHT="180"
                          WIDTH="283"
                          VPOS="2639"
                          HPOS="3859"
                          CONTENT="vid"/>
                  <SP HEIGHT="180" WIDTH="40" VPOS="2639" HPOS="4142"/>
                  <String HEIGHT="180"
                          WIDTH="485"
                          VPOS="2639"
                          HPOS="3980"
                          CONTENT="tillfällen"/>
               </TextLine>
               <TextLine ID="r3l23"
                         BASELINE="2618,2880 2710,2876 2802,2872 2894,2868 2986,2864 3079,2860 3171,2856 3263,2853 3355,2850 3447,2846 3540,2842 3632,2838 3724,2834 3816,2830 3908,2826 4001,2822 4093,2818 4185,2813 4277,2808 4369,2803 4462,2798"
                         HEIGHT="217"
                         WIDTH="1870"
                         VPOS="2724"
                         HPOS="2603">
                  <String HEIGHT="217"
                          WIDTH="288"
                          VPOS="2724"
                          HPOS="2555"
                          CONTENT="då"/>
                  <SP HEIGHT="217" WIDTH="48" VPOS="2724" HPOS="2843"/>
                  <String HEIGHT="217"
                          WIDTH="336"
                          VPOS="2724"
                          HPOS="2699"
                          CONTENT="han"/>
                  <SP HEIGHT="217" WIDTH="48" VPOS="2724" HPOS="3035"/>
                  <String HEIGHT="217"
                          WIDTH="432"
                          VPOS="2724"
                          HPOS="2891"
                          CONTENT="varit"/>
                  <SP HEIGHT="217" WIDTH="48" VPOS="2724" HPOS="3322"/>
                  <String HEIGHT="217"
                          WIDTH="432"
                          VPOS="2724"
                          HPOS="3178"
                          CONTENT="ensam"/>
                  <SP HEIGHT="217" WIDTH="48" VPOS="2724" HPOS="3610"/>
                  <String HEIGHT="217"
                          WIDTH="240"
                          VPOS="2724"
                          HPOS="3466"
                          CONTENT="i"/>
                  <SP HEIGHT="217" WIDTH="48" VPOS="2724" HPOS="3706"/>
                  <String HEIGHT="217"
                          WIDTH="527"
                          VPOS="2724"
                          HPOS="3562"
                          CONTENT="butiken"/>
                  <SP HEIGHT="217" WIDTH="48" VPOS="2724" HPOS="4089"/>
                  <String HEIGHT="217"
                          WIDTH="479"
                          VPOS="2724"
                          HPOS="3946"
                          CONTENT="beredt"/>
                  <SP HEIGHT="217" WIDTH="48" VPOS="2724" HPOS="4425"/>
                  <String HEIGHT="217"
                          WIDTH="240"
                          VPOS="2724"
                          HPOS="4233"
                          CONTENT="sig"/>
               </TextLine>
               <TextLine ID="r3l24"
                         BASELINE="2610,3016 2703,3010 2797,3005 2890,3001 2984,2994 3078,2990 3171,2983 3265,2978 3358,2972 3452,2966 3546,2961 3639,2956 3733,2952 3826,2946 3920,2941 4014,2936 4107,2932 4201,2928 4294,2924 4388,2922 4482,2918"
                         HEIGHT="213"
                         WIDTH="1902"
                         VPOS="2827"
                         HPOS="2593">
                  <String HEIGHT="213"
                          WIDTH="505"
                          VPOS="2827"
                          HPOS="2554"
                          CONTENT="tillträde"/>
                  <SP HEIGHT="213" WIDTH="39" VPOS="2827" HPOS="3059"/>
                  <String HEIGHT="213"
                          WIDTH="311"
                          VPOS="2827"
                          HPOS="2942"
                          CONTENT="till"/>
                  <SP HEIGHT="213" WIDTH="39" VPOS="2827" HPOS="3253"/>
                  <String HEIGHT="213"
                          WIDTH="272"
                          VPOS="2827"
                          HPOS="3136"
                          CONTENT="den"/>
                  <SP HEIGHT="213" WIDTH="39" VPOS="2827" HPOS="3408"/>
                  <String HEIGHT="213"
                          WIDTH="349"
                          VPOS="2827"
                          HPOS="3292"
                          CONTENT="låsta"/>
                  <SP HEIGHT="213" WIDTH="39" VPOS="2827" HPOS="3641"/>
                  <String HEIGHT="213"
                          WIDTH="621"
                          VPOS="2827"
                          HPOS="3525"
                          CONTENT="pulpetlådan,"/>
                  <SP HEIGHT="213" WIDTH="39" VPOS="2827" HPOS="4146"/>
                  <String HEIGHT="213"
                          WIDTH="272"
                          VPOS="2827"
                          HPOS="4029"
                          CONTENT="och"/>
                  <SP HEIGHT="213" WIDTH="39" VPOS="2827" HPOS="4301"/>
                  <String HEIGHT="213"
                          WIDTH="233"
                          VPOS="2827"
                          HPOS="4184"
                          CONTENT="ur"/>
                  <SP HEIGHT="213" WIDTH="39" VPOS="2827" HPOS="4417"/>
                  <String HEIGHT="213"
                          WIDTH="233"
                          VPOS="2827"
                          HPOS="4262"
                          CONTENT="den¬"
                          SUBS_TYPE="HypPart1"
                          SUBS_CONTENT="densamma"/>
                  <HYP CONTENT="-"/>
               </TextLine>
               <TextLine ID="r3l25"
                         BASELINE="2588,3142 2684,3138 2781,3133 2877,3129 2974,3124 3070,3118 3167,3113 3263,3108 3360,3102 3456,3096 3553,3091 3649,3086 3746,3080 3842,3075 3939,3068 4035,3064 4132,3058 4228,3052 4325,3047 4421,3042 4518,3036"
                         HEIGHT="232"
                         WIDTH="1953"
                         VPOS="2974"
                         HPOS="2575">
                  <String HEIGHT="232"
                          WIDTH="399"
                          VPOS="2974"
                          HPOS="2531"
                          CONTENT="samma"
                          SUBS_TYPE="HypPart2"
                          SUBS_CONTENT="densamma"/>
                  <SP HEIGHT="232" WIDTH="44" VPOS="2974" HPOS="2930"/>
                  <String HEIGHT="232"
                          WIDTH="666"
                          VPOS="2974"
                          HPOS="2797"
                          CONTENT="tillgripit:"/>
                  <SP HEIGHT="232" WIDTH="44" VPOS="2974" HPOS="3463"/>
                  <String HEIGHT="232"
                          WIDTH="266"
                          VPOS="2974"
                          HPOS="3330"
                          CONTENT="en"/>
                  <SP HEIGHT="232" WIDTH="44" VPOS="2974" HPOS="3596"/>
                  <String HEIGHT="232"
                          WIDTH="355"
                          VPOS="2974"
                          HPOS="3463"
                          CONTENT="gång"/>
                  <SP HEIGHT="232" WIDTH="44" VPOS="2974" HPOS="3818"/>
                  <String HEIGHT="232"
                          WIDTH="266"
                          VPOS="2974"
                          HPOS="3685"
                          CONTENT="på"/>
                  <SP HEIGHT="232" WIDTH="44" VPOS="2974" HPOS="3951"/>
                  <String HEIGHT="232"
                          WIDTH="399"
                          VPOS="2974"
                          HPOS="3818"
                          CONTENT="våren"/>
                  <SP HEIGHT="232" WIDTH="44" VPOS="2974" HPOS="4217"/>
                  <String HEIGHT="232"
                          WIDTH="222"
                          VPOS="2974"
                          HPOS="4084"
                          CONTENT="5"/>
                  <SP HEIGHT="232" WIDTH="44" VPOS="2974" HPOS="4306"/>
                  <String HEIGHT="232"
                          WIDTH="399"
                          VPOS="2974"
                          HPOS="4129"
                          CONTENT="Kronor,"/>
               </TextLine>
               <TextLine ID="r3l26"
                         BASELINE="2620,3268 2712,3263 2805,3256 2898,3252 2991,3246 3084,3242 3176,3238 3269,3232 3362,3228 3455,3223 3548,3218 3640,3214 3733,3208 3826,3202 3919,3197 4012,3191 4104,3186 4197,3179 4290,3172 4383,3164 4476,3156"
                         HEIGHT="257"
                         WIDTH="1885"
                         VPOS="3087"
                         HPOS="2605">
                  <String HEIGHT="257"
                          WIDTH="404"
                          VPOS="3087"
                          HPOS="2560"
                          CONTENT="någon"/>
                  <SP HEIGHT="257" WIDTH="45" VPOS="3087" HPOS="2964"/>
                  <String HEIGHT="257"
                          WIDTH="314"
                          VPOS="3087"
                          HPOS="2829"
                          CONTENT="tid"/>
                  <SP HEIGHT="257" WIDTH="45" VPOS="3087" HPOS="3144"/>
                  <String HEIGHT="257"
                          WIDTH="359"
                          VPOS="3087"
                          HPOS="3009"
                          CONTENT="före"/>
                  <SP HEIGHT="257" WIDTH="45" VPOS="3087" HPOS="3368"/>
                  <String HEIGHT="257"
                          WIDTH="583"
                          VPOS="3087"
                          HPOS="3233"
                          CONTENT="midsommar"/>
                  <SP HEIGHT="257" WIDTH="45" VPOS="3087" HPOS="3817"/>
                  <String HEIGHT="257"
                          WIDTH="269"
                          VPOS="3087"
                          HPOS="3682"
                          CONTENT="10"/>
                  <SP HEIGHT="257" WIDTH="45" VPOS="3087" HPOS="3951"/>
                  <String HEIGHT="257"
                          WIDTH="494"
                          VPOS="3087"
                          HPOS="3817"
                          CONTENT="Kronor,"/>
                  <SP HEIGHT="257" WIDTH="45" VPOS="3087" HPOS="4310"/>
                  <String HEIGHT="257"
                          WIDTH="359"
                          VPOS="3087"
                          HPOS="4131"
                          CONTENT="straxt"/>
               </TextLine>
               <TextLine ID="r3l27"
                         BASELINE="2628,3402 2720,3391 2812,3382 2904,3373 2996,3366 3088,3360 3180,3356 3272,3351 3364,3348 3456,3344 3549,3340 3641,3336 3733,3333 3825,3330 3917,3325 4009,3320 4101,3316 4193,3308 4285,3302 4377,3292 4470,3282"
                         HEIGHT="257"
                         WIDTH="1869"
                         VPOS="3197"
                         HPOS="2615">
                  <String HEIGHT="257"
                          WIDTH="382"
                          VPOS="3197"
                          HPOS="2573"
                          CONTENT="efter"/>
                  <SP HEIGHT="257" WIDTH="42" VPOS="3197" HPOS="2955"/>
                  <String HEIGHT="257"
                          WIDTH="552"
                          VPOS="3197"
                          HPOS="2827"
                          CONTENT="midsommar"/>
                  <SP HEIGHT="257" WIDTH="42" VPOS="3197" HPOS="3380"/>
                  <String HEIGHT="257"
                          WIDTH="212"
                          VPOS="3197"
                          HPOS="3252"
                          CONTENT="2"/>
                  <SP HEIGHT="257" WIDTH="42" VPOS="3197" HPOS="3465"/>
                  <String HEIGHT="257"
                          WIDTH="467"
                          VPOS="3197"
                          HPOS="3337"
                          CONTENT="Kronor,"/>
                  <SP HEIGHT="257" WIDTH="42" VPOS="3197" HPOS="3804"/>
                  <String HEIGHT="257"
                          WIDTH="382"
                          VPOS="3197"
                          HPOS="3677"
                          CONTENT="någon"/>
                  <SP HEIGHT="257" WIDTH="42" VPOS="3197" HPOS="4059"/>
                  <String HEIGHT="257"
                          WIDTH="297"
                          VPOS="3197"
                          HPOS="3932"
                          CONTENT="tid"/>
                  <SP HEIGHT="257" WIDTH="42" VPOS="3197" HPOS="4229"/>
                  <String HEIGHT="257"
                          WIDTH="425"
                          VPOS="3197"
                          HPOS="4059"
                          CONTENT="derefter"/>
               </TextLine>
               <TextLine ID="r3l28"
                         BASELINE="2604,3544 2695,3537 2787,3531 2878,3524 2970,3520 3061,3514 3153,3510 3244,3505 3336,3500 3427,3496 3519,3492 3610,3487 3702,3481 3793,3476 3885,3471 3976,3465 4068,3457 4159,3450 4251,3442 4342,3432 4434,3422"
                         HEIGHT="228"
                         WIDTH="1861"
                         VPOS="3344"
                         HPOS="2586">
                  <String HEIGHT="228"
                          WIDTH="207"
                          VPOS="3344"
                          HPOS="2545"
                          CONTENT="7"/>
                  <SP HEIGHT="228" WIDTH="41" VPOS="3344" HPOS="2751"/>
                  <String HEIGHT="228"
                          WIDTH="372"
                          VPOS="3344"
                          HPOS="2627"
                          CONTENT="eller"/>
                  <SP HEIGHT="228" WIDTH="41" VPOS="3344" HPOS="3000"/>
                  <String HEIGHT="228"
                          WIDTH="207"
                          VPOS="3344"
                          HPOS="2875"
                          CONTENT="8"/>
                  <SP HEIGHT="228" WIDTH="41" VPOS="3344" HPOS="3082"/>
                  <String HEIGHT="228"
                          WIDTH="455"
                          VPOS="3344"
                          HPOS="2958"
                          CONTENT="Kronor,"/>
                  <SP HEIGHT="228" WIDTH="41" VPOS="3344" HPOS="3413"/>
                  <String HEIGHT="228"
                          WIDTH="248"
                          VPOS="3344"
                          HPOS="3289"
                          CONTENT="en"/>
                  <SP HEIGHT="228" WIDTH="41" VPOS="3344" HPOS="3537"/>
                  <String HEIGHT="228"
                          WIDTH="331"
                          VPOS="3344"
                          HPOS="3413"
                          CONTENT="gång"/>
                  <SP HEIGHT="228" WIDTH="41" VPOS="3344" HPOS="3744"/>
                  <String HEIGHT="228"
                          WIDTH="248"
                          VPOS="3344"
                          HPOS="3620"
                          CONTENT="på"/>
                  <SP HEIGHT="228" WIDTH="41" VPOS="3344" HPOS="3868"/>
                  <String HEIGHT="228"
                          WIDTH="414"
                          VPOS="3344"
                          HPOS="3744"
                          CONTENT="hösten"/>
                  <SP HEIGHT="228" WIDTH="41" VPOS="3344" HPOS="4158"/>
                  <String HEIGHT="228"
                          WIDTH="207"
                          VPOS="3344"
                          HPOS="4033"
                          CONTENT="6"/>
                  <SP HEIGHT="228" WIDTH="41" VPOS="3344" HPOS="4240"/>
                  <String HEIGHT="228"
                          WIDTH="372"
                          VPOS="3344"
                          HPOS="4075"
                          CONTENT="Kronor,"/>
               </TextLine>
               <TextLine ID="r3l29"
                         BASELINE="2608,3684 2699,3680 2791,3674 2882,3669 2974,3663 3065,3658 3157,3651 3248,3645 3340,3638 3431,3632 3523,3625 3614,3619 3706,3612 3797,3604 3889,3597 3980,3590 4072,3582 4163,3574 4255,3568 4346,3561 4438,3552"
                         HEIGHT="292"
                         WIDTH="1850"
                         VPOS="3446"
                         HPOS="2593">
                  <String HEIGHT="292"
                          WIDTH="301"
                          VPOS="3446"
                          HPOS="2550"
                          CONTENT="ock"/>
                  <SP HEIGHT="292" WIDTH="43" VPOS="3446" HPOS="2851"/>
                  <String HEIGHT="292"
                          WIDTH="301"
                          VPOS="3446"
                          HPOS="2722"
                          CONTENT="vid"/>
                  <SP HEIGHT="292" WIDTH="43" VPOS="3446" HPOS="3023"/>
                  <String HEIGHT="292"
                          WIDTH="387"
                          VPOS="3446"
                          HPOS="2894"
                          CONTENT="något"/>
                  <SP HEIGHT="292" WIDTH="43" VPOS="3446" HPOS="3281"/>
                  <String HEIGHT="292"
                          WIDTH="559"
                          VPOS="3446"
                          HPOS="3152"
                          CONTENT="tillfälle"/>
                  <SP HEIGHT="292" WIDTH="43" VPOS="3446" HPOS="3712"/>
                  <String HEIGHT="292"
                          WIDTH="215"
                          VPOS="3446"
                          HPOS="3583"
                          CONTENT="i"/>
                  <SP HEIGHT="292" WIDTH="43" VPOS="3446" HPOS="3798"/>
                  <String HEIGHT="292"
                          WIDTH="516"
                          VPOS="3446"
                          HPOS="3669"
                          CONTENT="November"/>
                  <SP HEIGHT="292" WIDTH="43" VPOS="3446" HPOS="4185"/>
                  <String HEIGHT="292"
                          WIDTH="387"
                          VPOS="3446"
                          HPOS="4056"
                          CONTENT="månad"/>
                  <SP HEIGHT="292" WIDTH="43" VPOS="3446" HPOS="4443"/>
                  <String HEIGHT="292"
                          WIDTH="172"
                          VPOS="3446"
                          HPOS="4271"
                          CONTENT="11"/>
               </TextLine>
               <TextLine ID="r3l30"
                         BASELINE="2600,3814 2692,3809 2784,3802 2876,3797 2968,3792 3061,3786 3153,3779 3245,3774 3337,3766 3429,3760 3522,3754 3614,3747 3706,3741 3798,3734 3890,3727 3983,3720 4075,3714 4167,3707 4259,3700 4351,3693 4444,3688"
                         HEIGHT="238"
                         WIDTH="1875"
                         VPOS="3600"
                         HPOS="2585">
                  <String HEIGHT="238"
                          WIDTH="516"
                          VPOS="3600"
                          HPOS="2538"
                          CONTENT="Kronor,"/>
                  <SP HEIGHT="238" WIDTH="47" VPOS="3600" HPOS="3054"/>
                  <String HEIGHT="238"
                          WIDTH="328"
                          VPOS="3600"
                          HPOS="2913"
                          CONTENT="att"/>
                  <SP HEIGHT="238" WIDTH="47" VPOS="3600" HPOS="3241"/>
                  <String HEIGHT="238"
                          WIDTH="328"
                          VPOS="3600"
                          HPOS="3101"
                          CONTENT="han"/>
                  <SP HEIGHT="238" WIDTH="47" VPOS="3600" HPOS="3429"/>
                  <String HEIGHT="238"
                          WIDTH="328"
                          VPOS="3600"
                          HPOS="3288"
                          CONTENT="vid"/>
                  <SP HEIGHT="238" WIDTH="47" VPOS="3600" HPOS="3616"/>
                  <String HEIGHT="238"
                          WIDTH="656"
                          VPOS="3600"
                          HPOS="3476"
                          CONTENT="sistnämnde"/>
                  <SP HEIGHT="238" WIDTH="47" VPOS="3600" HPOS="4132"/>
                  <String HEIGHT="238"
                          WIDTH="516"
                          VPOS="3600"
                          HPOS="3944"
                          CONTENT="tillgrepp"/>
               </TextLine>
            </TextBlock>
         </PrintSpace>
      </Page>
   </Layout>
</alto>
