5064 4057
558 161 865 162 pantlånekontoren
1293 161 649 162 återfunnits
1812 161 562 162 pantsatta
2201 161 216 162 för

505 295 280 149 de
645 295 280 149 af
785 295 420 149 honom
1065 295 560 149 uppgifne
1438 295 420 149 belopp.

541 396 274 178 På
678 396 411 178 grund
952 396 274 178 af
1089 396 365 178 hvad
1317 396 502 178 sålunda
1682 396 639 178 förekommit
2138 396 274 178 kom¬-

523 515 285 170 mer
686 515 326 170 Axel
890 515 449 170 Leornad
1217 515 489 170 Eriksson
1584 515 449 170 hvilken
1910 515 449 170 blifvit
2195 515 245 170 till

546 644 649 158 Cellfängelset
1080 644 572 158 införpassad
1538 644 267 158 att
1691 644 343 158 denna
1920 644 267 158 dag
2072 644 267 158 för
2187 644 267 158 Polis

506 742 488 177 kammaren
873 742 529 177 inställas
1279 742 529 177 hvarjemte
1686 742 448 177 Charles
1971 742 407 177 Frithiof

509 875 490 171 Eriksson
877 875 368 171 Fritz
1122 875 368 171 Oscar
1367 875 450 171 Larsson
1694 875 286 171 och
1858 875 409 171 Gustaf
2103 875 327 171 Edvard

491 1033 496 144 Svensson
863 1033 372 144 jemte
1070 1033 289 144 deras

1329 997 432 94 målsmän

1671 1015 258 121 äro
1818 1015 405 121 kallade
2113 1015 258 121 att
2223 1015 184 121 sig

522 1134 479 192 infinna.
882 1134 479 192 Göteborg
1241 1134 280 192 den
1401 1134 240 192 20
1521 1134 320 192 Juli
1680 1134 280 192 1880.

162 1284 233 141 No
240 1284 233 141 155.

73 1404 264 125 Carl
205 1404 264 125 Alfred

55 1489 428 112 Lindblom.

642 1261 721 189 Poliskonstapeln
1249 1261 228 189 No
1363 1261 228 189 64
1477 1261 304 189 Lund
1667 1261 266 189 har
1819 1261 342 189 idag,
2046 1261 266 189 kl.
2198 1261 266 189 1/4
2312 1261 114 189 2

527 1411 658 158 förmiddagen
1053 1411 219 158 i
1141 1411 658 158 Kungsparken
1668 1411 526 158 anhållit
2062 1411 263 158 en
2150 1411 307 158 okänd

535 1522 614 110 mansperson,
1026 1522 450 110 hvilken
1354 1522 532 110 befunnits
1763 1522 368 110 ligga
1968 1522 409 110 sofvande

523 1610 392 152 under
784 1610 261 152 en
914 1610 392 152 buske
1175 1610 566 152 derstädes
1610 1610 305 152 med
1784 1610 522 152 hufvudet
2176 1610 218 152 å
2219 1610 174 152 en

489 1705 414 114 säck,
765 1705 322 114 som
949 1705 552 114 innehöll
1363 1705 276 114 27
1502 1705 322 114 st.
1686 1705 322 114 små
1870 1705 460 114 byttor
2146 1705 230 114 med

454 1799 515 105 smultron.

611 1857 280 171 Wid
771 1857 280 171 det
931 1857 280 171 med
1091 1857 400 171 karlen
1371 1857 200 171 i
1451 1857 520 171 anledning
1850 1857 360 171 häraf
2050 1857 360 171 anstäl¬-

509 1968 229 137 da
623 1968 382 137 förhör
891 1968 267 137 har
1044 1968 267 137 han
1196 1968 535 137 uppgifvit,
1617 1968 267 137 att
1770 1968 267 137 han
1922 1968 306 137 vore
2113 1968 267 137 för
2228 1968 191 137 an¬-

503 2055 282 137 dra
664 2055 363 137 resan
906 2055 363 137 stöld
1147 2055 524 137 straffade
1550 2055 765 137 Mureriarbetaren
2154 2055 242 137 Carl

505 2138 380 142 Alfred
771 2138 456 142 Lindblom
1113 2138 304 142 från
1303 2138 342 142 Maria
1532 2138 532 142 församling
1950 2138 190 142 i
1988 2138 456 142 Storkholm.

518 2231 273 135 att
674 2231 273 135 han
830 2231 390 135 kommit
1102 2231 273 135 hit
1258 2231 312 135 till
1453 2231 390 135 staden
1726 2231 273 135 den
1882 2231 234 135 21
1998 2231 390 135 dennes
2232 2231 195 135 vid

509 2362 619 101 middagstiden
1012 2362 271 101 för
1167 2362 271 101 att
1322 2362 309 101 söka
1515 2362 425 101 arbete;
1824 2362 271 101 att
1979 2362 348 101 sedan
2173 2362 193 101 han

479 2420 510 154 härstäldes
880 2420 219 154 pa
989 2420 510 154 åtskilliga
1390 2420 365 154 krogar
1645 2420 401 154 förtärt
1937 2420 438 154 brännvin
2229 2420 182 154 och

504 2496 339 157 deraf
730 2496 414 157 blifvit
1031 2496 602 157 öfverlastad,
1520 2496 263 157 han
1671 2496 301 157 lagt
1859 2496 263 157 sig
2010 2496 263 157 att
2123 2496 263 157 sofva

484 2586 216 127 i
570 2586 693 127 Kungsparken,
1133 2586 303 127 men
1306 2586 303 127 att
1480 2586 303 127 han
1653 2586 346 127 icke
1869 2586 390 127 kunde
2086 2586 346 127 erinra

483 2698 305 138 sig
658 2698 348 138 hinu
875 2698 305 138 han
1049 2698 522 138 bekommit
1441 2698 435 138 säcken
1746 2698 305 138 med
1920 2698 348 138 dels
2094 2698 305 138 inne¬-

475 2771 269 138 håll.

654 2810 772 176 Hemmansegaren
1290 2810 545 176 Johannes
1699 2810 591 176 Andersson
2107 2810 273 176 från

482 2960 538 133 Westergården
920 2960 168 133 i
987 2960 336 133 Ödenäs
1222 2960 336 133 socken
1458 2960 202 133 af
1559 2960 404 133 Kullings
1861 2960 303 133 härad
2063 2960 202 133 af
2164 2960 168 133 i
2198 2960 235 133 Elfs¬-

483 3049 345 125 borgs
712 3049 268 125 län
866 3049 268 125 har
1019 3049 306 125 kort
1210 3049 460 125 derefter
1555 3049 383 125 anmält
1823 3049 268 125 sig
1976 3049 345 125 såsom
2168 3049 268 125 egare

476 3168 316 123 till
673 3168 434 123 berörde
988 3168 316 123 säck
1186 3168 355 123 jemte
1423 3168 316 123 deri
1620 3168 513 123 förvarade
1975 3168 434 123 smultron¬-

495 3226 377 165 byttor
759 3226 340 165 under
986 3226 453 165 uppgift,
1326 3226 264 165 att
1477 3226 264 165 han
1627 3226 377 165 sistl.
1892 3226 377 165 gårdag
2156 3226 226 165 på
2231 3226 189 165 fm.

492 3343 397 84 anländt
781 3343 253 84 hit
925 3343 289 84 till
1106 3343 361 84 staden
1358 3343 253 84 och
1503 3343 361 84 dervid
1755 3343 361 84 insatt
1972 3343 433 84 ifrågakom¬-

499 3420 246 133 ne
622 3420 369 133 säck,
868 3420 287 133 som
1032 3420 246 133 då
1155 3420 574 133 innehållit
1605 3420 246 133 50
1728 3420 287 133 st.
1892 3420 410 133 byttor
2138 3420 205 133 med

497 3502 509 136 smultron,
889 3502 392 136 hvilka
1163 3502 353 136 jemte
1398 3502 392 136 säcken
1672 3502 313 136 haft
1868 3502 274 136 ett
2024 3502 353 136 värde
2220 3502 157 136 af

513 3602 227 163 25
627 3602 378 163 kronor
891 3602 227 163 25
1004 3602 302 163 öre,
1193 3602 189 163 i
1269 3602 529 163 portgången
1684 3602 302 163 till
1873 3602 378 163 Handl.
2100 3602 264 163 Jonas

2660 259 414 153 Olssons
2961 259 263 153 hus
3112 259 226 153 No
3224 259 188 153 3
3299 259 263 153 vid
3450 259 752 153 Drottningtorget;
4089 259 301 153 samt
4277 259 263 153 att
4390 259 150 153 då

2640 370 256 138 han
2787 370 403 138 sednare
3080 370 220 138 på
3190 370 366 138 dagen,
3446 370 366 138 skolat
3702 370 476 138 derstädes
4068 370 403 138 afhemta
4324 370 220 138 säl¬-

2638 447 313 104 ken,
2833 447 352 104 denne
3068 447 313 104 icke
3263 447 352 104 kunde
3459 447 508 104 återfinnas.

2715 532 456 118 Säcken
3035 532 319 118 med
3217 532 411 118 deri,
3491 532 274 118 då
3628 532 548 118 densamme
4039 532 365 118 från
4222 532 319 118 Lind¬-

2642 628 323 135 blom
2844 628 485 135 anhölls,
3207 628 525 135 förvarade
3611 628 242 135 27
3732 628 404 135 byttor
4015 628 283 135 med
4136 628 404 135 smultron

2650 697 254 167 har
2795 697 399 167 blifvit
3085 697 290 167 till
3266 697 508 167 Målsegaren
3629 697 435 167 återstäld.

2734 827 259 139 På
2863 827 388 139 grund
3122 827 259 139 af
3251 827 345 139 hvad
3467 827 474 139 sålunda
3812 827 604 139 förekommit
4243 827 345 139 kommer

2643 893 306 126 Carl
2834 893 383 126 Alfred
3102 893 460 126 Lindblom
3447 893 268 126 att
3600 893 345 126 denna
3830 893 268 126 dag
3983 893 345 126 inför
4175 893 421 126 Poliskam¬-

2655 1001 324 143 maran
2871 1001 503 143 inställas.
3266 1001 431 143 Göteborg
3590 1001 252 143 den
3734 1001 216 143 22
3842 1001 288 143 Juli
3985 1001 252 143 1880.

4532 1082 255 184 No
4616 1082 255 184 156.

4535 1217 297 174 Frans
4700 1217 297 174 Leopold

4483 1363 431 101 Andersson

2639 1120 410 113 Sedan
2913 1120 501 113 Hustrun
3277 1120 501 113 Cecilia
3641 1120 729 113 Hasselbalck,
4188 1120 364 113 boende

2645 1220 223 96 i
2735 1220 401 96 huset
3002 1220 267 96 No
3135 1220 267 96 13
3269 1220 312 96 vid
3447 1220 356 96 Öfra
3669 1220 623 96 Husargatan
4114 1220 401 96 anmält,

2654 1296 309 158 att
2830 1296 529 158 Onsdagen
3227 1296 309 158 den
3404 1296 265 158 21
3536 1296 221 158 i
3625 1296 397 158 denna
3889 1296 397 158 månad
4154 1296 265 158 på
4286 1296 221 158 f
4331 1296 176 158 m.

2658 1425 199 119 å
2738 1425 399 119 gården
3017 1425 319 119 till
3216 1425 359 119 sagde
3456 1425 279 119 hus
3615 1425 319 119 från
3814 1425 359 119 henne
4014 1425 518 119 tillgripits

2594 1532 222 73 en

2754 1486 376 69 derstädes
3043 1486 231 69 till
3188 1486 318 69 vädring
3391 1486 289 69 upphängd

2829 1485 285 148 grå
2992 1485 570 148 golfmatta,
3440 1485 326 148 värd
3644 1485 244 148 10
3766 1485 448 148 Kronor;
4092 1485 244 148 så
4214 1485 285 148 har
4337 1485 244 148 Poli

2673 1585 344 121 konst
2902 1585 344 121 efter
3131 1585 267 121 det
3284 1585 420 121 berörde
3590 1585 344 121 matta
3819 1585 573 121 återfunnits
4239 1585 344 121 försåld

2674 1664 270 121 för
2829 1664 193 121 1
2906 1664 270 121 Kr.
3061 1664 232 121 71
3176 1664 270 121 öre
3331 1664 309 121 till
3524 1664 541 121 Lumphandl.
3949 1664 232 121 S.
4065 1664 502 121 Andersson
4412 1664 116 121 i

2664 1755 377 105 huset
2915 1755 251 105 No
3041 1755 251 105 12
3166 1755 293 105 vid
3334 1755 628 105 Husargatan,
3794 1755 711 105 Poliskonstapeln

2662 1867 241 131 No
2782 1867 322 131 139.
2984 1867 443 131 Winberg
3306 1867 282 131 den
3467 1867 241 131 22
3587 1867 241 131 ds
3708 1867 282 131 för
3869 1867 362 131 detta
4070 1867 443 131 tillgrepp

2631 1938 614 135 anhållit
3091 1938 819 135 Lumpsamlaren
3706 1938 358 135 Frans

4447 1888 383 160 Leopold,

2646 2058 579 116 Andersson
3092 2058 445 116 boende
3403 2058 223 116 i
3492 2058 401 116 huset
3759 2058 267 116 No
3893 2058 267 116 27
4026 2058 312 116 vid
4160 2058 356 116 Bergs¬-

2674 2112 501 118 gatan;
3025 2112 351 118 och
3225 2112 351 118 har
3375 2112 351 118 Frans

3797 2110 347 104 Leopold

4123 2137 469 98 Andersson

2647 2202 337 119 vid
2839 2202 337 119 det
3032 2202 337 119 med
3225 2202 433 119 honom
3514 2202 578 119 anstälde
3947 2202 530 119 förhör,
4284 2202 241 119 er¬-

2663 2285 421 148 känt,
2944 2285 328 148 att
3131 2285 328 148 han
3318 2285 562 148 Onsdagen
3739 2285 328 148 den
3927 2285 281 148 21
4067 2285 281 148 ds
4207 2285 281 148 på
4301 2285 234 148 fm,

2660 2367 271 167 då
2795 2367 362 167 han,
3021 2367 316 167 för
3202 2367 316 167 att
3383 2367 362 167 köpa
3609 2367 407 167 lump,
3880 2367 633 167 uppehållit
4332 2367 226 167 sig

2657 2466 227 113 å
2747 2466 455 113 gården
3066 2466 364 113 till
3293 2466 409 113 huset
3566 2466 273 113 No
3703 2466 273 113 13
3839 2466 318 113 vid
4021 2466 364 113 Öfra
4203 2466 364 113 Husar¬-

2673 2584 398 93 gatan,
2952 2584 517 93 derstädes
3350 2584 557 93 tillgripit
3787 2584 637 93 Hasselbalcks
4265 2584 318 93 matta,

2656 2651 348 119 som
2855 2651 397 119 han,
3103 2651 447 119 efter
3401 2651 348 119 att
3600 2651 447 119 hafva
3849 2651 695 119 sönderskurit

2652 2751 590 138 densamma
3094 2751 246 138 i
3193 2751 344 138 tre
3390 2751 492 138 delar,
3734 2751 541 138 försålt
4127 2751 344 138 för
4324 2751 246 138 1
4373 2751 197 138 Kr

2665 2819 288 147 71
2809 2819 337 147 öre
3001 2819 385 147 till
3242 2819 673 147 Lumphandl.
3771 2819 673 147 Andersson,
4252 2819 288 147 samt

2668 2957 320 110 att
2851 2957 320 110 han
3034 2957 502 110 användt
3399 2957 274 110 de
3536 2957 320 110 vid
3719 2957 776 110 försäljningen
4313 2957 228 110 er¬-

2658 3029 491 128 hållne
2952 3029 687 128 penningarne.

2684 3104 319 146 På
2843 3104 478 146 grund
3162 3104 319 146 af
3321 3104 425 146 hvad
3586 3104 584 146 sålunda
3958 3104 637 146 förekommit

2678 3190 293 115 är
2825 3190 439 115 Frans
3117 3190 536 115 Leopold
3507 3190 634 115 Andersson
3995 3190 488 115 kallad
4287 3190 293 115 till

2665 3272 668 120 inställelse
3200 3272 401 120 inför
3468 3272 312 120 Pkn
3646 3272 401 120 denna
3913 3272 356 120 dag.
4091 3272 446 120 Göteborg

2680 3347 322 124 den
2864 3347 276 124 23
3002 3347 368 124 Juli
3186 3347 322 124 1880.

4547 3376 268 153 No
4637 3376 268 153 157.

4527 3552 223 134 Carl
4667 3552 279 134 Alfred
4834 3552 167 134 Hen¬-

4517 3633 253 153 riksson.

2807 3433 514 176 Poliskonstapeln
3239 3433 162 176 No
3321 3433 189 176 127
3429 3433 270 176 Lundin
3618 3433 189 176 har
3726 3433 378 176 Thorsdagen
4023 3433 189 176 den
4132 3433 162 176 22
4213 3433 162 176 ds
4294 3433 189 176 kl.
4402 3433 189 176 1/2
4483 3433 81 176 7

2662 3566 229 154 e.m.
2806 3566 143 154 i
2863 3566 515 154 Stigbergsliden
3292 3566 344 154 anhållit
3550 3566 601 154 Besättningskarlen
4065 3566 229 154 Carl
4208 3566 286 154 Alfred
4380 3566 172 154 Hen¬-

2652 3673 334 168 riksson
2894 3673 243 168 från
3046 3673 273 168 Burås
3228 3673 152 168 i
3289 3673 425 168 Långelanda
3622 3673 303 168 Socken
3834 3673 182 168 på
3925 3673 334 168 Oroust,
4168 3673 212 168 för
4289 3673 212 168 det
4380 3673 152 168 han
