5137 4074
596 216 365 192 het
804 216 625 192 iaktagit
1273 216 678 192 detsamma,
1795 216 365 192 men
2003 216 365 192 att
2159 216 261 192 nå¬-

623 349 355 208 gon
826 349 507 208 person
1181 349 609 208 derunder
1638 349 406 208 icke
1891 349 558 208 uppgått
2246 349 203 208 på

535 448 581 196 berget.

740 547 385 151 Det
960 547 550 151 skulle
1345 547 385 151 här
1565 547 715 151 antecknas
2059 547 330 151 hvad

612 669 361 126 ock
819 669 515 126 Andrén
1179 669 361 126 och
1386 669 619 126 Lindgren
1798 669 567 126 uppgifvit

598 771 374 185 att
811 771 481 185 någon
1132 771 534 185 person
1506 771 374 185 som
1719 771 641 185 befunnit
2147 771 267 185 sig

617 872 235 157 å
711 872 376 157 inre
946 872 423 157 sidan
1227 872 282 157 af
1368 872 329 157 det
1556 872 798 157 Cellfängelset
2166 872 235 157 om¬-

616 975 597 164 gifvande
1064 975 846 164 spjelstaketet
1760 975 497 164 kunnat
2059 975 348 164 till¬-

606 1078 427 167 egna
873 1078 374 167 sig
1086 1078 801 167 garnbundten
1727 1078 427 167 utan
1995 1078 374 167 att
2155 1078 267 167 An¬-

590 1173 426 171 drén
856 1173 373 171 och
1069 1173 639 171 Lindgren
1548 1173 426 171 från
1814 1173 373 171 den
1974 1173 426 171 plats,

597 1271 360 166 der
802 1271 309 166 de
957 1271 617 166 befunnit
1420 1271 412 166 sig,
1677 1271 514 166 kunnat
1985 1271 412 166 varse¬-

580 1390 514 174 blifva
940 1390 566 174 sådant;
1351 1390 617 174 äfvensom
1814 1390 360 174 att
1968 1390 463 174 möjligt

586 1496 426 167 vore,
870 1496 332 167 det
1059 1496 426 167 någon
1344 1496 521 167 person,
1722 1496 426 167 under
2007 1496 332 167 den
2149 1496 284 167 kor¬-

553 1596 334 189 ta
720 1596 500 189 stund
1054 1596 334 189 af
1221 1596 500 189 högst
1554 1596 334 189 10
1721 1596 612 189 Minuter
2110 1596 278 189 som

582 1711 292 171 de
728 1711 341 171 vid
923 1711 877 171 eftersättandet
1654 1711 292 171 af
1800 1711 584 171 Melander
2189 1711 244 171 ic¬-

580 1818 326 178 ke
743 1818 598 178 bevakat
1177 1818 652 178 platsen,
1666 1818 543 178 kunnat
1992 1818 435 178 afhem¬-

576 1923 350 198 ta
692 1923 818 198 garnbundten.

784 2033 694 230 Melander
1305 2033 405 230 har
1536 2033 405 230 vid
1768 2033 579 230 förhör
2115 2033 347 230 vid¬-

585 2169 549 188 hållit,
984 2169 349 188 att
1184 2169 349 188 han
1383 2169 848 188 ifrågavarande
2032 2169 349 188 natt¬-

598 2302 327 213 kl.
785 2302 514 213 emellan
1159 2302 327 213 1/2
1346 2302 234 213 1
1439 2302 327 213 och
1626 2302 327 213 3/4
1813 2302 234 213 1
1906 2302 514 213 likasom
2233 2302 280 213 ofta

583 2436 528 223 eljest
953 2436 634 223 nattetid
1428 2436 475 223 varit
1745 2436 422 223 uppe
2009 2436 317 223 på
2115 2436 422 223 berget

585 2590 369 190 för
796 2590 369 190 att
1007 2590 580 190 efterse
1429 2590 633 190 huruwida
1903 2590 474 190 något
2167 2590 316 190 mss¬-

580 2707 484 215 tänkt
903 2707 430 215 gods
1172 2707 376 215 der
1387 2707 699 215 nedlagts;
1871 2707 591 215 hwarjemte

569 2838 700 245 Melander
1094 2838 525 245 under
1444 2838 700 245 uppgift,
1968 2838 408 245 att
2143 2838 292 245 han

574 2990 364 224 vid
782 2990 779 224 ifrågakomne
1405 2990 675 224 tillfälle
1925 2990 519 224 endast
2236 2990 260 224 med

565 3124 701 224 fötterna
1090 3124 642 224 trampat
1558 3124 292 224 å
1674 3124 409 224 den
1908 3124 526 224 halm,
2200 3124 292 224 som

588 3280 535 230 funnes
962 3280 641 230 liggande
1443 3280 321 230 på
1603 3280 588 230 berget,
1977 3280 428 230 förne¬-

576 3408 425 191 kat
819 3408 425 191 att
1062 3408 425 191 han
1305 3408 546 191 varit
1669 3408 607 191 framme
2033 3408 304 191 vid

582 3541 602 231 Staketet,
1045 3541 324 231 och
1230 3541 324 231 har
1415 3541 556 231 Melander
1832 3541 509 231 tillika
2156 3541 278 231 upp¬-

576 3685 498 213 gifvet,
938 3685 498 213 hwilket
1300 3685 317 213 ock
1481 3685 272 213 af
1572 3685 860 213 Poliskommissarien

2788 201 273 241 K.
2924 201 273 241 G.
3060 201 591 241 Wittboldt
3515 201 682 241 vitsordats,
4060 201 318 241 att
4196 201 364 241 Melan¬-

2754 376 384 198 der
2974 376 494 198 under
3303 376 494 198 sist.
3632 376 604 198 Sommar,
4072 376 439 198 uppe
4291 376 165 198 å

2754 505 561 231 berörde
3162 505 408 231 berg
3417 505 663 231 påträffat
3928 505 306 231 en
4081 505 408 231 gång
4285 505 204 231 en

2767 727 467 150 jern
3059 727 584 150 Spann,
3468 727 351 150 en
3643 727 467 150 gång
3935 727 351 150 en
4111 727 409 150 bur
4286 727 292 150 med

2800 799 583 245 bomull
3208 799 408 245 och
3441 799 350 245 en
3616 799 466 245 gång
3907 799 408 245 ett
4082 799 466 245 ankare

2757 990 283 128 vin

2991 1021 446 202 Sedan
3289 1021 892 202 Polisstyrelsen
4032 1021 248 202 i
4081 1021 545 202 anledning

2805 1149 372 228 af
2991 1149 497 228 hvad
3302 1149 683 228 sålunda
3736 1149 807 228 förekommit,

2811 1291 494 202 funnit
3156 1291 544 202 Skäligt
3552 1291 593 202 förordna
3996 1291 346 202 det
4145 1291 395 202 Polis¬-

2800 1432 725 189 konstapeln
3370 1432 621 189 Melander
3835 1432 259 189 i
3939 1432 621 189 afvaktan
4353 1432 207 189 på

2776 1563 451 215 vidare
3091 1563 721 215 upplysningar
3677 1563 406 215 tills
3948 1563 451 215 vidare
4218 1563 361 215 skulle

2785 1718 375 186 från
3019 1718 749 186 tjenstgöreng
3628 1718 609 186 afhållas,
4049 1718 562 186 hemställes

2769 1839 526 188 härmed
3137 1839 683 188 vördsamt,
3663 1839 631 188 huruvida
4083 1839 526 188 Melander

2747 1961 846 213 fortfarande
3423 1961 395 213 bör
3649 1961 451 213 från
3875 1961 733 213 förrättande

2756 2113 329 228 af
2921 2113 384 228 sin
3140 2113 549 228 tjenst
3525 2113 384 228 vid
3744 2113 769 228 Poliskåren
4293 2113 275 228 af¬-

2761 2213 656 253 stängas,
3253 2213 492 253 eller
3581 2213 328 253 om
3746 2213 383 253 han
3964 2213 547 253 numera
4292 2213 219 253 då

2744 2363 440 246 inga
3019 2363 549 246 vidare
3403 2363 440 246 skäl
3678 2363 440 246 till
3898 2363 659 246 misstankar

2736 2504 474 233 icke
3032 2504 889 233 tillkommit,
3743 2504 356 233 må
3921 2504 296 233 i
3981 2504 533 233 tjenst¬-

2759 2658 588 203 göring
3171 2658 470 203 åter
3406 2658 411 203 varda

3772 2675 212 56 in¬-

3860 2640 393 219 satt.
4079 2640 436 219 Göteborg

2763 2792 405 204 den
2994 2792 289 204 9
3110 2792 463 204 Nov.
3341 2792 405 204 1880.

4526 2744 319 123 No
4632 2744 319 123 234.

4523 2918 355 192 Johan
4720 2918 315 192 Olsson

3051 2936 814 210 Handlanden
3691 2936 523 210 Johan
3981 2936 582 210 Wessman,

2755 3046 598 238 hwilken
3190 3046 381 238 har
3407 3046 653 238 nederlag
3897 3046 326 238 af
4005 3046 544 238 Klippans

2759 3205 598 218 lageröl
3194 3205 272 218 i
3303 3205 490 218 huset
3629 3205 326 218 No
3792 3205 272 218 8
3901 3205 381 218 vid
4064 3205 544 218 Hagakyr¬-

2749 3312 595 249 kagatan
3182 3312 379 249 har
3398 3312 379 249 den
3614 3312 270 249 3
3723 3312 541 249 dennes
4047 3312 487 249 skrift¬-

2766 3472 436 212 ligen
3056 3472 532 212 anmält;
3443 3472 339 212 att
3637 3472 339 212 hos
3830 3472 436 212 honom
4072 3472 436 212 anstäl¬-

2747 3593 322 269 de
2908 3593 697 269 Ölköraren
3445 3593 483 269 Johan
3766 3593 536 269 Olsson
4088 3593 429 269 boende
