4885 4055
459 195 311 168 han
636 195 399 168 sedan
902 195 311 168 han
1080 195 222 168 i
1169 195 533 168 Carlstad
1568 195 577 168 verkstält
1968 195 399 168 vexlin¬-

435 317 305 157 gen
610 317 523 157 behållit
1002 317 305 157 500
1176 317 261 157 kr
1306 317 348 157 samt
1524 317 305 157 att
1698 317 348 157 allt
1916 317 392 157 sedan
2134 317 261 157 dess

437 408 524 183 emellan
818 408 619 183 Dahlström
1294 408 333 183 och
1485 408 571 183 Stenberg
1913 408 381 183 rådt
2104 408 238 183 ett

414 514 491 142 spändt
757 514 785 142 förhållande,
1395 514 638 142 hvarjemte
1836 514 540 142 Dahlström

439 634 532 180 tillagt,
838 634 310 180 att
1015 634 310 180 han
1193 634 399 180 ville
1459 634 355 180 söka
1680 634 488 180 försona
2035 634 310 180 sig
2168 634 222 180 med

414 738 580 174 Stenberg
849 738 338 174 och
1042 738 338 174 med
1236 738 435 174 honom
1526 738 484 174 inleda
1816 738 580 174 underhand¬-

436 844 464 181 lingar
761 844 279 181 om
900 844 511 181 biträde
1271 844 325 181 vid
1457 844 325 181 nya
1597 844 789 181 förfalskningar,

415 949 513 164 dertill
788 949 606 164 Dahlström
1255 949 373 164 sagt
1488 949 326 164 sig
1674 949 373 164 vara
1908 949 280 164 så
2001 949 373 164 mycket

431 1075 749 126 angelägnare
1030 1075 349 126 som
1230 1075 349 126 han
1429 1075 699 126 tillförne,
1979 1075 300 126 då
2078 1075 250 126 han

420 1160 392 152 bodde
682 1160 218 152 i
769 1160 435 152 Säfsjö
1074 1160 523 152 utgifvit
1466 1160 435 152 mycket
1770 1160 566 152 penningar
2162 1160 218 152 för

437 1247 465 154 sådant
762 1247 558 154 ändamål,
1180 1247 372 154 utan
1412 1247 325 154 att
1598 1247 325 154 han
1784 1247 372 154 derå
1970 1247 418 154 skördat

444 1327 433 149 någon
732 1327 481 149 vinst;
1069 1327 337 149 att
1261 1327 288 149 då
1405 1327 529 149 Hansson
1742 1327 625 149 fortfarande

451 1433 409 167 varit
723 1433 546 167 obenägen
1133 1433 318 167 att
1315 1433 455 167 lyssna
1633 1433 364 167 till
1815 1433 546 167 Dahlströms

439 1522 761 177 ingifvelser,
1057 1522 475 177 denne,
1390 1522 428 177 jemte
1675 1522 333 177 det
1866 1522 333 177 han
2008 1522 333 177 före¬-

433 1623 529 142 speglat
818 1623 529 142 Hansson
1202 1623 337 142 den
1394 1623 529 142 fördel,
1779 1623 337 142 han
1923 1623 433 142 derige¬-

435 1720 404 141 nom
666 1720 520 141 kunde
1013 1720 577 141 vinna,
1417 1720 866 141 framhållit,
2052 1720 346 141 huru

433 1813 362 127 som
640 1813 362 127 den
847 1813 620 127 förlust,
1312 1813 362 127 som
1519 1813 569 127 sålunda
1881 1813 413 127 skulle

423 1907 729 187 tillskyndes
1007 1907 340 187 den
1201 1907 924 187 Bankinrättning,
1930 1907 438 187 hvilken

423 2016 513 175 inlöste
797 2016 280 175 de
937 2016 467 175 falska
1263 2016 560 175 vexlarne
1684 2016 373 175 vore
1917 2016 280 175 af
2010 2016 327 175 ringa

432 2121 427 122 eller
716 2121 427 122 ingen
1001 2121 617 122 betydelse
1475 2121 332 122 för
1665 2121 379 122 "den
1902 2121 332 122 som
2044 2121 285 122 egde

431 2204 725 150 millioner";
1011 2204 338 150 att
1204 2204 532 150 Hansson
1591 2204 387 150 icke
1832 2204 435 150 desto
2074 2204 290 150 min¬-

418 2327 362 122 dre
625 2327 517 122 tvekat
987 2327 621 122 huruvida
1453 2327 362 122 han
1660 2327 517 122 skulle
1971 2327 310 122 göra

421 2418 314 163 sig
601 2418 539 163 delaktig
1005 2418 225 163 i
1095 2418 314 163 det
1274 2418 629 163 föreslagna
1768 2418 494 163 brottet
2083 2418 269 163 samt

427 2495 538 183 yttrat
804 2495 376 183 sin
1019 2495 592 183 fruktan
1449 2495 376 183 att
1664 2495 645 183 detsamma
2094 2495 323 183 kun¬-

417 2600 323 133 de
579 2600 430 133 vara
847 2600 645 133 förenadt
1331 2600 376 133 med
1546 2600 484 133 någon
1869 2600 484 133 fara,
2137 2600 269 133 men

397 2699 700 136 Dahlström
935 2699 700 136 småningom
1474 2699 592 136 förmått
1851 2699 484 136 Hansson

412 2816 355 149 att,
633 2816 621 149 förjagande
1121 2816 355 149 alla
1343 2816 842 149 betänkligheter,
2008 2816 310 149 lemna

395 2902 551 145 Dahlström
819 2902 382 145 först
1073 2902 297 145 300
1243 2902 424 145 kronor
1539 2902 297 145 och
1709 2902 382 145 någon
1963 2902 297 145 tid
2091 2902 254 145 der¬-

422 3031 405 141 efter
692 3031 315 141 200
872 3031 315 141 Kr,
1052 3031 450 141 hvilka
1367 3031 450 141 enligt
1681 3031 630 141 Dahlströms
2131 3031 270 141 upp¬-

412 3099 388 174 gift
655 3099 582 174 Stenberg
1092 3099 582 174 behöfvde
1528 3099 340 174 för
1722 3099 437 174 inköp
2013 3099 291 174 af
2110 3099 243 174 åt¬-

409 3209 557 169 skillige
827 3209 511 169 verktyg
1198 3209 325 169 och
1384 3209 743 169 materialier,
1988 3209 279 169 de
2081 3209 232 169 der

412 3306 704 181 erfordrades
975 3306 328 181 vid
1163 3306 985 181 förfalskningarnes
1961 3306 375 181 utför¬-

394 3410 460 157 rande;
716 3410 322 157 att
900 3410 506 157 Hansson
1268 3410 874 157 tillstädesvarit
2004 3410 276 157 då
2096 3410 276 157 des¬-

405 3529 270 161 de
540 3529 585 161 penningar
990 3529 495 161 blifvit
1350 3529 225 161 i
1439 3529 360 161 bref
1664 3529 360 161 till
1844 3529 450 161 Stenberg

415 3670 545 126 afsände;
824 3670 318 126 att
1005 3670 273 126 på
1142 3670 636 126 Dahlströms
1596 3670 773 126 föranstaltande,

2516 201 305 175 han
2691 201 305 175 och
2865 201 479 175 Hansson
3213 201 348 175 samt
3431 201 523 175 Stenberg
3823 201 566 175 derefter,
4215 201 261 175 tro¬-

2522 322 360 147 ligen
2762 322 200 147 i
2842 322 400 147 slutet
3122 322 240 147 af
3242 322 320 147 Mars
3442 322 360 147 eller
3683 322 400 147 början
3963 322 240 147 af
4083 322 360 147 April
4283 322 200 147 må¬-

2536 410 364 156 nad,
2764 410 774 156 sammanträffat
3401 410 228 156 i
3492 410 683 156 Wenersborg,
4039 410 319 156 der
4175 410 319 156 Dahl¬-

2513 501 383 168 ström
2769 501 298 168 och
2939 501 511 168 Stenberg
3322 501 340 168 bott
3535 501 255 168 på
3662 501 723 168 Stadshotellet
4215 501 213 168 och

2521 597 485 168 Hansson
2874 597 221 168 å
2962 597 309 168 ett
3139 597 397 168 annat
3403 597 441 168 logis;
3712 597 309 168 att
3888 597 529 168 Hansson,
4241 597 221 168 som

2518 682 413 141 dervid
2807 682 330 141 helt
3013 682 330 141 kort
3220 682 372 141 tatat
3467 682 289 141 med
3632 682 537 141 Stenberg,
4045 682 330 141 icke
4210 682 248 141 hört

2518 786 474 135 denne,
2849 786 331 135 som
3039 786 426 135 varit
3323 786 663 135 synerligen
3796 786 663 135 tillbakadra¬-

2539 892 290 122 gen
2704 892 290 122 och
2870 892 581 122 försigtig,
3327 892 373 122 annat
3576 892 249 122 än
3700 892 705 122 antydningsvis
4240 892 207 122 och

2504 970 624 177 tvetydigt
2984 970 432 177 yttra
3272 970 432 177 något
3559 970 288 177 om
3703 970 432 177 deras
3943 970 528 177 gemensam¬-

2506 1066 285 165 md
2649 1066 428 165 plan,
2934 1066 428 165 derom
3220 1066 476 165 enligt
3553 1066 666 165 Dahlströms
4028 1066 428 165 uppgift

2533 1151 320 152 för
2716 1151 548 152 Hansson,
3127 1151 594 152 Dahlström
3585 1151 320 152 och
3767 1151 548 152 Stenberg
4133 1151 320 152 under

2520 1247 482 135 natten
2857 1247 337 135 med
3050 1247 626 135 hvarandra
3531 1247 626 135 samtalat;
4013 1247 337 135 att
4157 1247 337 135 Dahl¬-

2518 1330 416 168 ström
2795 1330 323 168 och
2980 1330 508 168 Hansson
3349 1330 601 168 derefter,
3811 1330 647 168 antagligen
4273 1330 139 168 i

2524 1438 441 140 April
2818 1438 441 140 månad
3112 1438 441 140 efter
3406 1438 981 140 öfverenskommelse
4191 1438 294 140 sam¬-

2513 1518 641 180 manträffat
3017 1518 321 180 här
3200 1518 229 180 i
3292 1518 504 180 staden,
3658 1518 550 180 derifrån
4071 1518 275 180 de
4162 1518 275 180 rest

2521 1639 331 156 till
2727 1639 579 156 Falköping,
3182 1639 289 156 der
3348 1639 248 156 de
3472 1639 455 156 träffat
3802 1639 538 156 Stenberg,
4175 1639 289 156 hvar¬-

2517 1710 382 189 efter
2771 1710 467 189 Hansson
3111 1710 509 189 begifvit
3493 1710 297 189 sig
3663 1710 340 189 till
3875 1710 552 189 Jönköping
4257 1710 212 189 och

2506 1803 315 159 der
2686 1803 359 159 köpt
2910 1803 270 159 en
3045 1803 404 159 vexel
3315 1803 225 159 å
3405 1803 270 159 17
3539 1803 494 159 kronor,
3899 1803 494 159 hvilken
4213 1803 270 159 han,

2518 1921 412 133 enligt
2806 1921 412 133 aftal,
3095 1921 412 133 skulle
3384 1921 289 133 vid
3549 1921 536 133 återresan
3961 1921 206 133 i
4002 1921 454 133 Falköping

2528 1982 563 174 tillställa
2970 1982 522 174 Stenberg,
3372 1982 281 174 som
3533 1982 482 174 derefter
3894 1982 402 174 skulle
4135 1982 362 174 förfal¬-

2539 2113 329 109 ska
2727 2113 611 109 densamma,
3197 2113 282 109 så
3338 2113 329 109 att
3527 2113 329 109 den
3715 2113 423 109 komme
3997 2113 329 109 att
4138 2113 282 109 lyda

2523 2189 224 98 å
2613 2189 404 98 högre
2882 2189 493 98 belopp;
3241 2189 359 98 att,
3465 2189 269 98 då
3599 2189 493 98 Hansson
3913 2189 538 98 emellertid

2522 2287 220 135 i
2610 2287 572 135 Falköping
3050 2287 352 135 icke
3270 2287 484 135 träffat
3622 2287 572 135 Stenberg,
4062 2287 308 135 han
4194 2287 264 135 med¬-

2528 2349 407 158 tagit
2799 2349 453 158 vexeln
3116 2349 317 158 hit
3297 2349 362 158 till
3524 2349 498 158 staden,
3886 2349 543 158 derifrån
4248 2349 226 158 han

2544 2473 232 136 i
2636 2473 836 136 rekommenderadt
3333 2473 372 136 bref
3566 2473 511 136 afsändt
3937 2473 465 136 vexeln
4216 2473 279 136 till

2507 2531 566 161 Dahlström
2943 2531 218 161 i
3030 2531 610 161 Uddevalla,
3510 2531 566 161 hvarefter
3945 2531 479 161 Hansson
4250 2531 218 161 ic¬-

2530 2626 270 148 ke
2665 2626 451 148 vidare
2981 2626 361 148 sett
3206 2626 496 148 vexeln,
3567 2626 316 148 men
3747 2626 361 148 kort
3927 2626 541 148 uppgifvas,

2514 2732 334 119 att
2705 2732 334 119 han
2896 2732 334 119 den
3087 2732 430 119 varit
3373 2732 286 119 af
3517 2732 430 119 sådan
3755 2732 716 119 beskaffenhet,

4271 2851 227 84 att

2520 2915 736 157 förfalskning
3118 2915 414 157 deraf
3394 2915 414 157 varit
3671 2915 552 157 omöjlig;
4085 2915 322 157 att
4223 2915 230 157 se¬-

2511 3003 329 166 dan
2699 3003 518 166 Hansson
3076 3003 329 166 vid
3264 3003 706 166 Pingsttiden
3828 3003 518 166 anländt
4158 3003 282 166 till

2514 3144 735 132 Uddevalla,
3092 3144 368 132 han
3302 3144 420 132 ånyo
3565 3144 525 132 ifrigt
3880 3144 578 132 uppmanats

2494 3244 270 133 af
2629 3244 584 133 Dahlström
3078 3244 315 133 att
3258 3244 539 133 företaga
3662 3244 539 133 åtgärder
4067 3244 315 133 för
4201 3244 315 133 verk¬-

2533 3319 641 158 ställande
3026 3319 296 158 af
3174 3319 1036 158 förfalskningarne,
4013 3319 493 158 hvarjem¬-

2524 3432 295 147 te
2671 3432 688 147 Dahlström,
3212 3432 295 147 då
3359 3432 540 147 Hansson
3752 3432 442 147 varit
4047 3432 246 147 i
4096 3432 393 147 saknad

2525 3548 287 139 af
2669 3548 669 139 penningar,
3195 3548 717 139 försträffat
3768 3548 478 139 sådane
4055 3548 335 139 genom

2542 3622 635 145 pantsättning
3058 3622 238 145 af
3177 3622 238 145 en
3296 3622 278 145 del
3455 3622 238 145 af
3574 3622 317 145 sitt
3772 3622 556 145 varulager,
4169 3622 278 145 hvar¬
