4984 4068
458 232 317 201 på
617 232 581 201 aftonen
1039 232 264 201 i
1145 232 528 201 afsigt
1515 232 370 201 att
1726 232 528 201 bettla
2043 232 264 201 in¬-

467 376 419 140 gått
729 376 262 140 i
833 376 367 140 ett
1043 376 367 140 hus
1253 376 367 140 vid
1462 376 734 140 Parkgatan,
1986 376 262 140 och

483 468 698 149 derstädes
1021 468 269 149 i
1128 468 322 149 en
1289 468 484 149 olåst
1612 468 537 149 tambur
1934 468 376 149 till¬-

482 584 582 165 gripit
889 584 989 165 ifrågavarande
1646 584 640 165 öfverrock

468 688 461 186 som
732 688 461 186 han
995 688 791 186 medtagit
1588 688 461 186 upp
1786 688 395 186 till

467 785 951 203 Landabergen,
1240 785 416 203 der
1477 785 416 203 han
1715 785 476 203 gömt
1953 785 357 203 den¬-

462 919 613 171 samme,
891 919 797 171 hvarefter
1505 919 429 171 han
1689 919 613 171 begifvit

468 1002 382 196 sig
687 1002 436 196 till
959 1002 382 196 sin
1178 1002 545 196 bostad
1559 1002 273 196 i
1668 1002 491 196 huset
1996 1002 327 196 No
2105 1002 218 196 22

459 1136 407 168 vid
691 1136 756 168 Rydgatan,
1273 1136 407 168 att
1505 1136 349 168 då
1680 1136 407 168 han
1912 1136 407 168 den
2086 1136 233 168 26

480 1255 538 197 dennes
857 1255 323 197 på
1018 1255 430 197 f.m.
1287 1255 269 197 å
1394 1255 806 197 Kungstorget
1985 1255 323 197 sam¬-

456 1390 822 188 manträffat
1102 1390 411 188 med
1337 1390 705 188 Westman,
1866 1390 411 188 han
2042 1390 294 188 för

470 1504 522 136 denne
818 1504 696 136 omtalat,
1340 1504 406 136 att
1571 1504 406 136 han
1803 1504 464 136 hade
2035 1504 232 136 en

486 1674 737 164 öfverrock
1053 1674 454 164 gömd
1337 1674 284 164 i
1450 1674 737 164 förenämde
1961 1674 340 164 berg

473 1744 529 178 sammt
826 1744 646 178 anmodat
1296 1744 646 178 Westman
1765 1744 411 178 dit
1942 1744 352 178 med¬-

470 1874 476 201 följa
787 1874 370 201 för
999 1874 370 201 att
1210 1874 370 201 för
1422 1874 635 201 Jonssons
1845 1874 476 201 räkning

498 2016 618 166 pantsätta
974 2016 523 166 rocken,
1354 2016 333 166 att
1544 2016 285 166 de
1687 2016 570 166 derefter
2067 2016 238 166 åt¬-

472 2132 509 188 följts
828 2132 407 188 till
1082 2132 610 188 platsen,
1540 2132 356 188 der
1744 2132 509 188 rocken
2049 2132 254 188 va¬-

477 2265 374 188 rit
690 2265 481 188 gömd,
1011 2265 695 188 hvarefter
1546 2265 481 188 sedan
1813 2265 481 188 Jonsson

460 2420 711 162 framtagit
1007 2420 602 162 rocken,
1445 2420 383 162 och
1664 2420 492 162 burit
1938 2420 328 162 den¬-

452 2498 519 194 samme
798 2498 461 194 till
1086 2498 346 194 de
1259 2498 576 194 hunnit
1663 2498 461 194 till
1893 2498 346 194 Öfre

448 2620 900 165 Husargatan,
1168 2620 420 165 der
1408 2620 420 165 han
1647 2620 600 165 lemnat
2007 2620 300 165 den

448 2777 474 172 till
744 2777 652 172 Westman
1218 2777 415 172 som
1455 2777 593 172 ingått
1870 2777 296 172 å
1929 2777 356 172 Ols¬-

442 2893 474 172 sons
738 2893 1125 172 Pantlånekontor,
1685 2893 414 172 vid
1863 2893 414 172 nämde

477 3022 444 174 gata,
773 3022 346 174 för
970 3022 346 174 att
1168 3022 691 174 pantsätta,
1711 3022 395 174 samt
1957 3022 346 174 att
2106 3022 197 174 de

466 3136 409 157 kort
722 3136 614 157 derefter
1182 3136 563 157 blifvit
1591 3136 307 157 af
1744 3136 511 157 Olsson
2051 3136 256 157 af¬-

451 3246 504 176 förda
787 3246 448 176 till
1011 3246 1119 176 Polisvaktkontoret;

531 3370 607 222 Westman
972 3370 386 222 har
1193 3370 717 222 vitsordat
1689 3370 607 222 riktighe¬-

444 3525 385 187 ten
664 3525 330 187 af
829 3525 660 187 Jonssons
1324 3525 715 187 uppgifter
1875 3525 275 187 i
1930 3525 330 187 hvad

429 3639 673 199 Westman
918 3639 673 199 anginge
1407 3639 428 199 med
1591 3639 550 199 tillägg

2624 236 396 185 att
2851 236 509 185 ehuru
3190 236 623 185 Jonsson
3643 236 453 185 icke
3869 236 623 185 uppgifvit

2608 362 488 168 huru
2913 362 427 168 han
3157 362 732 168 bekommit
3645 362 793 168 öfverrocken

2595 483 745 174 Westman
3137 483 542 174 dock
3475 483 880 174 misstänkt
4085 483 338 174 det

2605 634 647 179 Jonsson
3076 634 353 179 på
3252 634 647 179 oärligt
3723 634 471 179 sätt
3958 634 471 179 åtkom¬-

2587 779 503 144 mit
2803 779 791 144 densamme.

2778 828 562 213 Rocken
3171 828 394 213 har
3396 828 619 213 blifvit
3846 828 450 213 till
4071 828 394 213 måls¬-

2606 995 619 201 egaren
2977 995 805 201 återlemnad.

2693 1069 330 235 På
2858 1069 496 235 grund
3189 1069 330 235 af
3354 1069 441 235 hvad
3629 1069 606 235 sålunda
4015 1069 385 235 före¬-

2590 1199 649 165 kommit
3044 1199 649 165 kommer
3498 1199 649 165 Svante
3887 1199 584 165 Jonsson

2609 1310 415 162 och
2846 1310 533 162 Frans
3201 1310 593 162 Ludvig
3616 1310 652 162 Westman
4031 1310 296 162 att

2607 1428 519 201 denna
2954 1428 404 201 dag
3184 1428 404 201 för
3415 1428 981 201 Poliskammaren
4165 1428 289 201 in¬-

2535 1584 575 133 ställas.

3035 1584 620 191 Göteborg
3500 1584 362 191 den
3707 1584 310 191 27
3862 1584 413 191 Now.
4068 1584 362 191 1880.

4407 1709 324 147 No
4515 1709 324 147 248.

4329 1860 495 102 Anders

4347 1952 526 135 Jonsson

2624 1741 690 201 Följande
3141 1741 690 201 personer
3659 1741 518 201 hafva
3946 1741 460 201 anmält

2623 1865 307 192 1o
2776 1865 870 192 Gårdsrättaren
3493 1865 409 192 Jöns
3749 1865 563 192 Persson
4107 1865 256 192 an¬-

2624 1943 458 213 stäld
2929 1943 254 213 å
3031 1943 763 213 Grosshandl.
3642 1943 305 213 F.
3794 1943 305 213 V.
3896 1943 458 213 Hassel¬-

2612 2062 557 189 blads
2983 2062 680 189 egendom
3478 2062 680 189 Bångsbo
3973 2062 309 189 i
4035 2062 371 189 Släp

2613 2191 321 169 sn
2773 2191 641 169 Hallands
3254 2191 428 169 län,
3521 2191 374 169 att
3735 2191 267 169 i
3842 2191 374 169 ett
4002 2191 374 169 olåst

2624 2250 657 276 Brygghus
3117 2250 274 276 i
3226 2250 492 276 huset
3555 2250 328 276 No
3719 2250 328 276 46
3883 2250 383 276 vid
4047 2250 383 276 Östra

2590 2360 825 253 Hamngatan
3224 2360 444 253 den
3478 2360 317 253 5
3605 2360 381 253 ds
3796 2360 508 253 från
4050 2360 317 253 ho¬-

2602 2513 385 181 nom
2822 2513 881 181 tillgripits,
3538 2513 385 181 ett
3758 2513 385 181 par
3923 2513 495 181 smorlä¬-

2617 2625 846 191 derstöfflar
3293 2625 507 191 värda
3631 2625 338 191 12
3801 2625 620 191 kronor;
4195 2625 282 191 och

2604 2726 357 224 2o
2783 2726 1012 224 Styckjunkaren
3617 2726 357 224 C.
3795 2726 298 224 S
3855 2726 595 224 Mellgren

2617 2829 559 199 boende
3008 2829 280 199 i
3120 2829 503 199 huset
3456 2829 335 199 No
3623 2829 280 199 2
3735 2829 391 199 vid
3903 2829 503 199 Kasern¬-

2599 2950 600 228 torget
3019 2950 420 228 att
3259 2950 720 228 Onsdagen
3800 2950 420 228 den
4040 2950 360 228 24
4160 2950 240 228 ds

2601 3078 349 193 på
2775 3078 465 193 e.m.
3066 3078 465 193 från
3357 3078 524 193 honom
3648 3078 756 193 tillgripits

2606 3215 396 180 en
2804 3215 990 180 Skeppslampa
3596 3215 396 180 af
3728 3215 594 180 messing

2587 3329 482 161 värd
2888 3329 301 161 3
3008 3329 662 161 kronor,
3490 3329 662 161 hvilken
3912 3329 422 161 lampa

2585 3427 594 174 hvarit
3000 3427 712 174 hängande
3535 3427 297 174 i
3653 3427 534 174 taket
4009 3427 297 174 i
4069 3427 356 174 för¬-

2599 3555 593 153 stugan
3014 3555 475 153 till
3311 3555 653 153 berörde
3726 3555 356 153 hus.

2638 3651 637 223 Tisdagen
3116 3651 371 223 den
3328 3651 265 223 9
3434 3651 318 223 ds
3593 3651 371 223 har
3752 3651 584 223 Detektiv¬
