4856 4045
395 127 316 175 sedan
606 127 422 175 personen
922 127 351 175 utsett
1168 127 211 175 åt
1274 127 246 175 sig
1414 127 211 175 en
1520 127 316 175 sådan
1730 127 211 175 af
1801 127 527 175 kompositions¬-

385 251 333 148 metall
618 251 266 148 till
784 251 233 148 ett
918 251 266 148 pris
1084 251 200 148 af
1184 251 233 148 Tre
1317 251 366 148 Kronor,
1584 251 233 148 han
1717 251 366 148 begärt,
1984 251 233 148 att
2084 251 266 148 kedjan

377 369 333 177 skulle
610 369 167 177 i
676 369 366 177 räkning
943 369 366 177 påföras
1209 369 400 177 Kaptenen
1509 369 333 177 Wirgin
1742 369 167 177 å
1809 369 433 177 Kålltorp,
2109 369 233 177 hvil¬-

377 470 221 205 ket
504 470 253 205 haft
662 470 253 205 till
820 470 316 205 följd,
1042 470 221 205 att
1168 470 380 205 Salomon,
1453 470 285 205 under
1643 470 411 205 antagande
1959 470 221 205 det
2054 470 316 205 personen

386 587 288 200 vore
566 587 432 200 anställd
890 587 252 200 hos
1035 587 432 200 Kaptenen
1359 587 396 200 Virgin,
1647 587 360 200 lemnat
1900 587 324 200 honom
2080 587 288 200 kedjan

387 712 352 143 jemte
622 712 430 143 räkning
895 712 274 143 derå.

580 777 233 188 Wid
713 777 233 188 den
846 777 199 188 af
945 777 798 188 detektivkonstaplarne
1644 777 399 188 Rönnbäck
1943 777 233 188 och
2076 777 199 188 C.
2142 777 233 188 Hell¬-

390 899 313 182 ström
599 899 417 182 vidtagna
912 899 591 182 efterspaning,
1399 899 243 182 har
1538 899 487 182 Handlanden
1921 899 383 182 Saloman
2164 899 174 182 för

392 1045 238 161 dem
528 1045 408 161 upplyst,
834 1045 238 161 att
971 1045 408 161 personen
1277 1045 374 161 ifråga,
1549 1045 204 161 på
1651 1045 272 161 sätt
1821 1045 408 161 Kaptenen
2094 1045 272 161 Virgin

387 1131 390 195 anmält,
670 1131 248 195 hos
812 1131 390 195 Salomon
1096 1131 497 195 tillnarrat
1486 1131 248 195 sig
1628 1131 213 195 en
1734 1131 390 195 urkedja
2018 1131 213 195 af
2089 1131 284 195 kompo¬-

398 1236 612 184 sitionsmetall,
908 1236 238 184 som
1044 1236 272 184 vore
1214 1236 272 184 värd
1384 1236 238 184 Tre
1520 1236 374 184 Kronor,
1792 1236 238 184 men
1928 1236 238 184 att
2030 1236 306 184 bemälde

386 1339 358 199 person,
647 1339 228 199 som
777 1339 228 199 vid
908 1339 293 199 besök
1103 1339 163 199 i
1168 1339 391 199 Salomons
1461 1339 293 199 butik
1657 1339 391 199 innehaft
1950 1339 195 199 en
2047 1339 195 199 ny
2112 1339 261 199 piska,

391 1453 355 160 hvilken
649 1453 226 160 han
778 1453 419 160 uppgifvit
1100 1453 226 160 sig
1229 1453 290 160 hafva
1423 1453 258 160 köpt
1584 1453 226 160 hos
1681 1453 677 160 Sadelmakaremästaren

379 1553 464 173 Bäckström,
744 1553 199 173 en
843 1553 299 173 stund
1042 1553 398 173 derefter
1341 1553 265 173 åter
1507 1553 398 173 inkommit
1805 1553 166 173 i
1871 1553 398 173 Salomans
2137 1553 232 173 butik

381 1684 222 175 och
508 1684 317 175 begärt
730 1684 222 175 att
857 1684 190 175 få
952 1684 254 175 köpa
1111 1684 190 175 en
1206 1684 254 175 till
1365 1684 317 175 kedjan
1587 1684 349 175 hörande
1840 1684 444 175 medaljong;
2157 1684 159 175 att

384 1790 272 183 sedan
565 1790 212 183 han
686 1790 303 183 utsett
898 1790 182 183 en
989 1790 272 183 sådan
1170 1790 212 183 för
1291 1790 212 183 ett
1412 1790 242 183 pris
1564 1790 182 183 af
1654 1790 151 183 2
1715 1790 303 183 Kronor
1927 1790 182 183 50
2017 1790 242 183 öre,
2138 1790 212 183 Salo¬-

388 1870 256 174 mon,
548 1870 224 174 som
676 1870 448 174 emellertid
1029 1870 288 174 låtit
1221 1870 416 174 efterhöra
1541 1870 224 174 hos
1637 1870 673 174 Sadelmakaremästaren

398 1987 409 166 Bäckström
712 1987 378 166 huruvida
996 1987 189 166 en
1090 1987 283 166 sådan
1279 1987 315 166 piska,
1499 1987 220 166 som
1625 1987 220 166 den
1751 1987 378 166 personen
2003 1987 346 166 innehade,

402 2082 362 168 blifvit,
673 2082 181 168 på
764 2082 241 168 sätt
915 2082 272 168 denne
1096 2082 422 168 uppgifvit,
1428 2082 241 168 köpt
1579 2082 211 168 hos
1699 2082 422 168 Bäckström,
2001 2082 302 168 erhållit

404 2229 207 158 det
523 2229 325 158 besked,
759 2229 207 158 att
877 2229 207 158 den
995 2229 236 158 icke
1142 2229 325 158 blifvit
1378 2229 236 158 köpt
1526 2229 207 158 hos
1644 2229 295 158 honom,
1850 2229 384 158 hvarjemte
2116 2229 236 158 karlen

382 2311 199 177 på
481 2311 298 177 fråga
680 2311 199 177 af
779 2311 398 177 Saloman,
1078 2311 265 177 icke
1243 2311 331 177 kunnat
1475 2311 398 177 uppgifva
1774 2311 232 177 sin
1906 2311 398 177 husbonde
2171 2311 199 177 Kap¬-

384 2428 206 197 ten
501 2428 324 197 Wirgins
737 2428 354 197 förnamn;
1002 2428 206 197 att
1120 2428 354 197 Salomon,
1386 2428 147 197 i
1444 2428 265 197 följd
1621 2428 265 197 deraf
1798 2428 383 197 misstänkt
2093 2428 206 197 att
2181 2428 177 197 kar¬-

383 2525 204 200 len
499 2525 291 200 lemnat
703 2525 407 200 bedrägliga
1023 2525 378 200 uppgifter
1314 2525 204 200 och
1431 2525 291 200 derför
1634 2525 291 200 begärt
1838 2525 204 200 att
1955 2525 291 200 återfå
2129 2525 233 200 kedjan

380 2669 264 169 under
556 2669 469 169 förevändning
937 2669 205 169 att
1054 2669 323 169 jemföra
1289 2669 205 169 den
1406 2669 205 169 med
1523 2669 469 169 medaljongen,
1904 2669 381 169 hvarefter
2168 2669 176 169 kar¬-

379 2748 216 187 len
502 2748 216 187 för
626 2748 308 187 sådant
841 2748 339 187 ändamål
1088 2748 308 187 lemnat
1303 2748 339 187 kedjan,
1550 2748 185 187 då
1642 2748 339 187 Salomon
1889 2748 308 187 genast
2074 2748 246 187 under¬-

380 2874 317 167 rättat
602 2874 317 167 honom,
824 2874 222 167 att
951 2874 222 167 han
1077 2874 253 167 icke
1236 2874 317 167 förrän
1458 2874 222 167 han
1584 2874 349 167 skaffat
1838 2874 222 167 ett
1964 2874 285 167 intyg
2123 2874 190 167 från

397 2986 434 174 Kaptenen
722 2986 361 174 Wirgin
975 2986 325 174 kunde
1192 2986 397 174 bekomma
1481 2986 361 174 kedjan
1734 2986 253 174 och
1842 2986 470 174 medaljongen

373 3062 414 204 hvarefter
692 3062 223 204 han
819 3062 414 204 aflägsnat
1138 3062 223 204 sig
1265 3062 255 204 utan
1424 3062 223 204 att
1552 3062 414 204 sedermera
1870 3062 255 204 låta
2029 3062 223 204 sig
2125 3062 223 204 afhö¬-

277 3245 295 87 ra.

487 3219 224 222 Vid
615 3219 511 222 efterhörande
1030 3219 224 222 hos
1158 3219 735 222 Sadelmakaremästaren
1797 3219 192 222 A.
1893 3219 415 222 Carlsson,
2180 3219 160 222 som

353 3355 233 158 har
486 3355 233 158 sin
619 3355 300 158 butik
819 3355 167 158 i
886 3355 300 158 huset
1086 3355 200 158 No
1186 3355 200 158 14
1286 3355 233 158 vid
1420 3355 300 158 Östra
1620 3355 467 158 Larmgatan,
1987 3355 233 158 har
2087 3355 233 158 denne

370 3451 381 177 upplyst,
656 3451 222 177 att
783 3451 191 177 en
879 3451 222 177 för
1006 3451 286 177 honom
1196 3451 286 177 okänd
1387 3451 445 177 mansperson
1736 3451 381 177 Fredagen
2022 3451 222 177 den
2149 3451 191 177 25
2213 3451 127 177 ds

353 3562 198 150 på
452 3562 264 150 e.m.
617 3562 396 150 inkommit
913 3562 165 150 i
979 3562 264 150 hans
1144 3562 330 150 butik,
1375 3562 363 150 hvarest
1639 3562 231 150 han
1771 3562 198 150 åt
1869 3562 231 150 sig
2001 3562 330 150 utsett
2199 3562 132 150 en

334 3651 307 176 piska
538 3651 238 176 för
675 3651 238 176 ett
811 3651 273 176 pris
981 3651 204 176 af
1083 3651 238 176 Fem
1220 3651 341 176 Kronor
1458 3651 273 176 samt
1629 3651 341 176 begärt
1867 3651 375 176 räkning
2106 3651 204 176 derå

2452 151 170 222 å
2520 151 408 222 Kaptenen
2826 151 408 222 Wirgin",
3132 151 442 222 hvarefter
3472 151 408 222 Carlsson
3778 151 340 222 lemnat
4016 151 306 222 honom
4186 151 272 222 piskan

2460 289 298 199 jemte
2658 289 199 199 en
2758 289 397 199 räkning,
3055 289 430 199 hvarefter
3386 289 232 199 han
3519 289 430 199 aflägsnat
3849 289 265 199 sig,
4015 289 232 199 men
4147 289 298 199 efter
4313 289 132 199 en

2472 380 300 186 stund
2672 380 467 186 återkommit
3039 380 234 186 med
3172 380 334 186 piskan
3406 380 234 186 och
3539 380 334 186 begärt
3773 380 234 186 att
3906 380 200 186 få
4006 380 434 186 återlemna
4307 380 200 186 den¬-

2463 515 354 187 samma,
2711 515 354 187 emedan
2959 515 354 187 Virgin
3207 515 425 187 möjligen
3526 515 319 187 sjelf
3739 515 319 187 ville
3951 515 284 187 köpa
4093 515 390 187 densamma.

2627 605 170 169 I
2695 605 442 169 anledning
3035 605 306 169 häraf
3239 605 306 169 hafva
3443 605 374 169 bemälde
3716 605 476 169 Konstaplar
4056 605 442 169 förstberör¬-

2480 732 196 198 de
2578 732 228 198 dag
2709 732 391 198 anhållit
3002 732 521 198 arbetskarlen
3426 732 261 198 Olof
3588 732 424 198 Svensson,
3914 732 326 198 boende
4143 732 163 198 i
4208 732 293 198 huset
4371 732 130 198 No

2485 829 193 217 59
2581 829 257 217 Litt
2742 829 161 217 A
2806 829 193 217 af
2903 829 386 217 Majornas
3192 829 225 217 5te
3320 829 289 217 rote,
3513 829 225 217 och
3642 829 225 217 har
3770 829 386 217 Svensson
4059 829 225 217 vid
4188 829 225 217 det
4284 829 161 217 med

2490 949 298 207 honom
2688 949 430 207 anställda
3019 949 331 207 förhör
3250 949 430 207 uppgifvit
3581 949 231 207 att
3713 949 265 207 han,
3879 949 231 207 som
4011 949 430 207 tillhörde
4309 949 165 207 We¬-

2487 1075 423 204 nersborgs
2812 1075 618 204 Stadsförsamling
3332 1075 228 204 och
3462 1075 163 204 i
3527 1075 325 204 början
3754 1075 195 204 af
3852 1075 423 204 sistlidne
4177 1075 228 204 Maj
4274 1075 195 204 kom¬-

2464 1167 220 211 mit
2589 1167 220 211 hit
2715 1167 252 211 till
2872 1167 315 211 staden
3093 1167 220 211 för
3218 1167 220 211 att
3344 1167 252 211 söka
3501 1167 220 211 sig
3627 1167 283 211 någon
3816 1167 346 211 tjenst,
4068 1167 220 211 för
4162 1167 283 211 hvilket

2471 1262 365 225 ändamål
2736 1262 232 225 han
2869 1262 298 225 bland
3068 1262 298 225 andra
3266 1262 398 225 ställen,
3565 1262 265 225 sökt
3731 1262 497 225 anställning
4128 1262 232 225 hos
4228 1262 265 225 Kapten

2480 1398 355 194 Virgin,
2738 1398 226 194 men
2867 1398 258 194 icke
3028 1398 258 194 fått
3189 1398 322 194 sådan,
3415 1398 193 194 på
3512 1398 258 194 sätt
3673 1398 451 194 Handlanden
4028 1398 193 194 J.
4124 1398 193 194 H.
4189 1398 290 194 Salomon

2464 1513 229 184 och
2595 1513 752 184 Sadelmakaremästaren
3249 1513 196 184 A.
3347 1513 392 184 Carlsson
3642 1513 458 184 uppgifvit,
4001 1513 458 184 tillnarrat
4328 1513 164 184 sig

2462 1628 237 212 hos
2598 1628 373 212 Salomon
2869 1628 203 212 en
2971 1628 373 212 urkedja
3242 1628 203 212 af
3344 1628 339 212 metall
3581 1628 237 212 och
3717 1628 237 212 hos
3853 1628 407 212 Carlsson
4158 1628 203 212 en
4226 1628 271 212 piska,

2479 1726 222 204 men
2606 1726 222 204 att
2733 1726 254 204 han,
2892 1726 222 204 som
3019 1726 318 204 genast
3242 1726 318 204 ångrat
3464 1726 254 204 sitt
3623 1726 318 204 brott,
3846 1726 318 204 enligt
4068 1726 254 204 hvad
4195 1726 286 204 Salomon

2465 1841 219 227 och
2590 1841 375 227 Carlsson
2871 1841 375 227 upplyst,
3152 1841 406 227 återburit
3464 1841 312 227 kedjan
3683 1841 250 227 till
3839 1841 219 227 den
3964 1841 281 227 förre
4151 1841 219 227 och
4245 1841 250 227 piskan

2496 2041 267 140 till
2662 2041 233 140 den
2762 2041 334 140 sednare.

2685 2051 330 216 Kapten
2916 2051 198 216 P.
3015 2051 363 216 Virgin,
3279 2051 462 216 Handlanden
3642 2051 198 216 J.
3741 2051 198 216 H.
3840 2051 363 216 Salomon
4104 2051 231 216 och
4203 2051 264 216 Sadel¬-

2497 2187 564 180 makaremästaren
2967 2187 188 180 A.
3061 2187 376 180 Carlsson
3343 2187 282 180 hafva
3531 2187 376 180 samtlige
3814 2187 627 180 tillkännagifvit,
4315 2187 157 180 att

2476 2294 232 222 de,
2609 2294 232 222 som
2741 2294 265 222 icke
2907 2294 365 222 önskade
3173 2294 398 222 anställa
3471 2294 299 222 något
3671 2294 265 222 åtal
3836 2294 232 222 mot
3969 2294 431 222 Svensson,
4268 2294 199 222 icke

2467 2391 287 197 hade
2646 2391 323 197 några
2862 2391 502 197 påståenden
3256 2391 251 197 att
3399 2391 251 197 mot
3543 2391 323 197 honom
3722 2391 466 197 framställa.

2631 2500 212 210 På
2737 2500 319 210 grund
2949 2500 212 210 af
3055 2500 283 210 hvad
3232 2500 389 210 sålunda
3515 2500 531 210 förekommit,
3940 2500 354 210 kommer
4188 2500 212 210 är
4259 2500 212 210 Olof

2476 2631 398 238 Svensson
2774 2631 331 238 kallad
3006 2631 265 238 till
3172 2631 497 238 inställelse
3569 2631 298 238 inför
3768 2631 232 238 PKn
3901 2631 298 238 denna
4066 2631 199 238 dag.

3055 2761 452 180 Göteborg
3394 2761 264 180 den
3545 2761 226 180 29
3658 2761 301 180 Juni
3808 2761 264 180 1880.

4464 2776 213 129 No
4534 2776 213 129 145.

4424 2890 194 133 Anna
4521 2890 243 133 Victoria

4425 2991 294 131 Stenström.

2576 2852 520 177 Kamereraren
2992 2852 242 177 vid
3131 2852 554 177 Aktiebolaget
3581 2852 450 177 Göteborgs
3927 2852 416 177 Folkbank
4239 2852 208 177 A.
4308 2852 139 177 P.

2480 2985 455 182 Hansson
2811 2985 290 182 har
2976 2985 290 182 den
3142 2985 248 182 25
3266 2985 414 182 dennes
3556 2985 331 182 etc.
3763 2985 207 182 =
3846 2985 207 182 =
3928 2985 207 182 =
4011 2985 207 182 =
4094 2985 207 182 =
4177 2985 248 182 se
4259 2985 166 182 No

2483 3061 242 194 142
2622 3061 242 194 här
2760 3061 312 194 ofvan
2968 3061 173 194 =
3037 3061 173 194 =
3107 3061 346 194 t.o.m.
3349 3061 312 194 orden
3557 3061 208 194 "å
3661 3061 381 194 hvilket
3938 3061 381 194 funnits
4180 3061 277 194 tryckt

2476 3206 290 173 orden
2669 3206 419 173 Göteborgs
2959 3206 387 173 Folkbank".

2616 3256 442 204 Berndtsson
2964 3256 442 204 inställdes
3311 3256 221 204 den
3437 3256 189 204 26
3532 3256 316 204 dennes
3753 3256 284 204 inför
3942 3256 252 204 PKn,
4100 3256 221 204 som
4194 3256 316 204 besluta-

2465 3383 194 204 de
2562 3383 226 204 att
2691 3383 226 204 för
2821 3383 550 204 efterspanande
3274 3383 194 204 af
3371 3383 226 204 det
3500 3383 485 204 fruntimmer,
3888 3383 226 204 som
4018 3383 291 204 sändt
4179 3383 324 204 Berndts¬-

2443 3481 259 193 son,
2604 3481 388 193 förhöret
2896 3481 324 193 skulle
3122 3481 291 193 anstå
3317 3481 259 193 till
3479 3481 227 193 den
3608 3481 162 193 2
3673 3481 518 193 nästkommande
4094 3481 291 193 Juli,
4255 3481 227 193 hvar¬-

2455 3602 280 184 jemte
2642 3602 435 184 Berndtsson
2984 3602 404 184 försattes
3295 3602 187 184 på
3388 3602 218 184 fri
3481 3602 187 184 fot.

2652 3619 398 200 Lördagen
2950 3619 232 200 den
3083 3619 199 200 26
3182 3619 332 200 dennes
3415 3619 232 200 kl.
3547 3619 166 200 6
3614 3619 265 200 e.m.
3779 3619 232 200 har
3912 3619 464 200 oftanämnde
4244 3619 265 200 Helmer
