5038 4075
491 294 380 235 son
708 294 706 235 föröfvadt
1251 294 706 235 tillgrepp
1794 294 326 235 af
1956 294 380 235 två
2119 294 326 235 fjä¬-

503 457 633 194 derdynor,
990 457 633 194 värderade
1477 457 390 194 till
1721 457 292 194 15
1867 457 487 194 kronor
2159 457 292 194 från

471 566 918 174 Timmermannen
1216 566 574 174 Svante
1618 566 746 174 Petersson
2134 566 287 174 bo¬-

480 729 391 117 ende
725 729 244 117 i
822 729 440 117 huset
1116 729 293 117 No
1262 729 293 117 21
1409 729 244 117 i
1507 729 293 117 13
1654 729 489 117 roten,
1947 729 391 117 hvarom

474 834 778 170 ransakning
1086 834 445 170 ännu
1364 834 445 170 icke
1642 834 389 170 vid
1864 834 389 170 RRn
2031 834 389 170 före¬-

373 954 612 118 varit.

695 951 337 218 På
863 951 505 218 grund
1200 951 337 218 af
1368 951 449 218 hvad
1649 951 617 218 sålunda
2042 951 393 218 före¬-

483 1097 575 151 kommit
885 1097 575 151 kommer
1287 1097 632 151 Hustrun
1689 1097 632 151 Christina

484 1216 696 192 Johansson,
1031 1216 348 192 att
1230 1216 448 192 denna
1529 1216 348 192 dag
1728 1216 348 192 för
1877 1216 547 192 Poliskam¬-

457 1344 584 133 maren
782 1344 779 133 inställas.

1010 1421 586 194 Göteborg
1450 1421 342 194 den
1645 1421 293 194 17
1792 1421 537 194 Augusti
2134 1421 342 194 1880.

86 1603 254 181 No
170 1603 254 181 177.

0 1764 480 90 Anton

2 1856 527 147 Andersson

489 1546 987 172 Timmermannen
1292 1546 555 172 Börje
1600 1546 679 172 Andersson

494 1662 383 178 boende
762 1662 191 178 i
838 1662 344 178 huset
1068 1662 230 178 No
1182 1662 268 178 101
1335 1662 344 178 Litt.
1565 1662 230 178 F.
1680 1662 191 178 i
1756 1662 421 178 stadens
2062 1662 306 178 12te
2215 1662 230 178 rote

491 1787 343 147 har
687 1787 588 147 Söndagen
1128 1787 343 147 den
1324 1787 294 147 15
1471 1787 294 147 ds
1617 1787 539 147 anmält,
2009 1787 343 147 att
2156 1787 245 147 han

490 1891 810 162 derförutgångne
1165 1891 315 162 dag
1345 1891 315 162 kl.
1524 1891 315 162 3/4
1704 1891 315 162 11.
1884 1891 360 162 e.m.
2109 1891 225 162 å
2154 1891 225 162 väg

468 1989 260 180 å
572 1989 727 180 Hagaheden,
1143 1989 363 180 den
1351 1989 312 180 s.
1506 1989 312 180 k.
1610 1989 779 180 Skojarebacken

486 2127 287 193 af
630 2127 287 193 en
773 2127 526 193 obekant
1156 2127 479 193 person
1491 2127 526 193 blifvit
1826 2127 622 193 öfferfallen

469 2268 409 163 och
702 2268 1052 163 omkullskuffad,
1579 2268 643 163 hvarvid
1988 2268 409 163 samme

484 2386 519 185 person
847 2386 311 185 ur
1003 2386 415 185 hans
1262 2386 570 185 venstra
1677 2386 622 185 byxficka
2092 2386 311 185 från

470 2509 438 152 honom
762 2509 681 152 tillgripit
1297 2509 292 152 en
1443 2509 681 152 portmonaie
1978 2509 292 152 af
2076 2509 340 152 svart

476 2630 492 182 skinn
805 2630 383 182 med
1023 2630 821 182 messingslås
1625 2630 766 182 innehållande

481 2779 549 110 omkring
881 2779 300 110 13
1030 2779 499 110 kronor
1380 2779 250 110 i
1480 2779 499 110 större
1830 2779 350 110 och
1979 2779 400 110 mindre

482 2893 834 155 silfvermynt,
1160 2893 469 155 jemte
1473 2893 469 155 något
1733 2893 678 155 kopparmynt.

512 2967 479 159 Såsom
831 2967 692 159 misstänkt
1363 2967 372 159 för
1576 2967 479 159 detta
1842 2967 585 159 tillgrepp

463 3074 450 200 hafva
763 3074 1201 200 Detektivkonstaplarna
1814 3074 300 200 P.
1914 3074 500 200 Lindgren

464 3187 342 197 och
660 3187 294 197 C.
807 3187 636 197 Hällström
1296 3187 342 197 den
1491 3187 294 197 17
1638 3187 294 197 ds
1785 3187 587 197 anhållit
2176 3187 245 197 för

471 3318 429 190 andra
758 3318 572 190 snatteri
1187 3318 620 190 straffade
1664 3318 286 190 fe
1759 3318 668 190 Kronoarbets¬-

476 3445 566 184 karlen
873 3445 509 184 Anton
1212 3445 792 184 Andersson,
1835 3445 396 184 som
2005 3445 396 184 äfven

490 3551 453 161 kallar
807 3551 317 161 sig
988 3551 544 161 Larsson,
1396 3551 453 161 boende
1713 3551 227 161 i
1804 3551 408 161 huset
2076 3551 272 161 No
2166 3551 227 161 17.

478 3673 413 201 Litt.
753 3673 275 201 P.
891 3673 229 201 i
983 3673 734 201 Redbergslid,
1579 3673 505 201 hvilken
1946 3673 321 201 vid
2084 3673 229 201 det

2585 211 247 164 med
2726 211 318 164 honom
2938 211 460 164 anställda
3292 211 354 164 förhör
3539 211 424 164 förnekat
3857 211 212 164 så
3963 211 247 164 väl
4105 211 247 164 att
4246 211 247 164 han
4352 211 177 164 vid

2590 332 552 225 ifrågavarande
3044 332 422 225 tillfälle
3368 332 292 225 varit
3563 332 162 225 i
3628 332 487 225 Målsegarens
4017 332 389 225 sällskap
4309 332 227 225 som
4407 332 162 225 ock

2592 435 254 225 att
2737 435 254 225 han
2882 435 290 225 egde
3064 435 327 225 någon
3281 435 436 225 kännedom
3608 435 218 225 om
3717 435 399 225 anmälda
3971 435 508 225 tillgreppet.

2753 570 419 167 Följande
3067 570 419 167 personer
3381 570 314 167 hafva
3556 570 349 167 upplyst:

2602 640 193 189 1o
2698 640 514 189 Arbetskarlen
3116 640 257 189 Olof
3276 640 385 189 Jansson,
3565 640 321 189 boende
3790 640 161 189 i
3854 640 289 189 huset
4046 640 193 189 No
4143 640 193 189 40
4239 640 225 189 vid
4335 640 225 189 Anne¬-

2596 744 436 241 dalsgatan,
2938 744 218 241 att
3063 744 218 241 han
3187 744 373 241 Lördagen
3467 744 218 241 den
3592 744 187 241 14
3685 744 187 241 ds
3778 744 218 241 kl.
3903 744 342 241 omkring
4152 744 218 241 3/4
4276 744 187 241 11
4369 744 187 241 e.
4432 744 124 241 m.

2595 840 173 233 å
2665 840 242 233 väg
2803 840 173 233 å
2872 840 450 233 Hagaheden
3218 840 311 233 varit
3426 840 173 233 i
3495 840 519 233 Målsegarens
3910 840 450 233 sällskap,
4221 840 277 233 dervid

2591 975 318 189 denne
2803 975 354 189 bjudit
3050 975 212 189 på
3157 975 248 189 öl,
3298 975 248 189 som
3440 975 248 189 han
3581 975 283 189 köpt
3758 975 177 189 i
3829 975 212 189 en
3935 975 531 189 handelsbod,
4324 975 212 189 samt

2595 1078 263 254 att,
2759 1078 295 254 sedan
2956 1078 197 254 de
3055 1078 427 254 derstädes
3383 1078 558 254 sammanträffat
3843 1078 230 254 med
3974 1078 295 254 Anton
4138 1078 394 254 Andersson,

2607 1201 474 225 målseganden
2986 1201 221 225 och
3113 1201 347 225 Jonsson
3365 1201 316 225 utgått
3586 1201 189 225 på
3681 1201 316 225 vägen,
3902 1201 221 225 der
4028 1201 221 225 den
4155 1201 347 225 sednare
4376 1201 189 225 sett

2589 1308 464 248 Andersson,
2954 1308 232 248 som
3086 1308 332 248 jemväl
3319 1308 232 248 dit
3451 1308 431 248 utkommit,
3783 1308 332 248 sticka
4015 1308 398 248 händerna
4314 1308 166 248 i
4347 1308 199 248 fic¬-

2594 1429 283 234 korna
2782 1429 189 234 af
2877 1429 472 234 målsegarens
3254 1429 378 234 påhafvde
3537 1429 283 234 byxor
3726 1429 220 234 och
3852 1429 315 234 straxt
4072 1429 378 234 derefter
4324 1429 220 234 till¬-

2601 1563 261 217 dela
2764 1563 293 217 honom
2960 1563 195 217 en
3057 1563 326 217 knuff,
3285 1563 195 217 så
3383 1563 228 217 att
3513 1563 228 217 han
3644 1563 326 217 fallit
3872 1563 358 217 omkull,
4132 1563 423 217 hvarefter
4425 1563 163 217 An¬-

2600 1734 325 175 dersson
2837 1734 384 175 aflägsnat
3132 1734 236 175 sig;
3250 1734 148 175 och

2596 1767 203 202 2o
2698 1767 642 202 Mureriarbetaren
3238 1767 338 202 Gustaf
3475 1767 473 202 Andersson,
3846 1767 338 202 boende
4083 1767 169 202 i
4150 1767 304 202 huset
4353 1767 203 202 No
4421 1767 101 202 3

2610 1904 223 214 vid
2738 1904 414 214 Långgatan
3056 1904 159 214 i
3120 1904 574 214 Landalabergen,
3599 1904 223 214 att
3726 1904 191 214 då
3822 1904 223 214 han
3949 1904 383 214 Lördagen
4236 1904 223 214 den
4364 1904 191 214 14
4427 1904 128 214 ds

2611 2026 217 224 kl.
2735 2026 341 224 omkring
2983 2026 217 224 3/4
3107 2026 186 224 11
3200 2026 248 224 e.m.
3355 2026 434 224 uppehållit
3696 2026 217 224 sig
3820 2026 248 224 inne
3975 2026 155 224 i
4037 2026 186 224 en
4099 2026 403 224 handelsbod,

2592 2133 374 212 belägen
2864 2133 238 212 vid
3000 2133 306 212 vägen
3205 2133 170 212 å
3273 2133 477 212 Hagaheden,
3647 2133 477 212 Målsegaren
4021 2133 170 212 i
4090 2133 408 212 sällskap
4362 2133 170 212 med

2590 2222 266 272 Olof
2756 2222 366 272 Jonsson
3023 2222 233 272 dit
3156 2222 400 272 inkommit
3456 2222 233 272 och
3589 2222 266 272 köpt
3756 2222 200 272 en
3855 2222 333 272 flaska
4089 2222 233 272 öl,
4222 2222 233 272 som
4322 2222 233 272 måls¬-

2601 2344 297 248 egaren
2809 2344 208 248 och
2928 2344 356 248 Jansson,
3195 2344 267 248 sedan
3373 2344 178 248 de
3462 2344 356 248 begifvit
3729 2344 208 248 sig
3848 2344 178 248 ut
3937 2344 178 248 på
4026 2344 297 248 vägen,
4204 2344 356 248 utdruckit,

2577 2473 441 222 hvarefter,
2923 2473 189 222 då
3018 2473 441 222 Målsegaren
3364 2473 221 222 och
3490 2473 284 222 Anton
3679 2473 441 222 Andersson,
4026 2473 347 222 hvilken
4246 2473 252 222 jemväl

2574 2583 703 249 tillstädeskommit,
3176 2583 201 249 på
3276 2583 301 249 något
3477 2583 368 249 afstånd
3745 2583 268 249 från
3912 2583 335 249 Gustaf
4146 2583 435 249 Andersson
4448 2583 100 249 å

2595 2776 297 148 andra
2793 2776 297 148 sidan
2990 2776 198 148 af
3089 2776 297 148 vägen
3287 2776 297 148 stått
3452 2776 461 148 tillsammans,

4044 2692 207 139 Larsson

4239 2706 305 168 fattat
4422 2706 153 168 tag

2588 2828 157 245 i
2650 2828 472 245 Målsegarens
3028 2828 220 245 ene
3153 2828 220 245 arm
3279 2828 189 245 så
3373 2828 377 245 häftigt,
3656 2828 220 245 att
3782 2828 283 245 denne
3971 2828 534 245 omkullfallet,
4379 2828 189 245 der¬-

2588 2961 222 184 vid
2715 2961 285 184 Anton
2905 2961 412 184 Andersson
3223 2961 349 184 yttrat:
3476 2961 349 184 "faller
3730 2961 190 184 du
3825 2961 349 184 omkull"
4079 2961 222 184 och
4206 2961 285 184 sedan
4364 2961 159 184 han

2579 3048 260 246 böjt
2741 3048 227 246 sig
2871 3048 227 246 ned
3001 3048 357 246 bredvid
3261 3048 520 246 målseganden,
3683 3048 422 246 aflägsnat
4008 3048 227 246 sig
4138 3048 260 246 från
4268 3048 260 246 denne,

2567 3223 244 162 som
2707 3223 349 162 dervid
2951 3223 314 162 under
3161 3223 454 162 yttrande:
3510 3223 244 162 "nu
3649 3223 244 162 tog
3789 3223 244 162 han
3929 3223 279 162 mina
4068 3223 454 162 penningar",

2578 3343 293 173 följt
2774 3343 293 173 efter
2969 3343 293 173 Anton
3132 3343 390 173 Andersson.

2733 3427 222 181 På
2844 3427 333 181 grund
3066 3427 222 181 af
3177 3427 296 181 hvad
3362 3427 407 181 sålunda
3658 3427 555 181 förekommit,
4102 3427 370 181 kommer
4324 3427 185 181 An¬-

2588 3546 248 195 ton
2729 3546 461 195 Andersson
3084 3546 319 195 eller
3297 3546 390 195 Larsson
3581 3546 248 195 att
3723 3546 319 195 denna
3935 3546 248 195 dag
4077 3546 248 195 för
4184 3546 390 195 Poliskam¬-

2581 3674 341 190 maren
2808 3674 530 190 inställas.
3224 3674 454 190 Göteborg
3565 3674 265 190 den
3716 3674 227 190 19
3830 3674 303 190 Aug.
3981 3674 265 190 1880.
