5009 4061
486 197 233 181 vid
619 197 434 181 Långgatan
953 197 167 181 i
1019 197 367 181 Landala
1286 197 467 181 tillgripit
1653 197 300 181 lump,
1853 197 233 181 som
1986 197 200 181 de
2086 197 267 181 sålt
2220 197 200 181 till

470 302 300 197 Enkan
670 302 267 197 Anna
837 302 467 197 Petersson,
1203 302 334 197 boende
1437 302 167 197 i
1504 302 300 197 huset
1704 302 200 197 No
1804 302 200 197 24
1904 302 233 197 vid
2037 302 300 197 samma
2204 302 200 197 gata

464 446 247 145 för
605 446 211 145 En
710 446 352 145 Krona,
957 446 247 145 som
1098 446 211 145 de
1204 446 282 145 lika
1380 446 458 145 fördelat;
1697 446 211 145 samt

470 528 184 194 2o
562 528 367 194 Eriksson
837 528 214 194 och
960 528 428 194 Börjesson:
1296 528 245 194 lika
1449 528 214 194 med
1572 528 336 194 Westman
1816 528 153 194 i
1877 528 245 194 hvad
2030 528 214 194 dem
2122 528 306 194 anginge.

556 637 537 177 Ofvannämnde
986 637 502 177 konstaplar
1380 637 322 177 hafva
1595 637 430 177 derjemte
1917 637 430 177 anhållit
2204 637 215 177 yng¬-

464 744 432 182 lingarne
788 744 288 182 Carl
968 744 324 182 Anton
1185 744 505 182 Wennermark
1581 744 288 182 född
1761 744 252 182 den
1905 744 216 182 10
2014 744 324 182 April
2194 744 216 182 1866

494 878 238 171 och
630 878 238 171 son
766 878 204 171 af
868 878 544 171 arbetskarlen
1310 878 306 171 Peter
1515 878 510 171 Vennermark,
1923 878 340 171 boende
2161 878 170 171 i
2195 878 238 171 huset

481 972 211 210 No
586 972 211 210 25
692 972 247 210 vid
833 972 458 210 Långgatan
1185 972 176 210 i
1256 972 387 210 Landala
1537 972 282 210 samt
1714 972 282 210 Carl
1890 972 352 210 Harald
2101 972 317 210 Anders¬-

476 1087 255 212 son,
635 1087 255 212 född
794 1087 223 212 den
922 1087 191 212 23
1017 1087 350 212 Augusti
1272 1087 255 212 1869
1431 1087 223 212 och
1558 1087 223 212 son
1686 1087 255 212 till
1813 1087 541 212 Mureriarbetaren

475 1190 338 230 Gustaf
712 1190 474 230 Andersson,
1084 1190 338 230 boende
1321 1190 169 230 i
1388 1190 304 230 huset
1591 1190 203 230 No
1693 1190 203 230 35
1794 1190 237 230 vid
1896 1190 507 230 Annedalsgatan

489 1298 164 218 i
555 1298 393 218 Landala,
850 1298 328 218 hvilka
1079 1298 230 218 vid
1211 1298 328 218 förhör
1440 1298 361 218 erkänt,
1702 1298 230 218 att
1834 1298 197 218 de
1932 1298 295 218 jemte
2096 1298 295 218 Westman

480 1450 262 157 mork
644 1450 229 157 och
775 1450 426 157 Börjesson
1103 1450 459 157 tillgripit
1463 1450 295 157 enkan
1660 1450 459 157 Anderssons
2020 1450 295 157 lump,
2184 1450 229 157 hvar¬-

484 1522 239 231 vid
621 1522 274 231 Carl
792 1522 445 231 Andersson
1134 1522 308 231 stått
1339 1522 376 231 utanför
1612 1522 205 231 på
1715 1522 342 231 gatan,
1954 1522 308 231 under
2160 1522 239 231 det
2262 1522 137 231 de

479 1655 335 173 andra
702 1655 484 173 innevarit
1074 1655 186 173 i
1149 1655 447 173 källaren
1484 1655 261 173 der
1633 1655 372 173 lumpen
1856 1655 447 173 förvarats.

590 1753 220 192 På
700 1753 330 192 grund
921 1753 220 192 af
1031 1753 294 192 hvad
1214 1753 404 192 sålunda
1508 1753 550 192 förekommit,
1948 1753 367 192 kommer
2168 1753 257 192 Johan

479 1846 387 235 Wilhelm
760 1846 422 235 Vestman,
1076 1846 281 235 Carl
1252 1846 352 235 Robert
1498 1846 422 235 Eriksson
1815 1846 246 235 och
1955 1846 281 235 Otto
2096 1846 281 235 Martin

465 2028 468 219 Börjesson
825 2028 252 219 att
969 2028 324 219 denna
1185 2028 252 219 dag
1329 2028 252 219 för
1473 2028 612 219 Poliskammaren
1941 2028 432 219 inställas;

494 2121 231 207 ock
626 2121 231 207 äro
758 2121 593 207 arbetskarlarne
1252 2121 264 207 Lars
1417 2121 395 207 Eriksson
1713 2121 231 207 och
1845 2121 264 207 Erik
1977 2121 395 207 Börjesson,

483 2264 431 204 äfvensom
806 2264 539 204 ynglingarne
1237 2264 287 204 Carl
1417 2264 323 204 Anton
1632 2264 503 204 Vennermark
2027 2264 251 204 och
2135 2264 215 204 Carl

483 2373 347 209 Harald
726 2373 451 209 Andersson
1073 2373 277 209 samt
1246 2373 312 209 deras
1454 2373 555 209 arbetskarlen
1905 2373 312 209 Peter
2078 2373 312 209 Venner¬-

485 2475 297 206 mark
671 2475 260 206 och
819 2475 706 206 Mureriarbetaren
1414 2475 372 206 Gustaf
1674 2475 483 206 Andersson
2009 2475 334 206 kallade

471 2632 271 156 att
626 2632 387 156 dervid
897 2632 271 156 sig
1051 2632 387 156 jemväl
1283 2632 387 156 infinna.

1006 2715 460 215 Göteborg
1350 2715 268 215 den
1504 2715 191 215 1
1580 2715 268 215 Maj
1695 2715 268 215 1880.

97 2861 255 124 No
181 2861 255 124 102.

90 2965 172 191 Anna
197 2965 193 191 Sofia
304 2965 215 191 Gustafs¬-

50 3104 179 98 son.

573 2809 542 225 Maskinisten
1006 2809 217 225 A.
1114 2809 217 225 L.
1223 2809 505 225 Andersson,
1620 2809 361 225 boende
1873 2809 181 225 i
1945 2809 325 225 huset
2161 2809 217 225 No
2234 2809 144 225 34

484 2915 231 264 vid
616 2915 462 264 Skolgatan,
979 2915 231 264 har
1111 2915 396 264 lördagen
1408 2915 231 264 den
1540 2915 165 264 1
1606 2915 198 264 ds
1705 2915 363 264 anmält,
1969 2915 231 264 att
2068 2915 363 264 derförut¬-

478 3079 345 195 gångne
720 3079 276 195 natt
893 3079 380 195 omkring
1169 3079 242 195 kl.
1307 3079 207 195 1,
1411 3079 311 195 under
1618 3079 242 195 det
1756 3079 242 195 han
1894 3079 276 195 inne
2067 3079 173 195 å
2102 3079 276 195 gården

458 3196 290 191 till
639 3196 326 191 huset
856 3196 217 191 No
965 3196 217 191 15
1073 3196 253 191 vid
1218 3196 615 191 Kapuniergatan
1725 3196 507 191 sällskapat
2123 3196 253 191 med
2231 3196 145 191 en

474 3274 400 237 obekant
765 3274 582 237 prostituerad
1238 3274 400 237 qvinna,
1529 3274 291 237 från
1711 3274 328 237 honom
1893 3274 473 237 tillgripits

470 3419 218 220 en
579 3419 182 220 i
652 3419 400 220 venstra
943 3419 473 220 byxfickan
1306 3419 437 220 förvarad
1634 3419 546 220 portmonnaie
2071 3419 218 220 af
2143 3419 255 220 brunt

462 3526 315 226 skinn
672 3526 245 226 med
812 3526 560 226 messingslås,
1267 3526 560 226 innehållande
1723 3526 385 226 omkring
2003 3526 210 226 20
2073 3526 315 226 Kronor,

465 3661 450 180 bestående
812 3661 208 180 af
915 3661 208 180 en
1019 3661 312 180 sedel
1227 3661 173 180 å
1296 3661 208 180 10
1400 3661 381 180 Kronor,
1677 3661 208 180 en
1781 3661 312 180 dylik
1988 3661 173 180 å
2058 3661 173 180 5
2092 3661 277 180 Kronor

2651 170 251 214 och
2794 170 251 214 det
2938 170 358 214 öfriga
3189 170 179 214 i
3260 170 394 214 silfver
3547 170 251 214 och
3690 170 502 214 kopparmynt
4084 170 322 214 jemte
4299 170 251 214 ett
4407 170 143 214 af

2628 297 395 217 Bolaget
2915 297 251 217 för
3059 297 574 217 Pantbelåning
3525 297 179 217 å
3597 297 215 217 en
3705 297 287 217 rock
3884 297 323 217 under
4099 297 215 217 No
4207 297 323 217 27282
4387 297 179 217 ut¬-

2640 436 337 198 gifvit
2876 436 471 198 pantqvitto
3246 436 168 198 å
3313 436 202 198 en
3414 436 303 198 rock,
3616 436 370 198 belånad
3886 436 236 198 den
4020 436 202 198 30
4121 436 303 198 sist.
4289 436 236 198 April

2620 539 255 190 med
2765 539 218 190 10
2874 539 364 190 Kronor
3129 539 291 190 samt
3310 539 255 190 tre
3456 539 400 190 qvitton
3747 539 182 190 å
3819 539 654 190 rekommenderade
4328 539 255 190 bref.

2787 619 313 239 Sedan
2996 619 452 239 Andersson
3344 619 383 239 utvisat
3622 619 244 239 för
3761 619 348 239 första
4005 619 313 239 resan
4179 619 348 239 snatteri

2624 757 471 234 straffade
2986 757 616 234 qvinspersonen
3494 757 218 234 No
3603 757 218 234 74
3711 757 290 234 Anna
3893 757 326 234 Sofia
4074 757 435 234 Gustafsson

2612 838 357 225 boende
2862 838 178 225 i
2933 838 535 225 sistberörde
3361 838 285 225 hus,
3540 838 285 225 vara
3718 838 250 225 den
3860 838 357 225 qvinna
4110 838 250 225 med
4217 838 321 225 hvilken

2628 993 264 224 han
2779 993 527 224 sällskapat
3193 993 264 224 vid
3344 993 264 224 det
3494 993 527 224 tillfälle,
3909 993 226 224 då
3984 993 527 224 portmonnaien

2626 1082 294 249 från
2810 1082 331 249 honom
3031 1082 589 249 tillgripits,
3509 1082 257 249 har
3656 1082 552 249 Gustafsson,
4098 1082 331 249 härom
4282 1082 257 249 hörd,

2623 1231 457 238 förnekat
2966 1231 343 238 såväl
3195 1231 267 238 att
3347 1231 267 238 hon
3500 1231 572 238 ifrågakomne
3957 1231 305 238 natt
4110 1231 457 238 sällskapat

2623 1327 263 227 med
2774 1327 526 227 Andersson,
3187 1327 263 227 som
3337 1327 263 227 ock
3487 1327 263 227 all
3638 1327 451 227 kännedom
3976 1327 225 227 om
4051 1327 488 227 tillgreppet

2641 1506 279 199 af
2733 1506 697 199 portmonnaien.

2792 1545 202 205 P
2872 1545 364 205 grund
3115 1545 243 205 af
3237 1545 324 205 hvad
3439 1545 445 205 sålunda
3762 1545 607 205 förekommit,
4248 1545 243 205 är
4329 1545 202 205 An¬-

2628 1679 215 250 na
2736 1679 322 250 Sofia
2950 1679 501 250 Gustafsson
3343 1679 358 250 kallad
3594 1679 286 250 till
3772 1679 536 250 inställelse
4201 1679 322 250 inför
4380 1679 179 250 Pkn

2636 1826 400 199 denna
2902 1826 356 199 dag.
3125 1826 533 199 Göteborg
3525 1826 311 199 den
3703 1826 222 199 3
3791 1826 311 199 Maj
3925 1826 311 199 1880.

4495 1881 286 132 No
4591 1881 286 132 103.

4496 1989 337 156 Charles
4711 1989 214 156 Oskar

4464 2124 363 166 Sundström.

2745 1935 511 219 Arbetskarlen
3160 1935 192 219 A.
3256 1935 192 219 P.
3352 1935 447 219 Johansson,
3703 1935 319 219 boende
3926 1935 160 219 i
3990 1935 287 219 huset
4182 1935 192 219 No
4277 1935 160 219 1
4309 1935 160 219 vid

2646 2055 265 237 Öfra
2811 2055 496 237 Husargatan,
3208 2055 232 237 har
3340 2055 397 237 onsdagen
3638 2055 232 237 den
3770 2055 198 237 28
3870 2055 298 237 sist.
4068 2055 298 237 April
4233 2055 265 237 anmält

2660 2170 205 205 att
2777 2170 205 205 vid
2894 2170 263 205 något
3069 2170 380 205 tillfälle
3361 2170 263 205 sedan
3537 2170 292 205 slutet
3741 2170 175 205 af
3829 2170 380 205 sistlidne
4121 2170 351 205 Februari
4355 2170 146 205 må¬-

2631 2273 220 225 nad
2756 2273 157 225 å
2819 2273 189 225 en
2914 2273 252 225 låst
3071 2273 252 225 wind
3229 2273 157 225 i
3292 2273 346 225 berörde
3544 2273 220 225 hus
3669 2273 252 225 från
3827 2273 283 225 honom
4016 2273 472 225 tillgripits
4362 2273 126 225 en

2635 2384 246 252 brun
2789 2384 647 252 halfylleklädning,
3344 2384 246 252 värd
3498 2384 185 252 14
3590 2384 339 252 Kronor,
3837 2384 246 252 samt
3991 2384 216 252 att
4114 2384 216 252 han
4237 2384 216 252 för
4329 2384 216 252 detta

2622 2499 426 248 tillgrepp
2950 2499 458 248 misstänkte
3310 2499 524 248 arbetskarlen
3735 2499 360 248 Charles
3997 2499 295 248 Oskar
4161 2499 393 248 Sundström.

2794 2595 164 220 I
2860 2595 425 220 anledning
3187 2595 294 220 häraf
3383 2595 229 220 har
3514 2595 622 220 Poliskonstapeln
4037 2595 196 220 No
4135 2595 196 220 99
4201 2595 327 220 Svensson

2638 2722 221 227 den
2765 2722 158 227 3
2828 2722 316 227 dennes
3049 2722 221 227 för
3175 2722 284 227 detta
3365 2722 410 227 tillgrepp
3680 2722 379 227 anhållit
3965 2722 474 227 ofvannämnde
4312 2722 221 227 Sund¬-

2628 2860 328 203 ström,
2858 2860 229 203 som
2989 2860 197 203 nu
3087 2860 197 203 är
3185 2860 328 203 boende
3414 2860 164 203 i
3480 2860 295 203 huset
3676 2860 197 203 No
3775 2860 197 203 22
3873 2860 229 203 vid
4004 2860 360 203 Rygatan
4266 2860 164 203 i
4299 2860 229 203 Anne¬-

2633 2938 259 243 dal;
2795 2938 227 243 och
2924 2938 227 243 har
3054 2938 421 243 Sundström
3378 2938 227 243 vid
3507 2938 227 243 det
3637 2938 227 243 med
3767 2938 292 243 honom
3961 2938 421 243 anställde
4253 2938 259 243 förhör

2643 3067 358 229 vidgått,
2911 3067 209 229 att
3031 3067 209 229 han
3150 3067 209 229 den
3269 3067 179 229 28
3358 3067 268 229 sist.
3537 3067 358 229 Februari
3805 3067 149 229 i
3865 3067 417 229 Johanssons
4193 3067 238 229 kök,
4312 3067 268 229 hvarest

2632 3190 266 241 ingen
2810 3190 207 241 vid
2928 3190 414 241 tillfället
3253 3190 414 241 innevarit,
3578 3190 266 241 tagit
3756 3190 325 241 nyckeln
3992 3190 236 241 till
4110 3190 414 241 vindsdörren,

2625 3303 242 231 som
2764 3303 311 231 hängt
2971 3303 173 231 i
3040 3303 207 231 en
3143 3303 518 231 fönsterpost
3557 3303 242 231 och
3696 3303 242 231 med
3834 3303 414 231 densamma
4144 3303 345 231 öppnat
4351 3303 173 231 lå¬-

2615 3467 229 179 set
2746 3467 261 179 till
2909 3467 359 179 vinden,
3171 3467 359 179 hvarest
3432 3467 229 179 han
3563 3467 457 179 tillgripit
3922 3467 490 179 ifrågakomne
4281 3467 229 179 kläd¬-

2634 3568 286 177 ning;
2825 3568 222 177 att
2952 3568 222 177 han
3079 3568 381 177 derefter
3365 3568 254 177 åter
3523 3568 349 177 tillåst
3777 3568 318 177 dörren
4000 3568 222 177 och
4127 3568 286 177 hängt
4285 3568 286 177 nyckeln

2608 3687 162 203 å
2672 3687 226 203 sin
2802 3687 291 203 förra
2996 3687 323 203 plats;
3222 3687 259 203 samt
3383 3687 226 203 att
3513 3687 226 203 han
3642 3687 162 203 å
3707 3687 194 203 J.
3804 3687 356 203 Olssons
4030 3687 517 203 pantlånekontor
