4973 4065
480 213 378 217 hos
696 213 756 217 ofvannämde
1290 213 648 217 Larsson;
1775 213 378 217 att
1937 213 270 217 han

474 373 460 176 några
781 373 460 176 dagar
1088 373 614 176 derefter
1548 373 256 176 å
1650 373 511 176 vinden
1957 373 307 176 till

443 481 476 192 huset
761 481 317 192 No
919 481 317 192 39
1078 481 370 192 vid
1290 481 423 192 Haga
1554 481 688 192 Kyrkogata
2030 481 265 192 med

465 593 291 190 en
610 593 436 190 käpp,
901 593 339 190 som
1095 593 339 190 han
1289 593 630 190 påträffat
1725 593 533 190 derstädes

462 715 500 173 genom
796 715 722 173 öppningen
1351 715 389 173 som
1574 715 667 173 befunnes
2018 715 278 173 öf¬-

462 824 370 143 ver
674 824 635 143 dörrarne
1150 824 423 143 till
1414 824 793 143 Björkqvists
1996 824 264 143 och

461 930 628 177 Bomans
901 930 1004 177 vindskrubbar
1654 930 628 177 utdragit

473 1053 392 157 från
718 1053 587 157 hvardera
1158 1053 294 157 af
1305 1053 489 157 desse,
1648 1053 343 157 ett
1844 1053 343 157 par
1990 1053 343 157 svar¬-

468 1149 350 167 ta
643 1149 584 167 byxor,
1052 1149 584 167 hvilka
1460 1149 409 167 han
1694 1149 526 167 samma
1986 1149 292 167 dag

476 1258 600 192 pantsatt
926 1258 350 192 det
1126 1258 350 192 ena
1326 1258 450 192 paret
1627 1258 350 192 för
1827 1258 250 192 5
1877 1258 400 192 kronor

480 1362 291 187 å
596 1362 698 187 Majornas
1119 1362 756 187 förenämda
1643 1362 639 187 Pantlåne¬-

471 1483 590 158 kontor,
901 1483 376 158 och
1115 1483 376 158 det
1330 1483 483 158 andra
1652 1483 376 158 för
1867 1483 268 158 1
1920 1483 376 158 krona

452 1597 388 162 hos
673 1597 831 162 Pantlånaren
1338 1597 665 162 Larsson;
1836 1597 388 162 att
2002 1597 277 162 han

459 1757 346 124 den
656 1757 296 124 11
804 1757 296 124 ds
953 1757 247 124 å
1051 1757 494 124 vinden
1397 1757 395 124 till
1644 1757 445 124 huset
1941 1757 296 124 No
2039 1757 198 124 18

465 1861 376 215 vid
680 1861 805 215 Bergsgatan,
1324 1861 591 215 medelst
1754 1861 376 215 att
1915 1861 376 215 rycka

483 2012 232 165 i
575 2012 324 165 ett
761 2012 510 165 hanglås
1131 2012 324 165 för
1317 2012 463 165 dörren
1641 2012 371 165 till
1873 2012 278 165 en
1965 2012 371 165 skrubb

464 2128 643 163 derstädes
958 2128 495 163 öppnat
1305 2128 495 163 dörren
1651 2128 346 163 och
1849 2128 247 163 i
1898 2128 396 163 skrub¬-

472 2232 366 194 ben
681 2232 733 194 tillgripit
1257 2232 366 194 den
1466 2232 314 194 af
1623 2232 419 194 Anna
1832 2232 471 194 Jansson

471 2353 607 181 anmälda
912 2353 828 181 klädningen,
1575 2353 386 181 som
1795 2353 386 181 han
1961 2353 331 181 sam¬-

466 2475 295 224 ma
613 2475 344 224 dag
810 2475 589 224 pantsatt
1251 2475 344 224 för
1448 2475 295 224 75
1595 2475 344 224 öre
1791 2475 344 224 hos
1938 2475 344 224 Lars¬-

477 2611 388 152 son;
719 2611 339 152 att
913 2611 339 152 han
1106 2611 339 152 den
1300 2611 291 152 13
1445 2611 291 152 ds
1591 2611 242 152 å
1688 2611 484 152 vinden
1978 2611 291 152 till

445 2748 466 201 huset
756 2748 311 201 No
912 2748 311 201 14
1067 2748 363 201 vid
1274 2748 881 201 Snickaregatan
1948 2748 363 201 efter

450 2896 404 172 att
681 2896 404 172 med
912 2896 346 172 en
1085 2896 635 172 medförd
1547 2896 577 172 gröfre
1894 2896 346 172 spik

480 3011 471 214 hafva
794 3011 576 214 urryckt
1212 3011 680 214 kramporna
1735 3011 419 214 till
1945 3011 366 214 låset

469 3147 342 177 för
665 3147 342 177 tre
860 3147 636 177 skrubbar,
1349 3147 684 177 tillgripit
1887 3147 244 177 i
1985 3147 293 177 en
2082 3147 196 177 af

476 3237 476 182 dessa
794 3237 688 182 Ullanders
1323 3237 741 182 regnkappa,
1905 3237 424 182 samt
2117 3237 159 182 i

468 3369 313 180 en
624 3369 469 180 annan
937 3369 313 180 en
1093 3369 417 180 rock
1353 3369 365 180 och
1562 3369 365 180 ett
1770 3369 365 180 par
1926 3369 365 180 byxor

467 3493 517 146 hvilka
829 3493 362 146 två
1036 3493 672 146 sistnämde
1553 3493 672 146 persedlar
2018 3493 259 146 han

484 3592 527 169 kastat
853 3592 263 169 å
958 3592 579 169 vinden,
1380 3592 632 169 hvaremot
1854 3592 369 169 han
2012 3592 316 169 med¬

2596 229 530 215 tagit
2950 229 884 215 regnkappan,
3657 229 413 215 som
3893 229 413 215 han
4069 229 354 215 sam¬-

2578 368 327 161 ma
2742 368 382 161 dag
2960 368 655 161 pantsatt
3452 368 273 161 å
3561 368 655 161 Majornas
3997 368 437 161 ofvan¬-

2601 464 506 207 namde
2938 464 1068 207 pantlånekontor;
3837 464 450 207 samt
4062 464 281 207 att

2596 555 367 199 han
2805 555 367 199 den
3015 555 314 199 12
3172 555 314 199 ds
3329 555 262 199 i
3434 555 524 199 afsigt
3801 555 367 199 att
3958 555 419 199 stjäla

2605 697 526 188 uppgått
2987 697 239 188 å
3083 697 478 188 vinden
3418 697 382 188 till
3656 697 430 188 huset
3943 697 287 188 No
4087 697 287 188 30
4182 697 239 188 vid

2603 833 795 215 Westergatan,
3249 833 348 215 der
3448 833 348 215 han
3647 833 547 215 medelst
4044 833 298 215 en
4144 833 298 215 käpp

2573 943 303 217 ur
2724 943 303 217 en
2875 943 353 217 der
3077 943 656 217 befintlig
3582 943 505 217 skrubb
3885 943 505 217 utdragit

2588 1063 341 230 två
2783 1063 535 230 kjolar,
3172 1063 341 230 men
3367 1063 292 230 då
3513 1063 341 230 han
3707 1063 389 230 sett
3951 1063 341 230 ett
4096 1063 341 230 frun¬-

2593 1231 642 157 timmer
3042 1231 577 157 komma
3427 1231 449 157 upp
3683 1231 385 157 på
3812 1231 513 157 vinden

2593 1320 506 195 kastat
2947 1320 708 195 kjortlarne
3504 1320 455 195 bakom
3807 1320 303 195 en
3959 1320 354 195 der
4111 1320 303 195 stå¬-

2590 1440 422 160 ende
2854 1440 527 160 kista,
3223 1440 369 160 och
3434 1440 685 160 skyndsamt
3908 1440 475 160 aflags¬-

2598 1542 344 208 nat
2794 1542 393 208 sig,
3040 1542 393 208 samt
3285 1542 344 208 att
3482 1542 344 208 han
3678 1542 540 208 användt
4071 1542 295 208 de
4169 1542 246 208 så¬-

2613 1643 431 201 lunda
2900 1643 574 201 erhållna
3331 1643 718 201 penningarne
3905 1643 383 201 till
4097 1643 335 201 lifs¬-

2597 1771 516 187 medel,
2959 1771 362 187 och
3165 1771 826 187 sönderrifvit
3837 1771 465 187 eller
4095 1771 310 187 upp¬-

2612 1937 461 161 bränt
2868 1937 769 161 pantsedlarne.

2658 1976 556 194 Deremot
3062 1976 354 194 har
3264 1976 657 194 Bengtsson
3769 1976 606 194 förnekat
4173 1976 253 194 att

2599 2089 380 212 han
2816 2089 761 212 tillgripit
3414 2089 706 212 Brovakten
3903 2089 489 212 Olssons

2611 2218 981 217 ifrågavarande
3361 2218 462 217 frack.

2700 2328 630 176 Samtlige
3172 2328 315 176 de
3329 2328 892 176 ifrågavarande
4012 2328 367 176 pant¬-

2611 2432 446 169 satte
2909 2432 1040 169 klädespersedlarne
3800 2432 446 169 hafva
4048 2432 347 169 blif¬-

2609 2531 355 178 vit
2812 2531 304 178 af
2964 2531 710 178 målsegarne
3522 2531 558 178 utlöste
3877 2531 152 178 .

2697 2581 328 240 På
2861 2581 493 240 grund
3190 2581 328 240 af
3354 2581 438 240 hvad
3628 2581 602 240 sålunda
4011 2581 383 240 före¬-

2602 2706 514 191 kommit
2961 2706 514 191 kommer
3321 2706 514 191 Ernst.
3680 2706 514 191 Victor
3989 2706 462 191 Bengts¬-

2612 2824 353 191 son,
2833 2824 309 191 att
3009 2824 397 191 denna
3274 2824 309 191 dag
3451 2824 309 191 för
3627 2824 397 191 PoKen
3848 2824 530 191 inställas.

3204 2946 490 215 Göteborg
3572 2946 286 215 den
3735 2946 245 215 26
3857 2946 449 215 Novemb:
4143 2946 286 215 1880.

4373 3056 375 184 No
4498 3056 313 184 246

4403 3221 342 136 Johan
4593 3221 266 136 Peter

4354 3314 500 171 Bengtsson

2622 3101 466 199 Efter
2933 3101 725 199 angifvelse
3502 3101 311 199 af
3606 3101 725 199 Arbetskarlen

2594 3206 606 198 Johannes
3049 3206 657 198 Johansson
3554 3206 404 198 från
3807 3206 505 198 gården
4110 3206 303 198 Ugg¬-

2597 3301 458 193 ledal
2902 3301 254 193 i
3004 3301 509 193 Askims
3360 3301 305 193 Sn
3513 3301 356 193 har
3666 3301 712 193 Poliskonsta¬-

2593 3425 440 187 peln
2868 3425 330 187 No
3033 3425 385 187 141
3253 3425 825 187 Hendenström
3858 3425 550 187 Onsdagen

2595 3529 374 174 den
2808 3529 321 174 24
2969 3529 321 174 ds
3129 3529 374 174 vid
3343 3529 856 174 middagstiden
4039 3529 267 174 å
4092 3529 321 174 Öfre

2602 3640 924 238 Magasinsgatan,
3372 3640 616 238 anhållit
3834 3640 462 238 förre
4091 3640 308 238 Sjö¬
