5102 4058
512 264 350 103 två
712 264 650 103 divanbord
1212 264 450 103 värde
1512 264 250 103 8
1612 264 500 103 kronor
1912 264 450 103 stycket

519 402 289 93 och
684 402 289 93 ett
849 402 619 93 åttakantigt
1344 402 619 93 fönsterbord
1839 402 371 93 värdt
2086 402 247 93 4.
2169 402 247 93 kro¬-

450 538 276 52 nor.

675 584 1043 54 Detektivkonstapeln
1576 584 474 54 Andrén
1908 584 332 54 har
2050 584 332 54 åter¬-

511 664 511 95 funnet
868 664 766 95 ifrågakomne
1481 664 408 95 bord
1736 664 664 95 pantsatta

512 780 334 91 det
703 780 334 91 ena
894 780 715 91 divanbordet
1466 780 334 91 den
1656 780 286 91 29
1752 780 524 91 sistlidne

498 888 595 93 November
945 888 347 93 för
1143 888 248 93 5
1242 888 545 93 kronor,
1638 888 397 93 samt
1886 888 347 93 det
2035 888 347 93 andra

514 1008 695 91 divanbordet
1070 1008 325 91 och
1255 1008 788 91 fönsterbordet
1904 1008 325 91 den
2090 1008 232 91 5
2136 1008 232 91 De¬-

509 1118 511 91 cember
867 1118 358 91 för
1071 1118 767 91 tillsammans
1685 1118 256 91 6
1787 1118 511 91 kronor
2094 1118 256 91 hos

504 1240 718 95 pantlånaren
1079 1240 287 95 P.
1222 1240 239 95 J
1318 1240 479 95 Osberg
1654 1240 239 95 i
1749 1240 431 95 huset
2037 1240 287 95 No
2132 1240 192 95 1.

508 1360 353 101 vid
709 1360 756 101 Jerntorget,
1314 1360 554 101 hvilken
1717 1360 554 101 upplyst
2070 1360 252 101 att

503 1478 506 109 borden
858 1478 658 109 pantsatts
1364 1478 304 109 af
1516 1478 354 109 fre
1668 1478 658 109 Bokhållaren

521 1607 517 74 Johan
865 1607 574 74 Henrik
1209 1607 689 74 Johansson.

590 1700 261 68 I
694 1700 678 68 anledning
1216 1700 470 68 häraf
1529 1700 365 68 har
1686 1700 626 68 ofvannämde

518 1792 621 87 Johansson
996 1792 334 87 här
1187 1792 239 87 i
1283 1792 478 87 staden
1617 1792 526 87 blifvit
1952 1792 382 87 efter¬-

487 1898 477 93 sökt,
805 1898 371 93 men
1017 1898 318 93 ej
1176 1898 530 93 kunnat
1493 1898 689 93 anträffats.

588 2022 291 91 Då
733 2022 242 91 i
830 2022 388 91 P.U.
1072 2022 339 91 för
1266 2022 339 91 den
1460 2022 242 91 7
1556 2022 630 91 sistlidne
1992 2022 388 91 Febru¬-

500 2140 309 93 are
677 2140 265 93 No
809 2140 265 93 16
942 2140 265 93 B.
1074 2140 265 93 p.
1207 2140 221 93 5
1295 2140 619 93 uppgifvits
1781 2140 309 93 att
1958 2140 309 93 fre
2091 2140 265 93 Bok¬-

480 2242 599 97 hållaren
930 2242 450 97 Johan
1229 2242 499 97 Henrik
1579 2242 649 97 Johansson
2028 2242 350 97 blif¬-

485 2361 346 85 vit
682 2361 247 85 i
781 2361 643 85 Stockholm
1276 2361 495 85 häktad
1622 2361 346 85 för
1770 2361 594 85 lösdrifve¬-

493 2459 283 93 ri
634 2459 330 93 och
823 2459 613 93 snatteri,
1294 2459 471 93 afläts
1624 2459 330 93 den
1812 2459 283 93 10
1954 2459 236 93 i
2048 2459 424 93 samma

487 2564 474 101 månad
803 2564 737 101 skrifvelse
1382 2564 421 101 till
1593 2564 789 101 Stadsfiskalen

490 2682 289 105 P.
634 2682 627 105 Sederborg
1117 2682 627 105 derstädes
1599 2682 337 105 med
1791 2682 530 105 begäran
2129 2682 241 105 att

510 2798 722 93 Johansson
1066 2798 500 93 efter
1399 2798 556 93 slutad
1733 2798 611 93 ransaknig

466 2912 290 87 i
582 2912 755 87 Stockholm
1163 2912 523 87 måtte
1511 2912 523 87 varda
1801 2912 523 87 hitsänd

501 3022 358 91 för
705 3022 358 91 att
910 3022 562 91 ställas
1318 3022 409 91 till
1574 3022 511 91 ansvar
1931 3022 358 91 för
2085 3022 255 91 det

485 3128 470 95 från
779 3128 1058 95 Möbelhandlaren
1661 3128 588 95 Andrén
2013 3128 353 95 för¬-

487 3236 532 105 öfvade
859 3236 851 105 tillgreppet,
1550 3236 372 105 och
1763 3236 372 105 har
1923 3236 425 105 Kungl.

483 3356 1030 101 Öfverståthållare
1358 3356 567 101 Embetet
1770 3356 258 101 i
1822 3356 567 101 Stockholm

491 3494 359 45 med
696 3494 308 45 en
850 3494 872 45 fångtransport
1568 3494 462 45 låtit
1825 3494 513 45 hitsända

514 3542 411 47 hvarjemte
831 3542 285 47 honom
1020 3542 380 47 angående
1305 3542 443 47 handlingar
1653 3542 348 47 blifvit
1906 3542 221 47 hit
2001 3542 443 47 öfverlemnade

511 3607 764 64 Johansson,
1111 3607 600 64 hvilken
1548 3607 382 64 för
1711 3607 655 64 undergåen¬-

474 3698 297 95 de
623 3698 297 95 af
772 3698 495 95 förhör
1118 3698 446 95 varit
1415 3698 396 95 från
1613 3698 743 95 Cellfängelset

2703 277 813 106 utreqvirerad
3364 277 356 106 har
3567 277 508 106 dervid
3923 277 610 106 vidgått,
4330 277 254 106 att

2676 389 390 108 han
2899 389 501 108 sedan
3233 389 557 108 midten
3623 389 334 108 af
3790 389 724 108 sistlidne
4292 389 278 108 Ok¬-

2665 497 533 120 tober
3020 497 533 120 månad
3375 497 474 120 bott
3672 497 415 120 hos
3909 497 592 120 Andrén
4264 497 296 120 och

2681 603 517 132 biträdt
3057 603 423 132 denne
3339 603 235 132 å
3433 603 658 132 Jerntorget
3951 603 329 132 med
4092 603 470 132 försälj¬-

2670 723 430 122 ning
2939 723 322 122 af
3100 723 591 122 möbler,
3530 723 376 122 att
3744 723 376 122 han
3959 723 322 122 af
4120 723 322 122 de
4228 723 322 122 möb¬-

2679 839 369 142 ler
2890 839 369 142 han
3101 839 369 142 för
3312 839 580 142 Andréns
3733 839 580 142 räkning
4102 839 422 142 skolat

2699 965 592 142 försälja
3143 965 345 142 hos
3340 965 740 142 pantlånaren
3932 965 494 142 Osberg
4229 965 345 142 pant¬-

2669 1109 378 116 satt
2905 1109 331 116 ett
3094 1109 614 116 divanbord
3566 1109 331 116 den
3755 1109 283 116 29
3897 1109 614 116 sistlidne
4322 1109 236 116 No¬-

2665 1229 490 114 vember
3008 1229 343 114 för
3204 1229 245 114 5
3302 1229 539 114 kronor,
3695 1229 343 114 och
3891 1229 343 114 den
4087 1229 245 114 5
4136 1229 392 114 sistl.

2673 1363 642 114 December,
3167 1363 346 114 ett
3364 1363 692 114 divanbord,
3908 1363 346 114 och
4105 1363 346 114 ett
4254 1363 296 114 fön¬-

2679 1467 608 112 sterbord
3136 1467 355 112 för
3338 1467 761 112 tillsammans
3947 1467 254 112 6
3998 1467 456 112 kronor,

2668 1591 350 106 att
2868 1591 350 106 han
3068 1591 250 106 i
3168 1591 501 106 afsigt
3519 1591 350 106 att
3719 1591 400 106 söka
3919 1591 651 106 anställning

2681 1727 341 102 den
2876 1727 293 102 19
3023 1727 634 102 sistlidne
3510 1727 585 102 December
3949 1727 488 102 afrest
4241 1727 293 102 till

2658 1843 675 106 Stockholm,
3188 1843 337 106 der
3381 1843 337 106 han
3574 1843 337 106 den
3767 1843 241 106 4
3863 1843 482 106 sistl.
4152 1843 386 106 Febru¬-

2673 1951 329 122 ari
2861 1951 517 122 häktats
3237 1951 329 122 för
3425 1951 705 122 lösdrifveri
3990 1951 329 122 och
4131 1951 423 122 snatte¬-

2669 2069 332 112 ri;
2858 2069 379 112 samt
3095 2069 332 112 att
3285 2069 332 112 han
3475 2069 522 112 användt
3854 2069 285 112 de
3997 2069 427 112 genom
4234 2069 332 112 pant¬-

2658 2178 695 120 sättningen
3204 2178 595 120 erhållne
3651 2178 744 120 penningarne
4196 2178 298 120 till

2569 2319 417 74 mat.

2823 2358 329 116 På
2988 2358 493 116 grund
3316 2358 329 116 af
3481 2358 438 116 hvad
3755 2358 603 116 sålunda
4138 2358 384 116 före¬-

2638 2456 634 126 kommit,
3099 2456 576 126 kommer
3503 2456 519 126 Johan
3848 2456 576 126 Henrik
4194 2456 288 126 Jo¬-

2647 2544 585 147 hansson
3072 2544 372 147 att
3285 2544 479 147 denna
3604 2544 372 147 dag
3817 2544 372 147 för
3977 2544 585 147 Poliskam¬-

2645 2682 500 106 maren
2922 2682 666 106 inställas.

3185 2754 560 73 Göteborg
3606 2754 327 73 den
3792 2754 280 73 2a
3979 2754 374 73 Mars
4166 2754 327 73 1880.

4522 2796 338 90 No
4634 2796 282 90 49.

4567 2901 296 77 Johannes
4764 2901 222 77 Jakobs¬-

4556 2998 120 58 son.

2636 2847 578 152 Ogifta
3041 2847 578 152 Lovisa
3445 2847 693 152 Beckman,
3965 2847 578 152 boende
4312 2847 173 152 i

2664 2953 403 149 huet
2915 2953 302 149 No
3066 2953 252 149 7
3167 2953 352 149 vid
3368 2953 654 149 Torggatan
3872 2953 352 149 har
4023 2953 503 149 Onsdagen

2650 3059 348 155 den
2849 3059 298 155 28
2998 3059 497 155 sistl.
3346 3059 546 155 Januari
3743 3059 497 155 anmält
4091 3059 348 155 att
4240 3059 298 155 Lör¬-

2649 3165 516 152 dagen
2993 3165 402 152 den
3222 3165 344 152 24
3395 3165 287 152 i
3509 3165 516 152 samma
3854 3165 516 152 månad
4198 3165 344 152 ur
4313 3165 230 152 en

2655 3289 971 136 symaskinslåda
3454 3289 285 136 i
3568 3289 685 136 Beckmans
4025 3289 457 136 bostad

2675 3399 424 128 från
2940 3399 476 128 henne
3257 3399 794 128 tillgripits
3893 3399 318 128 en
3999 3399 529 128 pincenez

2655 3503 369 124 med
2866 3503 475 124 bågar
3183 3503 316 124 af
3341 3503 738 124 sköldpadd,
3921 3503 422 124 vard
4185 3503 264 124 6
4238 3503 316 124 kro¬-

2650 3614 399 116 nor,
2900 3614 399 116 samt
3149 3614 349 116 att
3349 3614 349 116 han
3548 3614 349 116 för
3748 3614 449 116 detta
3997 3614 549 116 tillgrepp

2640 3710 778 110 misstänkte
3252 3710 945 110 Jernarbetaren
3974 3710 556 110 Johannes
