5062 4060
472 212 290 77 en
617 212 676 77 Arbetskarl
1148 212 338 77 vid
1341 212 386 77 namn
1583 212 483 77 Anders
1873 212 531 77 Andersson

508 279 279 54 boende
703 279 139 54 i
759 279 586 54 Snickeriarbetarne
1261 279 335 54 Larssons
1512 279 195 54 hus
1623 279 139 54 i
1679 279 223 54 s.k.
1819 279 446 54 Tjörbostaden
2181 279 139 54 i
2209 279 251 54 Örgryte

486 335 450 68 sagde
786 335 350 68 dag
985 335 300 68 på
1135 335 350 68 e.m
1335 335 899 68 öfverenskommit
2034 335 300 68 för¬-

494 457 500 66 skaffa
844 457 350 66 sig
994 457 450 66 bränsle

1363 400 315 45 hvadan

1656 451 436 46 August
1918 451 480 46 Andersson

1555 562 431 65 lånat
1843 562 288 65 en
1987 562 336 65 såg
2130 562 240 65 och

502 670 275 97 en
640 670 366 97 yxa,
868 670 595 97 hvarefter
1326 670 320 97 han
1509 670 320 97 och
1692 670 458 97 Anders
1966 670 412 97 Anders¬-

504 782 349 107 son
704 782 599 107 begifvit
1153 782 349 107 sig
1352 782 399 107 till
1602 782 299 107 en
1751 782 249 107 å
1801 782 549 107 Hultmans¬-

510 880 450 119 holme
810 880 549 119 upplagd
1209 880 649 119 timmerhög
1709 880 350 119 der
1909 880 300 119 de
2008 880 350 119 till¬-

517 1002 470 109 gripit
846 1002 376 109 samt
1081 1002 705 109 söndersågat
1646 1002 329 109 och
1787 1002 611 109 sönderkluf¬-

510 1116 348 127 vit
709 1116 348 127 ett
908 1116 646 127 påltimmer
1405 1116 298 127 af
1554 1116 547 127 omkring
1952 1116 298 127 15
2052 1116 298 127 fots

495 1283 514 54 längd;
854 1283 411 54 samt
1060 1283 257 54 att

1238 1227 192 43 då

1359 1263 260 51 de
1489 1263 433 51 dermed
1792 1263 390 51 varit
2008 1263 390 51 syssel¬-

505 1366 391 105 satte
765 1366 435 105 August
1070 1366 565 105 Andersson
1504 1366 478 105 blifvit
1852 1366 261 105 af
1939 1366 435 105 Andreas¬-

496 1486 337 113 son
688 1486 626 113 fasttagen
1170 1486 578 113 hvaremot
1603 1486 482 113 Anders
1892 1486 530 113 Andersson

516 1618 573 93 lyckats
881 1618 573 93 undkomma.

487 1712 225 117 I
577 1712 584 117 anledning
1026 1712 405 117 häraf
1296 1712 315 117 har
1476 1712 674 117 Poliskonst.
2015 1712 270 117 No
2105 1712 225 117 61.

477 1821 567 103 Lundgren
902 1821 331 103 den
1091 1821 284 103 14
1233 1821 284 103 ds
1375 1821 567 103 anhållit
1753 1821 615 103 ofvannämnde

493 1924 495 107 Anders
839 1924 693 107 Andersson,
1334 1924 445 107 hvilken

1690 1864 207 46 till
1819 1864 207 46 alla
1923 1864 181 46 delar

1807 1918 474 43 vitsordat
2135 1918 292 43 August

471 2010 687 143 Anderssons
1011 2010 687 143 berättelse
1551 2010 246 143 i
1649 2010 393 143 hvad
1895 2010 442 143 honom
2140 2010 246 143 an¬-

445 2190 427 61 ginge.

494 2256 729 115 Byggmästaren
1087 2256 273 115 J.
1223 2256 410 115 Dähn,
1497 2256 319 115 som
1679 2256 319 115 har
1861 2256 364 115 sitt
2044 2256 364 115 kontor

546 2371 232 99 i
638 2371 417 99 huset
916 2371 278 99 No
1055 2371 278 99 38
1194 2371 324 99 vid
1379 2371 602 99 Wallgatan
1843 2371 324 99 har
1981 2371 371 99 anmält

507 2539 123 35 att

650 2413 250 102 ur
775 2413 250 102 en
900 2413 208 102 å
984 2413 500 102 Hultmans
1358 2413 375 102 holme
1608 2413 458 102 upplagd
1900 2413 458 102 timmerhög

655 2475 431 92 utom
925 2475 809 92 ifrågakomne
1571 2475 701 92 påltimmer
2057 2475 270 92 vid

516 2613 377 64 olika
726 2613 503 64 tillfällen

1136 2547 254 51 från
1263 2547 223 51 honom

1264 2597 448 50 tillgripits

1629 2532 309 45 jemväl

1743 2578 371 56 sex
1902 2578 424 56 dylika

508 2670 483 105 timmer
846 2670 435 105 värda
1135 2670 724 105 tillsammans
1715 2670 290 105 18
1811 2670 435 105 Kronor.

499 2788 592 87 Följande
943 2788 592 87 personer
1386 2788 444 87 hafva
1633 2788 493 87 upplyst:

502 2898 529 97 Hustrun
886 2898 625 97 Elisabeth
1367 2898 625 97 Börjesson
1847 2898 336 97 och
1992 2898 384 97 ogifta

474 3026 320 79 Anna
674 3026 520 79 Charlotta
1074 3026 480 79 Larsson,
1434 3026 320 79 båda
1634 3026 400 79 boende
1914 3026 200 79 i
1994 3026 360 79 huset
2194 3026 160 79 No

508 3132 289 99 23
652 3132 337 99 vid
845 3132 914 99 Spannmålsgatan,
1614 3132 337 99 att
1807 3132 289 99 de
1903 3132 481 99 Lördagen

499 3263 330 76 den
687 3263 283 76 10
829 3263 283 76 ds
970 3263 283 76 på
1112 3263 377 76 e.m.
1348 3263 377 76 sett
1583 3263 472 76 August
1913 3263 613 76 Andersson

471 3407 187 46 och

595 3343 283 50 Anders

709 3380 650 70 Andersson
1209 3380 400 70 bära
1459 3380 400 70 hvar
1710 3380 350 70 sin
1910 3380 450 70 börda
2160 3380 250 70 wed

488 3468 365 105 som
697 3468 313 105 de
853 3468 365 105 sok
1062 3468 626 105 utbjudit
1531 3468 417 105 till
1792 3468 470 105 salu;
2053 3468 313 105 samt

495 3580 346 91 att
692 3580 444 91 weden
988 3580 494 91 liknat
1334 3580 839 91 sönderklufvet
1976 3580 444 91 timmer.

485 3686 510 89 August
842 3686 663 89 Andersson
1352 3686 357 89 och
1555 3686 510 89 Anders
1861 3686 561 89 Andersson

2705 188 456 102 härom
3009 188 456 102 hörde
3313 188 456 102 hafva
3617 188 658 102 uppgifvit
4123 188 354 102 att
4275 188 253 102 den

2707 306 391 86 ved,
2951 306 342 86 som
3147 306 293 86 de
3293 306 586 86 Lördagen
3733 306 342 86 den
3929 306 293 86 10
4075 306 293 86 ds
4173 306 293 86 till

2699 418 390 90 salu
2943 418 584 90 utbjudit
3381 418 584 90 utgjorts
3819 418 292 90 af
3917 418 633 90 wedstycken,

2681 560 386 74 som
2902 560 331 74 de
3067 560 717 74 uppsamlat
3619 560 276 74 å
3674 560 828 74 Hultmansholme

2673 656 377 94 samt
2909 656 330 94 att
3097 656 283 94 de
3238 656 283 94 ej
3380 656 660 94 tillgripit
3851 656 330 94 något

4220 614 248 38 vidare

2687 722 684 139 påltimmer
3213 722 316 139 än
3371 722 421 139 det,
3634 722 368 139 som
3844 722 316 139 de
4002 722 368 139 den
4212 722 316 139 13
4318 722 210 139 ds

2670 851 548 97 söndersågat.

2690 885 299 155 På
2840 885 448 155 grund
3138 885 299 155 af
3288 885 398 155 hvad
3536 885 548 155 sålunda
3885 885 647 155 förekommit,

2708 973 483 147 komma
3030 973 536 147 August
3406 973 697 147 Andersson
3942 973 375 147 och
4103 973 429 147 Anders

2683 1058 662 156 Andersson,
3203 1058 331 156 att
3392 1058 425 156 denna
3675 1058 331 156 dag
3864 1058 425 156 inför
4148 1058 331 156 Pkn
4290 1058 236 156 in¬-

2708 1158 552 152 ställas.
3122 1158 552 152 Göteborg
3536 1158 322 152 den
3720 1158 276 152 15
3858 1158 414 152 April
4088 1158 322 152 1880.

4524 1505 262 81 No
4612 1505 218 81 83.

4514 1642 216 62 Albin
4658 1642 216 62 Georg
4778 1642 168 62 Eugén

4519 1718 281 68 Torén
4675 1718 219 68 m.fl.

2751 1542 591 84 Nedannämnde
3224 1542 473 84 personer
3578 1542 355 84 hafva
3775 1542 355 84 anmält:

2641 1650 189 94 1o
2735 1650 409 94 Ynglingen
3050 1650 283 94 Adolf
3239 1650 409 94 Ferdinand
3554 1650 378 94 Meisner,
3837 1650 315 94 boende
4057 1650 157 94 i
4120 1650 283 94 huset
4309 1650 189 94 No
4372 1650 126 94 20

2623 1754 203 114 vid
2739 1754 435 114 Kungsgatan,
3087 1754 203 114 att
3204 1754 203 114 den
3320 1754 174 114 19
3407 1754 290 114 sistl.
3610 1754 348 114 November
3871 1754 319 114 omkring
4104 1754 174 114 kl
4191 1754 145 114 8
4249 1754 232 114 e.m.
4365 1754 145 114 un¬-

2616 1860 225 128 der
2744 1860 225 128 det
2873 1860 225 128 han
3001 1860 449 128 uppehållit
3354 1860 225 128 sig
3483 1860 161 128 å
3547 1860 642 128 Folkbibliotheket
4093 1860 161 128 i
4157 1860 257 128 Haga
4317 1860 161 128 i
4349 1860 193 128 tam¬-

2627 1968 278 126 buren
2813 1968 402 126 derstädes
3122 1968 247 126 från
3276 1968 278 126 honom
3461 1968 464 126 tillgripits
3832 1968 216 126 ett
3956 1968 216 126 par
4079 1968 402 126 skridskor
4358 1968 155 126 med

2617 2102 266 106 gula
2783 2102 532 106 läderremmar,
3215 2102 299 106 värda
3415 2102 233 106 Sex
3515 2102 299 106 Kronor;

2602 2186 190 140 2o
2697 2186 474 140 Bokhållaren
3076 2186 348 140 Charles
3329 2186 379 140 Jansson,
3614 2186 316 140 boende
3835 2186 158 140 i
3898 2186 284 140 huset
4088 2186 190 140 No
4182 2186 190 140 33
4277 2186 221 140 vid
4372 2186 158 140 Ny¬-

2628 2284 266 154 gatan
2806 2284 148 154 i
2865 2284 266 154 Haga,
3042 2284 207 154 att
3160 2284 207 154 den
3278 2284 148 154 9
3337 2284 384 154 sistlidne
3632 2284 236 154 Mars
3780 2284 207 154 kl.
3898 2284 325 154 emellan
4134 2284 236 154 12-1
4282 2284 266 154 midd.
4429 2284 89 154 i

2613 2404 342 142 berörde
2861 2404 435 142 Bibliothek
3203 2404 186 142 ur
3296 2404 186 142 en
3389 2404 279 142 ficka
3575 2404 155 142 i
3638 2404 248 142 hans
3793 2404 435 142 öfverrock,
4134 2404 217 142 som
4259 2404 279 142 hängt
4414 2404 124 142 på

2639 2520 307 138 väggen
2854 2520 153 138 i
2915 2520 399 138 tamburen,
3222 2520 245 138 från
3375 2520 276 138 honom
3559 2520 460 138 tillgripits
3927 2520 245 138 dels
4081 2520 184 138 en
4173 2520 245 138 brun
4295 2520 215 138 port¬-

2614 2630 383 138 monnaie,
2901 2630 511 138 innehållande
3317 2630 287 138 några
3508 2630 543 138 kopparslantar
3955 2630 224 138 och
4083 2630 255 138 dels
4243 2630 192 138 en
4306 2630 224 138 mörk¬-

2615 2754 264 116 brun
2780 2754 528 116 sjöskumspipa
3209 2754 231 116 med
3341 2754 297 116 krökt
3539 2754 297 116 skaft
3736 2754 231 116 och
3835 2754 693 116 bernstensmunstycke,

2611 2856 488 128 tillsammans
3002 2856 293 128 värdt
3197 2856 195 128 18
3295 2856 326 128 Kronor
3523 2856 260 128 samt
3686 2856 228 128 att
3816 2856 195 128 då
3914 2856 228 128 han
4044 2856 228 128 den
4174 2856 195 128 12
4272 2856 163 128 i
4304 2856 228 128 samma

2611 2978 297 126 månad
2809 2978 264 126 åter
2974 2978 330 126 besökt
3205 2978 561 126 Bibliotheket,
3668 2978 231 126 han
3800 2978 528 126 återbekommit
4196 2978 330 126 portmon¬-

2623 3088 317 122 naien
2834 3088 246 122 och
2975 3088 598 122 sjöskumspipan
3467 3088 317 122 jemte
3679 3088 493 122 upplysning
4066 3088 246 122 att
4171 3088 317 122 desamma

2608 3206 285 128 dagen
2798 3206 285 128 förut
2988 3206 190 128 af
3083 3206 190 128 en
3178 3206 348 128 obekant
3431 3206 316 128 person
3652 3206 348 128 inlagts
3905 3206 158 128 i
3968 3206 443 128 läsrummet,
4285 3206 221 128 invi¬-

2601 3352 250 100 rade
2757 3352 156 100 i
2820 3352 219 100 ett
2945 3352 532 100 tidningsblad;
3352 3352 156 100 och

2602 3442 575 106 3oArbetskarlen
3081 3442 255 106 Carl
3241 3442 287 106 Johan
3432 3442 447 106 Bengtsson,
3784 3442 319 106 boende
4007 3442 160 106 i
4071 3442 287 106 huset
4263 3442 192 106 No
4358 3442 192 106 60
4422 3442 128 106 af

2604 3566 355 94 Majornas
2871 3566 207 94 5te
2989 3566 266 94 rote,
3166 3566 207 94 att
3284 3566 207 94 vid
3403 3566 266 94 något
3580 3566 384 94 tillfälle
3876 3566 266 94 sedan
4053 3566 207 94 den
4171 3566 148 94 9
4230 3566 296 94 dennes
4408 3566 118 94 ur

2615 3676 187 94 en
2708 3676 250 94 låst
2865 3676 437 94 chiffonier
3208 3676 156 94 i
3270 3676 250 94 hans
3427 3676 437 94 boningsrum
3770 3676 250 94 från
3926 3676 281 94 honom
4082 3676 406 94 tillgripits

2606 3784 180 90 75
2696 3784 330 90 Kronor,
2936 3784 300 90 hvaraf
3145 3784 180 90 en
3235 3784 270 90 sedel
3415 3784 150 90 å
3475 3784 180 90 50
3565 3784 330 90 Kronor,
3805 3784 210 90 två
3925 3784 300 90 sedlar
4134 3784 150 90 å
4194 3784 180 90 10
4254 3784 240 90 Kronor
