4986 4076
497 237 369 132 som
708 237 316 132 då
866 237 844 132 varseblifvit
1552 237 316 132 en
1657 237 633 132 mansperson

508 346 526 180 bärande
891 346 287 180 en
1034 346 383 180 säck
1273 346 383 180 råg,
1512 346 383 180 från
1751 346 335 180 ett
1943 346 287 180 af
2038 346 335 180 maga¬-

487 459 439 183 sinen
780 459 390 183 till
1024 459 439 183 Södra
1317 459 634 183 Hamngatan
1804 459 341 183 och
2000 459 244 183 i
2048 459 293 183 går¬-

499 564 346 210 den
696 564 396 210 till
944 564 445 210 huset
1241 564 297 210 No
1389 564 297 210 63
1538 564 346 210 vid
1736 564 445 210 samma
1983 564 297 210 gata

489 691 558 167 hvarest
895 691 507 167 sacken
1250 691 608 167 nedlades
1706 691 608 167 anhållit
2112 691 253 167 be¬-

494 870 476 143 mälde
811 870 529 143 person
1181 870 581 143 hvilken
1604 870 687 143 befunnits
2080 870 317 143 vara

488 950 839 190 Arbetskarlen
1169 950 419 190 Carl
1431 950 577 190 Larsson
1798 950 577 190 Fagerberg

490 1075 497 192 boende
838 1075 248 192 i
937 1075 447 192 Enkan
1235 1075 646 192 Wåganders
1732 1075 348 192 hus
1931 1075 248 192 i
1980 1075 348 192 Möln¬-

506 1213 355 177 dal
709 1213 355 177 och
912 1213 508 177 uppgaf
1268 1213 660 177 Fagerberg
1776 1213 508 177 dervid
2080 1213 254 177 att

474 1339 370 177 han
685 1339 423 177 kort
950 1339 475 177 förut
1267 1339 423 177 köpt
1531 1339 475 177 rågen
1848 1339 317 177 på
1953 1339 423 177 Drott¬-

473 1489 686 156 ninggatan
1001 1489 316 156 af
1159 1489 316 156 en
1317 1489 580 156 obekant
1739 1489 580 156 Yngling
2108 1489 264 156 för

481 1582 323 93 5
546 1582 581 93 kronor.

688 1639 626 164 Tisdagen
1158 1639 365 164 den
1366 1639 261 164 6
1471 1639 522 164 dennes
1784 1639 470 164 anmälte

489 1734 721 159 Handlanden
1056 1734 309 159 L.
1211 1734 309 159 J.
1365 1734 670 159 Gaddelius
1880 1734 515 159 boende
2189 1734 155 159 i

498 1895 429 141 huset
784 1895 286 141 No
927 1895 238 141 9
1023 1895 334 141 vid
1214 1895 620 141 Torggatan
1690 1895 334 141 att
1833 1895 525 141 derförut¬-

476 2019 555 113 gångne
865 2019 389 113 dag
1087 2019 333 113 på
1254 2019 333 113 fm
1421 2019 333 113 en
1587 2019 611 113 obekant
1976 2019 389 113 mans¬-

478 2092 510 192 person
835 2092 255 192 i
937 2092 561 192 hvilken
1345 2092 357 192 han
1550 2092 510 192 numera
1856 2092 510 192 igenkän¬-

470 2180 366 197 ner
679 2180 680 197 Fagerberg
1202 2180 627 197 inkommit
1672 2180 261 197 i
1777 2180 418 197 hans
1986 2180 366 197 salu¬-

475 2306 358 187 bod
679 2306 358 187 och
884 2306 409 187 till
1139 2306 409 187 salu
1395 2306 613 187 utbjudit
1855 2306 307 187 en
1957 2306 307 187 säck

486 2420 425 123 korn
752 2420 479 123 hvarå
1071 2420 372 123 han
1284 2420 585 123 medfört
1709 2420 425 123 prof
1922 2420 372 123 under

483 2523 508 173 uppgift
852 2523 323 173 att
1037 2523 462 173 kornet
1360 2523 600 173 tillhörde
1822 2523 369 173 hans
2007 2523 323 173 förre

479 2671 630 145 husbonde
951 2671 315 145 en
1109 2671 840 145 hemmansegare
1791 2671 420 145 från
2001 2671 315 145 lan¬-

477 2790 366 192 det,
706 2790 320 192 som
889 2790 320 192 för
1071 2790 640 192 tillfället
1574 2790 594 192 uppehölle
2031 2790 320 192 sig
2168 2790 137 192 i

467 2937 528 146 staden
837 2937 369 146 och
1048 2937 528 146 lemnat
1417 2937 475 146 honom
1734 2937 580 146 uppdrag
2103 2937 264 146 att

489 3056 580 132 försälga
924 3056 629 132 detsamma,
1408 3056 339 132 att
1601 3056 435 132 sedan
1843 3056 532 132 Gaddelins

483 3142 491 174 kommit
826 3142 589 174 öfverens
1268 3142 343 174 med
1464 3142 638 174 Fagerberg
1955 3142 343 174 att
2102 3142 245 174 kö¬-

482 3257 279 199 pa
622 3257 465 199 kornet
948 3257 419 199 efter
1227 3257 233 199 1
1320 3257 419 199 krona
1599 3257 279 199 L℔
1738 3257 605 199 Fagerberg
2157 3257 186 199 då

473 3389 389 178 fört
716 3389 292 178 en
862 3389 389 178 säck
1105 3389 389 178 korn
1349 3389 389 178 till
1592 3389 681 178 Gaddelius,
2078 3389 243 178 som

487 3501 490 206 lofvat
830 3501 490 206 betala
1173 3501 343 206 det
1369 3501 294 206 om
1515 3501 637 206 Fagerberg
1956 3501 392 206 hemta¬-

484 3640 280 166 de
624 3640 326 166 dit
811 3640 466 166 egaren
1137 3640 419 166 eller
1416 3640 373 166 från
1649 3640 419 166 denne
1882 3640 466 166 skaffade

478 3750 504 152 sådant
831 3750 454 152 bevis
1133 3750 353 152 som
1335 3750 655 152 bestyrkte
1788 3750 555 152 uppdraget

2610 299 341 178 att
2805 299 633 178 Fagerberg
3292 299 292 178 då
3438 299 438 178 efter
3730 299 292 178 en
3876 299 438 178 stund
4119 299 341 178 åter¬-

2609 417 510 141 kommit
2966 417 357 141 och
3170 417 663 141 förklarat
3681 417 357 141 att
3885 417 510 141 egaren
4191 417 204 141 ej

2605 520 410 135 hade
2861 520 666 135 tillfälle
3373 520 358 135 att
3578 520 512 135 komma,
3936 520 410 135 samt
4141 520 358 135 fram¬-

2588 636 525 159 lemnat
2955 636 315 159 en
3112 636 787 159 papperslapp
3742 636 472 159 hvarå
4004 636 420 159 egaren

2609 744 525 162 skulle
2976 744 473 162 hafva
3291 744 578 162 tecknat
3711 744 420 162 sitt
3974 744 420 162 namn
4184 744 263 162 och

2597 868 511 185 hvaraf
2955 868 664 185 framginge
3466 868 358 185 att
3670 868 358 185 han
3875 868 460 185 heter
4130 868 307 185 Carl

2594 985 540 197 August
2972 985 702 197 Andersson
3512 985 432 197 från
3781 985 594 197 Inland,
4159 985 324 197 samt

2610 1155 325 152 att
2795 1155 604 152 Gaddelius
3260 1155 325 152 som
3446 1155 279 152 ej
3585 1155 465 152 ansett
3910 1155 418 152 detta
4143 1155 325 152 bevis

2594 1258 868 186 tillförlitligt
3317 1258 579 186 tillsagt
3752 1258 627 186 Fagerberg
4186 1258 241 186 att

2604 1391 344 168 han
2800 1391 393 168 icke
3046 1391 590 168 betalade
3489 1391 492 168 kornet
3833 1391 442 168 förän
4079 1391 393 168 egaren

2589 1501 432 192 sjelf
2877 1501 527 192 infunne
3260 1501 384 192 sig,
3500 1501 623 192 hvarefter
3932 1501 527 192 Fagerberg

2607 1682 799 147 qvarlemnade
3246 1682 532 147 kornet
3618 1682 373 147 som
3831 1682 479 147 vagde
4151 1682 373 147 180
4310 1682 160 147 ℔

2602 1785 304 185 hos
2775 1785 609 185 Gaddelius,
3254 1785 565 185 aflägsnat
3688 1785 304 185 sig
3862 1785 304 185 och
4036 1785 261 185 ej
4123 1785 348 185 seder¬-

2575 1933 470 101 mera
2869 1933 352 101 ej
2986 1933 764 101 återkommit.

2772 2018 402 182 Wid
3001 2018 402 182 det
3231 2018 402 182 med
3461 2018 747 182 Fagerberg
3978 2018 459 182 häref¬-

2597 2180 364 102 ter
2805 2180 625 102 anstälda
3274 2180 521 102 förhör
3638 2180 364 102 har
3846 2180 364 102 han
4002 2180 469 102 uppgif¬-

2574 2259 379 154 vit
2791 2259 379 154 att
3007 2259 379 154 han
3224 2259 379 154 som
3441 2259 596 154 tillhör
3820 2259 596 154 Fässbergs

2588 2397 829 175 församling,
3251 2397 387 175 men
3472 2397 332 175 på
3638 2397 663 175 sednaste
4080 2397 387 175 tiden

2594 2511 742 164 uppehållit
3177 2511 371 164 sig
3389 2511 371 164 med
3602 2511 795 164 tillfälligt
4185 2511 265 164 ar¬-

2572 2636 397 145 bete
2820 2636 347 145 här
3019 2636 248 145 i
3118 2636 496 145 staden
3466 2636 595 145 derunder
3863 2636 595 145 varseblif¬-

2582 2745 349 169 vit
2782 2745 349 169 att
2981 2745 250 169 i
3081 2745 449 169 huset
3381 2745 300 169 No
3531 2745 300 169 64
3680 2745 349 169 vid
3830 2745 599 169 Drottning¬-

2593 2863 520 177 gatan
2940 2863 578 177 funnes
3344 2863 751 177 magasiner
3864 2863 520 177 hvarest

2575 3001 648 170 spannnål
3061 3001 756 170 förvarades
3656 3001 378 170 och
3818 3001 540 170 hvartill

2599 3145 619 154 dörrarne
3063 3145 309 154 om
3218 3145 464 154 dagen
3527 3145 464 154 stodo
3836 3145 515 154 öppna,
4146 3145 309 154 utan

2604 3272 345 157 att
2801 3272 443 157 någon
3096 3272 493 157 person
3441 3272 493 157 funnes
3786 3272 394 157 der,
4032 3272 345 157 att
4180 3272 246 157 se¬-

2592 3381 334 153 dan
2783 3381 334 153 han
2974 3381 477 153 derför
3308 3381 620 153 beslutat,
3784 3381 334 153 der
3927 3381 525 153 tillgripa

2561 3476 656 195 spannmål
3054 3476 383 195 han
3272 3476 656 195 Lördagen
3765 3476 383 195 den
3984 3476 274 195 3
4093 3476 274 195 i
4148 3476 328 195 den¬-

2573 3612 347 168 nes
2772 3612 297 168 på
2920 3612 248 168 f
3019 3612 248 168 m
3119 3612 545 168 uppgått
3515 3612 248 168 i
3614 3612 347 168 den
3812 3612 248 168 i
3911 3612 297 168 4e
4011 3612 396 168 vånin¬-

2570 3735 405 159 gen
2802 3735 810 159 befintliga
3380 3735 984 159 magasinslokalen
