<?xml version="1.0" encoding="UTF-8"?>
<alto xmlns:xsi="http://www.w3.org/2001/XMLSchema-instance"
      xmlns="http://www.loc.gov/standards/alto/ns-v4#"
      xmlns:page="http://schema.primaresearch.org/PAGE/gts/pagecontent/2013-07-15"
      xsi:schemaLocation="http://www.loc.gov/standards/alto/ns-v4# https://www.loc.gov/standards/alto/v4/alto.xsd">
   <Description>
      <MeasurementUnit>pixel</MeasurementUnit>
      <OCRProcessing ID="IdOcr">
         <ocrProcessingStep>
            <processingDateTime>2022-11-18T16:09:49.156+01:00</processingDateTime>
            <processingSoftware>
               <softwareCreator>READ COOP</softwareCreator>
               <softwareName>Transkribus</softwareName>
            </processingSoftware>
         </ocrProcessingStep>
      </OCRProcessing>
   </Description>
   <Tags/>
   <Layout>
      <Page ID="Page1" PHYSICAL_IMG_NR="1" HEIGHT="4068" WIDTH="5118">
         <TopMargin HEIGHT="0" WIDTH="5118" VPOS="0" HPOS="0"/>
         <LeftMargin HEIGHT="4068" WIDTH="0" VPOS="0" HPOS="0"/>
         <RightMargin HEIGHT="4068" WIDTH="0" VPOS="0" HPOS="5118"/>
         <BottomMargin HEIGHT="0" WIDTH="5118" VPOS="4068" HPOS="0"/>
         <PrintSpace HEIGHT="4068" WIDTH="5118" VPOS="0" HPOS="0">
            <TextBlock ID="TextRegion_1584605548736_660"
                       HEIGHT="1950"
                       WIDTH="1938"
                       VPOS="204"
                       HPOS="511">
               <Shape>
                  <Polygon POINTS="511,219 2446,204 2449,2109 511,2154"/>
               </Shape>
               <TextLine ID="r1l1"
                         BASELINE="556,282 649,279 743,276 837,274 931,272 1025,268 1118,266 1212,264 1306,260 1400,258 1494,256 1587,254 1681,254 1775,252 1869,252 1963,252 2056,252 2150,254 2244,256 2338,260 2432,264"
                         HEIGHT="102"
                         WIDTH="1876"
                         VPOS="204"
                         HPOS="556">
                  <String HEIGHT="102"
                          WIDTH="469"
                          VPOS="204"
                          HPOS="525"
                          CONTENT="manchetter,"/>
                  <SP HEIGHT="102" WIDTH="31" VPOS="204" HPOS="994"/>
                  <String HEIGHT="102"
                          WIDTH="438"
                          VPOS="204"
                          HPOS="900"
                          CONTENT="servietten"/>
                  <SP HEIGHT="102" WIDTH="31" VPOS="204" HPOS="1338"/>
                  <String HEIGHT="102"
                          WIDTH="219"
                          VPOS="204"
                          HPOS="1244"
                          CONTENT="och"/>
                  <SP HEIGHT="102" WIDTH="31" VPOS="204" HPOS="1463"/>
                  <String HEIGHT="102"
                          WIDTH="188"
                          VPOS="204"
                          HPOS="1369"
                          CONTENT="en"/>
                  <SP HEIGHT="102" WIDTH="31" VPOS="204" HPOS="1557"/>
                  <String HEIGHT="102"
                          WIDTH="406"
                          VPOS="204"
                          HPOS="1463"
                          CONTENT="pantsedel"/>
                  <SP HEIGHT="102" WIDTH="31" VPOS="204" HPOS="1869"/>
                  <String HEIGHT="102"
                          WIDTH="281"
                          VPOS="204"
                          HPOS="1775"
                          CONTENT="under"/>
                  <SP HEIGHT="102" WIDTH="31" VPOS="204" HPOS="2057"/>
                  <String HEIGHT="102"
                          WIDTH="188"
                          VPOS="204"
                          HPOS="1963"
                          CONTENT="No"/>
                  <SP HEIGHT="102" WIDTH="31" VPOS="204" HPOS="2151"/>
                  <String HEIGHT="102"
                          WIDTH="281"
                          VPOS="204"
                          HPOS="2057"
                          CONTENT="21502"/>
                  <SP HEIGHT="102" WIDTH="31" VPOS="204" HPOS="2338"/>
                  <String HEIGHT="102" WIDTH="156" VPOS="204" HPOS="2244" CONTENT="å"/>
                  <SP HEIGHT="102" WIDTH="31" VPOS="204" HPOS="2401"/>
                  <String HEIGHT="102"
                          WIDTH="188"
                          VPOS="204"
                          HPOS="2307"
                          CONTENT="en"/>
                  <SP HEIGHT="102" WIDTH="31" VPOS="204" HPOS="2495"/>
                  <String HEIGHT="102" WIDTH="63" VPOS="204" HPOS="2369" CONTENT=""/>
               </TextLine>
               <TextLine ID="r1l2"
                         BASELINE="538,410 632,406 726,402 820,398 914,394 1009,391 1103,388 1197,384 1291,382 1385,380 1480,377 1574,374 1668,374 1762,372 1856,370 1951,370 2045,368 2139,368 2233,368 2327,370 2422,370"
                         HEIGHT="114"
                         WIDTH="1884"
                         VPOS="320"
                         HPOS="538">
                  <String HEIGHT="114"
                          WIDTH="432"
                          VPOS="320"
                          HPOS="507"
                          CONTENT="underkjol,"/>
                  <SP HEIGHT="114" WIDTH="31" VPOS="320" HPOS="940"/>
                  <String HEIGHT="114"
                          WIDTH="278"
                          VPOS="320"
                          HPOS="847"
                          CONTENT="lakan"/>
                  <SP HEIGHT="114" WIDTH="31" VPOS="320" HPOS="1125"/>
                  <String HEIGHT="114"
                          WIDTH="216"
                          VPOS="320"
                          HPOS="1032"
                          CONTENT="och"/>
                  <SP HEIGHT="114" WIDTH="31" VPOS="320" HPOS="1248"/>
                  <String HEIGHT="114"
                          WIDTH="216"
                          VPOS="320"
                          HPOS="1156"
                          CONTENT="ett"/>
                  <SP HEIGHT="114" WIDTH="31" VPOS="320" HPOS="1372"/>
                  <String HEIGHT="114"
                          WIDTH="371"
                          VPOS="320"
                          HPOS="1279"
                          CONTENT="putevar,"/>
                  <SP HEIGHT="114" WIDTH="31" VPOS="320" HPOS="1650"/>
                  <String HEIGHT="114"
                          WIDTH="371"
                          VPOS="320"
                          HPOS="1557"
                          CONTENT="belånade"/>
                  <SP HEIGHT="114" WIDTH="31" VPOS="320" HPOS="1928"/>
                  <String HEIGHT="114"
                          WIDTH="216"
                          VPOS="320"
                          HPOS="1835"
                          CONTENT="med"/>
                  <SP HEIGHT="114" WIDTH="31" VPOS="320" HPOS="2051"/>
                  <String HEIGHT="114"
                          WIDTH="216"
                          VPOS="320"
                          HPOS="1959"
                          CONTENT="Två"/>
                  <SP HEIGHT="114" WIDTH="31" VPOS="320" HPOS="2175"/>
                  <String HEIGHT="114"
                          WIDTH="309"
                          VPOS="320"
                          HPOS="2082"
                          CONTENT="Kronor"/>
                  <SP HEIGHT="114" WIDTH="31" VPOS="320" HPOS="2391"/>
                  <String HEIGHT="114"
                          WIDTH="154"
                          VPOS="320"
                          HPOS="2268"
                          CONTENT="den"/>
               </TextLine>
               <TextLine ID="r1l3"
                         BASELINE="548,522 642,519 736,516 830,514 924,510 1019,509 1113,506 1207,504 1301,502 1395,500 1490,498 1584,496 1678,494 1772,492 1866,490 1961,488 2055,486 2149,484 2243,482 2337,482 2432,480"
                         HEIGHT="114"
                         WIDTH="1884"
                         VPOS="432"
                         HPOS="548">
                  <String HEIGHT="114" WIDTH="202" VPOS="432" HPOS="514" CONTENT="28"/>
                  <SP HEIGHT="114" WIDTH="34" VPOS="432" HPOS="716"/>
                  <String HEIGHT="114"
                          WIDTH="303"
                          VPOS="432"
                          HPOS="615"
                          CONTENT="sist."/>
                  <SP HEIGHT="114" WIDTH="34" VPOS="432" HPOS="918"/>
                  <String HEIGHT="114"
                          WIDTH="404"
                          VPOS="432"
                          HPOS="817"
                          CONTENT="Februari"/>
                  <SP HEIGHT="114" WIDTH="34" VPOS="432" HPOS="1221"/>
                  <String HEIGHT="114" WIDTH="168" VPOS="432" HPOS="1120" CONTENT="å"/>
                  <SP HEIGHT="114" WIDTH="34" VPOS="432" HPOS="1288"/>
                  <String HEIGHT="114"
                          WIDTH="404"
                          VPOS="432"
                          HPOS="1187"
                          CONTENT="allmänna"/>
                  <SP HEIGHT="114" WIDTH="34" VPOS="432" HPOS="1591"/>
                  <String HEIGHT="114"
                          WIDTH="807"
                          VPOS="432"
                          HPOS="1490"
                          CONTENT="Pantlåneinrättningen"/>
                  <SP HEIGHT="114" WIDTH="34" VPOS="432" HPOS="2297"/>
                  <String HEIGHT="114" WIDTH="168" VPOS="432" HPOS="2197" CONTENT="i"/>
                  <SP HEIGHT="114" WIDTH="34" VPOS="432" HPOS="2365"/>
                  <String HEIGHT="114"
                          WIDTH="236"
                          VPOS="432"
                          HPOS="2264"
                          CONTENT="hu¬"/>
                  <SP HEIGHT="114" WIDTH="34" VPOS="432" HPOS="2499"/>
                  <String HEIGHT="114" WIDTH="67" VPOS="432" HPOS="2365" CONTENT=""/>
               </TextLine>
               <TextLine ID="r1l4"
                         BASELINE="544,636 635,631 727,627 819,623 911,619 1003,616 1095,614 1187,610 1279,608 1371,606 1463,604 1554,602 1646,600 1738,598 1830,596 1922,596 2014,594 2106,592 2198,592 2290,591 2382,590"
                         HEIGHT="118"
                         WIDTH="1838"
                         VPOS="542"
                         HPOS="544">
                  <String HEIGHT="118"
                          WIDTH="247"
                          VPOS="542"
                          HPOS="509"
                          CONTENT="set"/>
                  <SP HEIGHT="118" WIDTH="35" VPOS="542" HPOS="756"/>
                  <String HEIGHT="118" WIDTH="212" VPOS="542" HPOS="650" CONTENT="No"/>
                  <SP HEIGHT="118" WIDTH="35" VPOS="542" HPOS="862"/>
                  <String HEIGHT="118" WIDTH="212" VPOS="542" HPOS="756" CONTENT="35"/>
                  <SP HEIGHT="118" WIDTH="35" VPOS="542" HPOS="968"/>
                  <String HEIGHT="118"
                          WIDTH="247"
                          VPOS="542"
                          HPOS="862"
                          CONTENT="vid"/>
                  <SP HEIGHT="118" WIDTH="35" VPOS="542" HPOS="1110"/>
                  <String HEIGHT="118"
                          WIDTH="495"
                          VPOS="542"
                          HPOS="1004"
                          CONTENT="Vallgatan."/>
                  <SP HEIGHT="118" WIDTH="35" VPOS="542" HPOS="1498"/>
                  <String HEIGHT="118"
                          WIDTH="247"
                          VPOS="542"
                          HPOS="1392"
                          CONTENT="vid"/>
                  <SP HEIGHT="118" WIDTH="35" VPOS="542" HPOS="1640"/>
                  <String HEIGHT="118"
                          WIDTH="247"
                          VPOS="542"
                          HPOS="1534"
                          CONTENT="det"/>
                  <SP HEIGHT="118" WIDTH="35" VPOS="542" HPOS="1781"/>
                  <String HEIGHT="118"
                          WIDTH="247"
                          VPOS="542"
                          HPOS="1675"
                          CONTENT="med"/>
                  <SP HEIGHT="118" WIDTH="35" VPOS="542" HPOS="1923"/>
                  <String HEIGHT="118"
                          WIDTH="318"
                          VPOS="542"
                          HPOS="1816"
                          CONTENT="henne"/>
                  <SP HEIGHT="118" WIDTH="35" VPOS="542" HPOS="2135"/>
                  <String HEIGHT="118"
                          WIDTH="389"
                          VPOS="542"
                          HPOS="1993"
                          CONTENT="anställda"/>
               </TextLine>
               <TextLine ID="r1l5"
                         BASELINE="540,754 633,751 727,747 821,744 914,740 1008,736 1102,732 1195,729 1289,725 1383,721 1477,718 1570,714 1664,712 1758,709 1851,706 1945,704 2039,702 2132,700 2226,698 2320,698 2414,696"
                         HEIGHT="97"
                         WIDTH="1874"
                         VPOS="670"
                         HPOS="540">
                  <String HEIGHT="97"
                          WIDTH="312"
                          VPOS="670"
                          HPOS="509"
                          CONTENT="förhör"/>
                  <SP HEIGHT="97" WIDTH="31" VPOS="670" HPOS="821"/>
                  <String HEIGHT="97"
                          WIDTH="344"
                          VPOS="670"
                          HPOS="727"
                          CONTENT="erkänt,"/>
                  <SP HEIGHT="97" WIDTH="31" VPOS="670" HPOS="1071"/>
                  <String HEIGHT="97" WIDTH="219" VPOS="670" HPOS="977" CONTENT="att"/>
                  <SP HEIGHT="97" WIDTH="31" VPOS="670" HPOS="1196"/>
                  <String HEIGHT="97"
                          WIDTH="219"
                          VPOS="670"
                          HPOS="1102"
                          CONTENT="hon"/>
                  <SP HEIGHT="97" WIDTH="31" VPOS="670" HPOS="1321"/>
                  <String HEIGHT="97"
                          WIDTH="375"
                          VPOS="670"
                          HPOS="1227"
                          CONTENT="söndagen"/>
                  <SP HEIGHT="97" WIDTH="31" VPOS="670" HPOS="1602"/>
                  <String HEIGHT="97"
                          WIDTH="219"
                          VPOS="670"
                          HPOS="1508"
                          CONTENT="den"/>
                  <SP HEIGHT="97" WIDTH="31" VPOS="670" HPOS="1727"/>
                  <String HEIGHT="97" WIDTH="187" VPOS="670" HPOS="1633" CONTENT="29"/>
                  <SP HEIGHT="97" WIDTH="31" VPOS="670" HPOS="1821"/>
                  <String HEIGHT="97"
                          WIDTH="281"
                          VPOS="670"
                          HPOS="1727"
                          CONTENT="sist."/>
                  <SP HEIGHT="97" WIDTH="31" VPOS="670" HPOS="2008"/>
                  <String HEIGHT="97"
                          WIDTH="375"
                          VPOS="670"
                          HPOS="1914"
                          CONTENT="Februari"/>
                  <SP HEIGHT="97" WIDTH="31" VPOS="670" HPOS="2289"/>
                  <String HEIGHT="97" WIDTH="156" VPOS="670" HPOS="2195" CONTENT="i"/>
                  <SP HEIGHT="97" WIDTH="31" VPOS="670" HPOS="2352"/>
                  <String HEIGHT="97"
                          WIDTH="187"
                          VPOS="670"
                          HPOS="2227"
                          CONTENT="Lun¬"
                          SUBS_TYPE="HypPart1"
                          SUBS_CONTENT="Lundals"/>
                  <HYP CONTENT="-"/>
               </TextLine>
               <TextLine ID="line_1584605609988_706"
                         BASELINE="540,872 634,866 729,862 824,857 919,854 1014,850 1084,847"
                         HEIGHT="68"
                         WIDTH="544"
                         VPOS="818"
                         HPOS="540">
                  <String HEIGHT="68"
                          WIDTH="256"
                          VPOS="818"
                          HPOS="508"
                          CONTENT="dals"
                          SUBS_TYPE="HypPart2"
                          SUBS_CONTENT="Lundals"/>
                  <SP HEIGHT="68" WIDTH="32" VPOS="818" HPOS="764"/>
                  <String HEIGHT="68"
                          WIDTH="320"
                          VPOS="818"
                          HPOS="668"
                          CONTENT="bostad"/>
                  <SP HEIGHT="68" WIDTH="32" VPOS="818" HPOS="988"/>
                  <String HEIGHT="68" WIDTH="192" VPOS="818" HPOS="892" CONTENT="ur"/>
                  <SP HEIGHT="68" WIDTH="32" VPOS="818" HPOS="1084"/>
                  <String HEIGHT="68" WIDTH="128" VPOS="818" HPOS="956" CONTENT="en"/>
               </TextLine>
               <TextLine ID="r1l6"
                         BASELINE="1120,796 1145,793 1170,790 1195,783 1220,780"
                         HEIGHT="55"
                         WIDTH="100"
                         VPOS="754"
                         HPOS="1120">
                  <String HEIGHT="55" WIDTH="100" VPOS="754" HPOS="1100" CONTENT="i"/>
                  <SP HEIGHT="55" WIDTH="20" VPOS="754" HPOS="1200"/>
                  <String HEIGHT="55" WIDTH="120" VPOS="754" HPOS="1140" CONTENT="en"/>
                  <SP HEIGHT="55" WIDTH="20" VPOS="754" HPOS="1260"/>
                  <String HEIGHT="55" WIDTH="40" VPOS="754" HPOS="1180" CONTENT=""/>
               </TextLine>
               <TextLine ID="line_1584605609420_701"
                         BASELINE="1124,845 1203,842 1298,838 1393,835 1488,832 1582,828 1677,826 1772,822 1867,820 1962,816 2056,813 2151,810 2246,806 2341,804 2436,800"
                         HEIGHT="88"
                         WIDTH="1312"
                         VPOS="771"
                         HPOS="1124">
                  <String HEIGHT="88"
                          WIDTH="319"
                          VPOS="771"
                          HPOS="1089"
                          CONTENT="olåst"/>
                  <SP HEIGHT="88" WIDTH="35" VPOS="771" HPOS="1408"/>
                  <String HEIGHT="88"
                          WIDTH="496"
                          VPOS="771"
                          HPOS="1301"
                          CONTENT="chiffonier"/>
                  <SP HEIGHT="88" WIDTH="35" VPOS="771" HPOS="1798"/>
                  <String HEIGHT="88"
                          WIDTH="426"
                          VPOS="771"
                          HPOS="1691"
                          CONTENT="liggande"/>
                  <SP HEIGHT="88" WIDTH="35" VPOS="771" HPOS="2117"/>
                  <String HEIGHT="88"
                          WIDTH="461"
                          VPOS="771"
                          HPOS="1975"
                          CONTENT="portmonnaie"/>
               </TextLine>
               <TextLine ID="r1l8"
                         BASELINE="554,980 646,976 738,971 830,968 922,962 1014,959 1106,956 1198,952 1290,948 1382,946 1474,942 1566,938 1658,936 1750,932 1842,930 1934,927 2026,924 2118,920 2210,918 2302,914 2394,910"
                         HEIGHT="142"
                         WIDTH="1840"
                         VPOS="862"
                         HPOS="554">
                  <String HEIGHT="142"
                          WIDTH="409"
                          VPOS="862"
                          HPOS="525"
                          CONTENT="tillgripit"/>
                  <SP HEIGHT="142" WIDTH="29" VPOS="862" HPOS="934"/>
                  <String HEIGHT="142" WIDTH="175" VPOS="862" HPOS="846" CONTENT="20"/>
                  <SP HEIGHT="142" WIDTH="29" VPOS="862" HPOS="1021"/>
                  <String HEIGHT="142"
                          WIDTH="321"
                          VPOS="862"
                          HPOS="934"
                          CONTENT="Kronor,"/>
                  <SP HEIGHT="142" WIDTH="29" VPOS="862" HPOS="1255"/>
                  <String HEIGHT="142"
                          WIDTH="380"
                          VPOS="862"
                          HPOS="1167"
                          CONTENT="bestående"/>
                  <SP HEIGHT="142" WIDTH="29" VPOS="862" HPOS="1547"/>
                  <String HEIGHT="142"
                          WIDTH="175"
                          VPOS="862"
                          HPOS="1459"
                          CONTENT="af"/>
                  <SP HEIGHT="142" WIDTH="29" VPOS="862" HPOS="1635"/>
                  <String HEIGHT="142"
                          WIDTH="175"
                          VPOS="862"
                          HPOS="1547"
                          CONTENT="en"/>
                  <SP HEIGHT="142" WIDTH="29" VPOS="862" HPOS="1722"/>
                  <String HEIGHT="142"
                          WIDTH="263"
                          VPOS="862"
                          HPOS="1635"
                          CONTENT="sedel"/>
                  <SP HEIGHT="142" WIDTH="29" VPOS="862" HPOS="1897"/>
                  <String HEIGHT="142" WIDTH="146" VPOS="862" HPOS="1810" CONTENT="å"/>
                  <SP HEIGHT="142" WIDTH="29" VPOS="862" HPOS="1956"/>
                  <String HEIGHT="142"
                          WIDTH="175"
                          VPOS="862"
                          HPOS="1868"
                          CONTENT="10"/>
                  <SP HEIGHT="142" WIDTH="29" VPOS="862" HPOS="2044"/>
                  <String HEIGHT="142"
                          WIDTH="321"
                          VPOS="862"
                          HPOS="1956"
                          CONTENT="Kronor,"/>
                  <SP HEIGHT="142" WIDTH="29" VPOS="862" HPOS="2277"/>
                  <String HEIGHT="142"
                          WIDTH="175"
                          VPOS="862"
                          HPOS="2190"
                          CONTENT="en"/>
                  <SP HEIGHT="142" WIDTH="29" VPOS="862" HPOS="2365"/>
                  <String HEIGHT="142"
                          WIDTH="146"
                          VPOS="862"
                          HPOS="2248"
                          CONTENT="se¬"
                          SUBS_TYPE="HypPart1"
                          SUBS_CONTENT="sedel"/>
                  <HYP CONTENT="-"/>
               </TextLine>
               <TextLine ID="r1l9"
                         BASELINE="552,1100 644,1096 736,1092 828,1086 920,1082 1013,1076 1105,1073 1197,1068 1289,1065 1381,1060 1474,1057 1566,1053 1658,1049 1750,1046 1842,1043 1935,1040 2027,1036 2119,1034 2211,1030 2303,1028 2396,1024"
                         HEIGHT="148"
                         WIDTH="1844"
                         VPOS="976"
                         HPOS="552">
                  <String HEIGHT="148"
                          WIDTH="231"
                          VPOS="976"
                          HPOS="519"
                          CONTENT="del"
                          SUBS_TYPE="HypPart2"
                          SUBS_CONTENT="sedel"/>
                  <SP HEIGHT="148" WIDTH="33" VPOS="976" HPOS="750"/>
                  <String HEIGHT="148" WIDTH="165" VPOS="976" HPOS="651" CONTENT="å"/>
                  <SP HEIGHT="148" WIDTH="33" VPOS="976" HPOS="815"/>
                  <String HEIGHT="148" WIDTH="165" VPOS="976" HPOS="717" CONTENT="5"/>
                  <SP HEIGHT="148" WIDTH="33" VPOS="976" HPOS="881"/>
                  <String HEIGHT="148"
                          WIDTH="329"
                          VPOS="976"
                          HPOS="783"
                          CONTENT="Kronor"/>
                  <SP HEIGHT="148" WIDTH="33" VPOS="976" HPOS="1112"/>
                  <String HEIGHT="148"
                          WIDTH="231"
                          VPOS="976"
                          HPOS="1013"
                          CONTENT="och"/>
                  <SP HEIGHT="148" WIDTH="33" VPOS="976" HPOS="1244"/>
                  <String HEIGHT="148"
                          WIDTH="231"
                          VPOS="976"
                          HPOS="1145"
                          CONTENT="det"/>
                  <SP HEIGHT="148" WIDTH="33" VPOS="976" HPOS="1375"/>
                  <String HEIGHT="148"
                          WIDTH="329"
                          VPOS="976"
                          HPOS="1276"
                          CONTENT="öfriga"/>
                  <SP HEIGHT="148" WIDTH="33" VPOS="976" HPOS="1606"/>
                  <String HEIGHT="148" WIDTH="165" VPOS="976" HPOS="1507" CONTENT="i"/>
                  <SP HEIGHT="148" WIDTH="33" VPOS="976" HPOS="1672"/>
                  <String HEIGHT="148"
                          WIDTH="527"
                          VPOS="976"
                          HPOS="1573"
                          CONTENT="silfvermynt;"/>
                  <SP HEIGHT="148" WIDTH="33" VPOS="976" HPOS="2100"/>
                  <String HEIGHT="148"
                          WIDTH="231"
                          VPOS="976"
                          HPOS="2001"
                          CONTENT="att"/>
                  <SP HEIGHT="148" WIDTH="33" VPOS="976" HPOS="2231"/>
                  <String HEIGHT="148"
                          WIDTH="231"
                          VPOS="976"
                          HPOS="2133"
                          CONTENT="hon"/>
                  <SP HEIGHT="148" WIDTH="33" VPOS="976" HPOS="2363"/>
                  <String HEIGHT="148"
                          WIDTH="165"
                          VPOS="976"
                          HPOS="2231"
                          CONTENT="vid"/>
               </TextLine>
               <TextLine ID="r1l10"
                         BASELINE="558,1212 650,1208 743,1204 836,1199 928,1196 1021,1192 1114,1188 1206,1184 1299,1180 1392,1176 1485,1173 1577,1169 1670,1165 1763,1162 1855,1159 1948,1156 2041,1152 2133,1150 2226,1146 2319,1144 2412,1140"
                         HEIGHT="144"
                         WIDTH="1854"
                         VPOS="1092"
                         HPOS="558">
                  <String HEIGHT="144"
                          WIDTH="288"
                          VPOS="1092"
                          HPOS="526"
                          CONTENT="olika"/>
                  <SP HEIGHT="144" WIDTH="32" VPOS="1092" HPOS="814"/>
                  <String HEIGHT="144"
                          WIDTH="448"
                          VPOS="1092"
                          HPOS="718"
                          CONTENT="tillfällen"/>
                  <SP HEIGHT="144" WIDTH="32" VPOS="1092" HPOS="1165"/>
                  <String HEIGHT="144"
                          WIDTH="448"
                          VPOS="1092"
                          HPOS="1069"
                          CONTENT="tillgripit"/>
                  <SP HEIGHT="144" WIDTH="32" VPOS="1092" HPOS="1517"/>
                  <String HEIGHT="144"
                          WIDTH="479"
                          VPOS="1092"
                          HPOS="1421"
                          CONTENT="ofvannämnde"/>
                  <SP HEIGHT="144" WIDTH="32" VPOS="1092" HPOS="1901"/>
                  <String HEIGHT="144"
                          WIDTH="448"
                          VPOS="1092"
                          HPOS="1805"
                          CONTENT="persedlar;"/>
                  <SP HEIGHT="144" WIDTH="32" VPOS="1092" HPOS="2252"/>
                  <String HEIGHT="144"
                          WIDTH="224"
                          VPOS="1092"
                          HPOS="2156"
                          CONTENT="att"/>
                  <SP HEIGHT="144" WIDTH="32" VPOS="1092" HPOS="2380"/>
                  <String HEIGHT="144"
                          WIDTH="160"
                          VPOS="1092"
                          HPOS="2252"
                          CONTENT="hon"/>
               </TextLine>
               <TextLine ID="r1l11"
                         BASELINE="540,1336 632,1328 724,1323 816,1317 909,1314 1001,1309 1093,1306 1186,1302 1278,1300 1370,1296 1463,1294 1555,1291 1647,1287 1739,1284 1832,1280 1924,1276 2016,1273 2109,1268 2201,1262 2293,1257 2386,1250"
                         HEIGHT="158"
                         WIDTH="1846"
                         VPOS="1202"
                         HPOS="540">
                  <String HEIGHT="158"
                          WIDTH="235"
                          VPOS="1202"
                          HPOS="506"
                          CONTENT="den"/>
                  <SP HEIGHT="158" WIDTH="34" VPOS="1202" HPOS="741"/>
                  <String HEIGHT="158"
                          WIDTH="201"
                          VPOS="1202"
                          HPOS="641"
                          CONTENT="28"/>
                  <SP HEIGHT="158" WIDTH="34" VPOS="1202" HPOS="842"/>
                  <String HEIGHT="158" WIDTH="168" VPOS="1202" HPOS="741" CONTENT="i"/>
                  <SP HEIGHT="158" WIDTH="34" VPOS="1202" HPOS="909"/>
                  <String HEIGHT="158"
                          WIDTH="503"
                          VPOS="1202"
                          HPOS="809"
                          CONTENT="förstnämnde"/>
                  <SP HEIGHT="158" WIDTH="34" VPOS="1202" HPOS="1312"/>
                  <String HEIGHT="158"
                          WIDTH="302"
                          VPOS="1202"
                          HPOS="1211"
                          CONTENT="månad"/>
                  <SP HEIGHT="158" WIDTH="34" VPOS="1202" HPOS="1513"/>
                  <String HEIGHT="158"
                          WIDTH="403"
                          VPOS="1202"
                          HPOS="1413"
                          CONTENT="pantsatt"/>
                  <SP HEIGHT="158" WIDTH="34" VPOS="1202" HPOS="1815"/>
                  <String HEIGHT="158"
                          WIDTH="369"
                          VPOS="1202"
                          HPOS="1715"
                          CONTENT="kjolen,"/>
                  <SP HEIGHT="158" WIDTH="34" VPOS="1202" HPOS="2084"/>
                  <String HEIGHT="158"
                          WIDTH="369"
                          VPOS="1202"
                          HPOS="1983"
                          CONTENT="lakanet"/>
                  <SP HEIGHT="158" WIDTH="34" VPOS="1202" HPOS="2352"/>
                  <String HEIGHT="158"
                          WIDTH="168"
                          VPOS="1202"
                          HPOS="2218"
                          CONTENT="och"/>
               </TextLine>
               <TextLine ID="r1l12"
                         BASELINE="544,1458 638,1448 732,1440 826,1433 921,1427 1015,1422 1109,1418 1204,1414 1298,1411 1392,1408 1487,1406 1581,1402 1675,1400 1769,1398 1864,1395 1958,1392 2052,1389 2147,1386 2241,1381 2335,1377 2430,1370"
                         HEIGHT="160"
                         WIDTH="1886"
                         VPOS="1322"
                         HPOS="544">
                  <String HEIGHT="160"
                          WIDTH="446"
                          VPOS="1322"
                          HPOS="510"
                          CONTENT="putevaret"/>
                  <SP HEIGHT="160" WIDTH="34" VPOS="1322" HPOS="955"/>
                  <String HEIGHT="160" WIDTH="171" VPOS="1322" HPOS="853" CONTENT="å"/>
                  <SP HEIGHT="160" WIDTH="34" VPOS="1322" HPOS="1024"/>
                  <String HEIGHT="160"
                          WIDTH="411"
                          VPOS="1322"
                          HPOS="921"
                          CONTENT="allmänna"/>
                  <SP HEIGHT="160" WIDTH="34" VPOS="1322" HPOS="1333"/>
                  <String HEIGHT="160"
                          WIDTH="823"
                          VPOS="1322"
                          HPOS="1230"
                          CONTENT="Pantlåneinrättningen"/>
                  <SP HEIGHT="160" WIDTH="34" VPOS="1322" HPOS="2053"/>
                  <String HEIGHT="160"
                          WIDTH="240"
                          VPOS="1322"
                          HPOS="1950"
                          CONTENT="för"/>
                  <SP HEIGHT="160" WIDTH="34" VPOS="1322" HPOS="2190"/>
                  <String HEIGHT="160"
                          WIDTH="171"
                          VPOS="1322"
                          HPOS="2087"
                          CONTENT="2"/>
                  <SP HEIGHT="160" WIDTH="34" VPOS="1322" HPOS="2259"/>
                  <String HEIGHT="160"
                          WIDTH="309"
                          VPOS="1322"
                          HPOS="2121"
                          CONTENT="Kronor;"/>
               </TextLine>
               <TextLine ID="r1l13"
                         BASELINE="528,1564 621,1556 714,1552 807,1546 900,1541 993,1536 1086,1533 1179,1529 1272,1526 1365,1524 1458,1520 1551,1518 1644,1514 1737,1512 1830,1508 1923,1506 2016,1502 2109,1497 2202,1494 2295,1488 2388,1484"
                         HEIGHT="152"
                         WIDTH="1860"
                         VPOS="1436"
                         HPOS="528">
                  <String HEIGHT="152"
                          WIDTH="246"
                          VPOS="1436"
                          HPOS="493"
                          CONTENT="att"/>
                  <SP HEIGHT="152" WIDTH="35" VPOS="1436" HPOS="739"/>
                  <String HEIGHT="152"
                          WIDTH="246"
                          VPOS="1436"
                          HPOS="633"
                          CONTENT="hon"/>
                  <SP HEIGHT="152" WIDTH="35" VPOS="1436" HPOS="879"/>
                  <String HEIGHT="152"
                          WIDTH="211"
                          VPOS="1436"
                          HPOS="774"
                          CONTENT="af"/>
                  <SP HEIGHT="152" WIDTH="35" VPOS="1436" HPOS="984"/>
                  <String HEIGHT="152"
                          WIDTH="211"
                          VPOS="1436"
                          HPOS="879"
                          CONTENT="de"/>
                  <SP HEIGHT="152" WIDTH="35" VPOS="1436" HPOS="1090"/>
                  <String HEIGHT="152"
                          WIDTH="491"
                          VPOS="1436"
                          HPOS="984"
                          CONTENT="tillgripne"/>
                  <SP HEIGHT="152" WIDTH="35" VPOS="1436" HPOS="1476"/>
                  <String HEIGHT="152"
                          WIDTH="526"
                          VPOS="1436"
                          HPOS="1370"
                          CONTENT="penningarne"/>
                  <SP HEIGHT="152" WIDTH="35" VPOS="1436" HPOS="1897"/>
                  <String HEIGHT="152"
                          WIDTH="351"
                          VPOS="1436"
                          HPOS="1791"
                          CONTENT="tappat"/>
                  <SP HEIGHT="152" WIDTH="35" VPOS="1436" HPOS="2142"/>
                  <String HEIGHT="152"
                          WIDTH="211"
                          VPOS="1436"
                          HPOS="2037"
                          CONTENT="10"/>
                  <SP HEIGHT="152" WIDTH="35" VPOS="1436" HPOS="2248"/>
                  <String HEIGHT="152"
                          WIDTH="281"
                          VPOS="1436"
                          HPOS="2107"
                          CONTENT="kronor"/>
               </TextLine>
               <TextLine ID="r1l14"
                         BASELINE="542,1682 635,1676 729,1669 822,1664 916,1660 1009,1654 1103,1650 1196,1646 1290,1643 1383,1640 1477,1636 1570,1632 1664,1628 1757,1625 1851,1621 1944,1617 2038,1614 2131,1610 2225,1605 2318,1599 2412,1594"
                         HEIGHT="160"
                         WIDTH="1870"
                         VPOS="1546"
                         HPOS="542">
                  <String HEIGHT="160"
                          WIDTH="238"
                          VPOS="1546"
                          HPOS="508"
                          CONTENT="och"/>
                  <SP HEIGHT="160" WIDTH="34" VPOS="1546" HPOS="746"/>
                  <String HEIGHT="160"
                          WIDTH="238"
                          VPOS="1546"
                          HPOS="644"
                          CONTENT="för"/>
                  <SP HEIGHT="160" WIDTH="34" VPOS="1546" HPOS="882"/>
                  <String HEIGHT="160"
                          WIDTH="272"
                          VPOS="1546"
                          HPOS="780"
                          CONTENT="egen"/>
                  <SP HEIGHT="160" WIDTH="34" VPOS="1546" HPOS="1052"/>
                  <String HEIGHT="160"
                          WIDTH="238"
                          VPOS="1546"
                          HPOS="950"
                          CONTENT="del"/>
                  <SP HEIGHT="160" WIDTH="34" VPOS="1546" HPOS="1188"/>
                  <String HEIGHT="160"
                          WIDTH="374"
                          VPOS="1546"
                          HPOS="1086"
                          CONTENT="användt"/>
                  <SP HEIGHT="160" WIDTH="34" VPOS="1546" HPOS="1460"/>
                  <String HEIGHT="160"
                          WIDTH="238"
                          VPOS="1546"
                          HPOS="1358"
                          CONTENT="det"/>
                  <SP HEIGHT="160" WIDTH="34" VPOS="1546" HPOS="1596"/>
                  <String HEIGHT="160"
                          WIDTH="374"
                          VPOS="1546"
                          HPOS="1494"
                          CONTENT="ofriga;"/>
                  <SP HEIGHT="160" WIDTH="34" VPOS="1546" HPOS="1868"/>
                  <String HEIGHT="160"
                          WIDTH="272"
                          VPOS="1546"
                          HPOS="1766"
                          CONTENT="samt"/>
                  <SP HEIGHT="160" WIDTH="34" VPOS="1546" HPOS="2038"/>
                  <String HEIGHT="160"
                          WIDTH="238"
                          VPOS="1546"
                          HPOS="1936"
                          CONTENT="att"/>
                  <SP HEIGHT="160" WIDTH="34" VPOS="1546" HPOS="2174"/>
                  <String HEIGHT="160"
                          WIDTH="238"
                          VPOS="1546"
                          HPOS="2072"
                          CONTENT="hon"/>
                  <SP HEIGHT="160" WIDTH="34" VPOS="1546" HPOS="2310"/>
                  <String HEIGHT="160"
                          WIDTH="238"
                          VPOS="1546"
                          HPOS="2174"
                          CONTENT="sjelf"/>
               </TextLine>
               <TextLine ID="r1l15"
                         BASELINE="548,1794 598,1789 648,1786 699,1784 749,1780 800,1777 850,1774 900,1770 951,1769 1001,1766 1052,1764 1102,1762 1152,1760 1203,1757 1253,1754 1304,1752 1354,1750 1404,1748 1455,1745 1505,1742 1556,1740"
                         HEIGHT="126"
                         WIDTH="1008"
                         VPOS="1692"
                         HPOS="548">
                  <String HEIGHT="126"
                          WIDTH="348"
                          VPOS="1692"
                          HPOS="513"
                          CONTENT="brukat"/>
                  <SP HEIGHT="126" WIDTH="35" VPOS="1692" HPOS="861"/>
                  <String HEIGHT="126"
                          WIDTH="209"
                          VPOS="1692"
                          HPOS="757"
                          CONTENT="de"/>
                  <SP HEIGHT="126" WIDTH="35" VPOS="1692" HPOS="965"/>
                  <String HEIGHT="126"
                          WIDTH="348"
                          VPOS="1692"
                          HPOS="861"
                          CONTENT="öfrige"/>
                  <SP HEIGHT="126" WIDTH="35" VPOS="1692" HPOS="1208"/>
                  <String HEIGHT="126"
                          WIDTH="487"
                          VPOS="1692"
                          HPOS="1069"
                          CONTENT="persedlarne."/>
               </TextLine>
               <TextLine ID="r1l16"
                         BASELINE="676,1898 764,1895 852,1892 940,1887 1028,1883 1116,1879 1204,1874 1292,1870 1380,1866 1468,1862 1556,1858 1644,1854 1732,1850 1820,1846 1908,1842 1996,1838 2084,1834 2172,1830 2260,1827 2348,1824 2436,1822"
                         HEIGHT="148"
                         WIDTH="1760"
                         VPOS="1774"
                         HPOS="676">
                  <String HEIGHT="148"
                          WIDTH="216"
                          VPOS="1774"
                          HPOS="640"
                          CONTENT="På"/>
                  <SP HEIGHT="148" WIDTH="36" VPOS="1774" HPOS="856"/>
                  <String HEIGHT="148"
                          WIDTH="323"
                          VPOS="1774"
                          HPOS="748"
                          CONTENT="grund"/>
                  <SP HEIGHT="148" WIDTH="36" VPOS="1774" HPOS="1071"/>
                  <String HEIGHT="148"
                          WIDTH="216"
                          VPOS="1774"
                          HPOS="963"
                          CONTENT="af"/>
                  <SP HEIGHT="148" WIDTH="36" VPOS="1774" HPOS="1179"/>
                  <String HEIGHT="148"
                          WIDTH="287"
                          VPOS="1774"
                          HPOS="1071"
                          CONTENT="hvad"/>
                  <SP HEIGHT="148" WIDTH="36" VPOS="1774" HPOS="1358"/>
                  <String HEIGHT="148"
                          WIDTH="395"
                          VPOS="1774"
                          HPOS="1251"
                          CONTENT="sålunda"/>
                  <SP HEIGHT="148" WIDTH="36" VPOS="1774" HPOS="1646"/>
                  <String HEIGHT="148"
                          WIDTH="539"
                          VPOS="1774"
                          HPOS="1538"
                          CONTENT="förekommit,"/>
                  <SP HEIGHT="148" WIDTH="36" VPOS="1774" HPOS="2077"/>
                  <String HEIGHT="148"
                          WIDTH="359"
                          VPOS="1774"
                          HPOS="1969"
                          CONTENT="kommer"/>
                  <SP HEIGHT="148" WIDTH="36" VPOS="1774" HPOS="2328"/>
                  <String HEIGHT="148"
                          WIDTH="251"
                          VPOS="1774"
                          HPOS="2185"
                          CONTENT="Clara"/>
               </TextLine>
               <TextLine ID="r1l17"
                         BASELINE="542,2034 629,2031 717,2026 805,2020 893,2015 981,2011 1068,2005 1156,2000 1244,1994 1332,1990 1420,1985 1507,1981 1595,1977 1683,1974 1771,1970 1859,1968 1946,1966 2034,1966 2122,1964 2210,1964 2298,1966"
                         HEIGHT="142"
                         WIDTH="1756"
                         VPOS="1916"
                         HPOS="542">
                  <String HEIGHT="142"
                          WIDTH="358"
                          VPOS="1916"
                          HPOS="506"
                          CONTENT="Olivia"/>
                  <SP HEIGHT="142" WIDTH="36" VPOS="1916" HPOS="865"/>
                  <String HEIGHT="142"
                          WIDTH="466"
                          VPOS="1916"
                          HPOS="757"
                          CONTENT="Johansson"/>
                  <SP HEIGHT="142" WIDTH="36" VPOS="1916" HPOS="1223"/>
                  <String HEIGHT="142"
                          WIDTH="251"
                          VPOS="1916"
                          HPOS="1115"
                          CONTENT="att"/>
                  <SP HEIGHT="142" WIDTH="36" VPOS="1916" HPOS="1366"/>
                  <String HEIGHT="142"
                          WIDTH="323"
                          VPOS="1916"
                          HPOS="1259"
                          CONTENT="denna"/>
                  <SP HEIGHT="142" WIDTH="36" VPOS="1916" HPOS="1581"/>
                  <String HEIGHT="142"
                          WIDTH="251"
                          VPOS="1916"
                          HPOS="1474"
                          CONTENT="dag"/>
                  <SP HEIGHT="142" WIDTH="36" VPOS="1916" HPOS="1725"/>
                  <String HEIGHT="142"
                          WIDTH="251"
                          VPOS="1916"
                          HPOS="1617"
                          CONTENT="för"/>
                  <SP HEIGHT="142" WIDTH="36" VPOS="1916" HPOS="1868"/>
                  <String HEIGHT="142"
                          WIDTH="251"
                          VPOS="1916"
                          HPOS="1760"
                          CONTENT="PKn"/>
                  <SP HEIGHT="142" WIDTH="36" VPOS="1916" HPOS="2011"/>
                  <String HEIGHT="142"
                          WIDTH="430"
                          VPOS="1916"
                          HPOS="1868"
                          CONTENT="inställas."/>
               </TextLine>
               <TextLine ID="line_1584605572817_665"
                         BASELINE="1022,2124 1353,2113 1668,2093 1914,2093"
                         HEIGHT="81"
                         WIDTH="893"
                         VPOS="2048"
                         HPOS="1021">
                  <String HEIGHT="81"
                          WIDTH="429"
                          VPOS="2048"
                          HPOS="985"
                          CONTENT="Göteborg"/>
                  <SP HEIGHT="81" WIDTH="36" VPOS="2048" HPOS="1414"/>
                  <String HEIGHT="81"
                          WIDTH="250"
                          VPOS="2048"
                          HPOS="1307"
                          CONTENT="den"/>
                  <SP HEIGHT="81" WIDTH="36" VPOS="2048" HPOS="1557"/>
                  <String HEIGHT="81" WIDTH="179" VPOS="2048" HPOS="1450" CONTENT="4"/>
                  <SP HEIGHT="81" WIDTH="36" VPOS="2048" HPOS="1628"/>
                  <String HEIGHT="81"
                          WIDTH="286"
                          VPOS="2048"
                          HPOS="1521"
                          CONTENT="Mars"/>
                  <SP HEIGHT="81" WIDTH="36" VPOS="2048" HPOS="1807"/>
                  <String HEIGHT="81"
                          WIDTH="250"
                          VPOS="2048"
                          HPOS="1664"
                          CONTENT="1880."/>
               </TextLine>
            </TextBlock>
            <TextBlock ID="region_1584605582554_671"
                       HEIGHT="281"
                       WIDTH="481"
                       VPOS="2163"
                       HPOS="81">
               <Shape>
                  <Polygon POINTS="81,2163 562,2163 562,2444 81,2444"/>
               </Shape>
               <TextLine ID="line_1584605587898_674"
                         BASELINE="162,2250 409,2250"
                         HEIGHT="50"
                         WIDTH="247"
                         VPOS="2205"
                         HPOS="162">
                  <String HEIGHT="50" WIDTH="247" VPOS="2205" HPOS="121" CONTENT="No"/>
                  <SP HEIGHT="50" WIDTH="41" VPOS="2205" HPOS="368"/>
                  <String HEIGHT="50"
                          WIDTH="206"
                          VPOS="2205"
                          HPOS="203"
                          CONTENT="51."/>
               </TextLine>
               <TextLine ID="line_1584605592427_679"
                         BASELINE="89,2392 267,2377 428,2369 545,2367"
                         HEIGHT="75"
                         WIDTH="460"
                         VPOS="2322"
                         HPOS="85">
                  <String HEIGHT="75"
                          WIDTH="298"
                          VPOS="2322"
                          HPOS="58"
                          CONTENT="Augusta"/>
                  <SP HEIGHT="75" WIDTH="27" VPOS="2322" HPOS="356"/>
                  <String HEIGHT="75"
                          WIDTH="298"
                          VPOS="2322"
                          HPOS="247"
                          CONTENT="Andersson"/>
               </TextLine>
            </TextBlock>
            <TextBlock ID="TextRegion_1584605548736_659"
                       HEIGHT="1833"
                       WIDTH="1940"
                       VPOS="2115"
                       HPOS="509">
               <Shape>
                  <Polygon POINTS="509,2187 2449,2115 2446,3933 511,3948"/>
               </Shape>
               <TextLine ID="r1l19"
                         BASELINE="602,2240 692,2240 783,2238 874,2236 964,2234 1055,2230 1146,2226 1236,2222 1327,2217 1418,2213 1509,2208 1599,2203 1690,2199 1781,2196 1871,2192 1962,2190 2053,2188 2143,2188 2234,2188 2325,2190 2416,2192"
                         HEIGHT="124"
                         WIDTH="1814"
                         VPOS="2140"
                         HPOS="602">
                  <String HEIGHT="124"
                          WIDTH="314"
                          VPOS="2140"
                          HPOS="567"
                          CONTENT="Sedan"/>
                  <SP HEIGHT="124" WIDTH="35" VPOS="2140" HPOS="881"/>
                  <String HEIGHT="124"
                          WIDTH="244"
                          VPOS="2140"
                          HPOS="776"
                          CONTENT="PKn"/>
                  <SP HEIGHT="124" WIDTH="35" VPOS="2140" HPOS="1021"/>
                  <String HEIGHT="124"
                          WIDTH="244"
                          VPOS="2140"
                          HPOS="916"
                          CONTENT="den"/>
                  <SP HEIGHT="124" WIDTH="35" VPOS="2140" HPOS="1160"/>
                  <String HEIGHT="124"
                          WIDTH="174"
                          VPOS="2140"
                          HPOS="1056"
                          CONTENT="1"/>
                  <SP HEIGHT="124" WIDTH="35" VPOS="2140" HPOS="1230"/>
                  <String HEIGHT="124"
                          WIDTH="349"
                          VPOS="2140"
                          HPOS="1125"
                          CONTENT="dennes"/>
                  <SP HEIGHT="124" WIDTH="35" VPOS="2140" HPOS="1474"/>
                  <String HEIGHT="124"
                          WIDTH="279"
                          VPOS="2140"
                          HPOS="1369"
                          CONTENT="till"/>
                  <SP HEIGHT="124" WIDTH="35" VPOS="2140" HPOS="1649"/>
                  <String HEIGHT="124"
                          WIDTH="314"
                          VPOS="2140"
                          HPOS="1544"
                          CONTENT="Rådh."/>
                  <SP HEIGHT="124" WIDTH="35" VPOS="2140" HPOS="1858"/>
                  <String HEIGHT="124"
                          WIDTH="209"
                          VPOS="2140"
                          HPOS="1753"
                          CONTENT="Rn"/>
                  <SP HEIGHT="124" WIDTH="35" VPOS="2140" HPOS="1962"/>
                  <String HEIGHT="124"
                          WIDTH="523"
                          VPOS="2140"
                          HPOS="1858"
                          CONTENT="öfverlemnat"/>
                  <SP HEIGHT="124" WIDTH="35" VPOS="2140" HPOS="2381"/>
                  <String HEIGHT="124"
                          WIDTH="174"
                          VPOS="2140"
                          HPOS="2242"
                          CONTENT="den"/>
               </TextLine>
               <TextLine ID="line_1584605512092_636"
                         BASELINE="563,2362 658,2357 773,2350 887,2345 1002,2338 1116,2332 1231,2328 1345,2322 1460,2316 1574,2312 1689,2307 1803,2303 1918,2299 2032,2296 2147,2293 2261,2290 2376,2288"
                         HEIGHT="146"
                         WIDTH="1813"
                         VPOS="2240"
                         HPOS="563">
                  <String HEIGHT="146"
                          WIDTH="330"
                          VPOS="2240"
                          HPOS="530"
                          CONTENT="vidare"/>
                  <SP HEIGHT="146" WIDTH="33" VPOS="2240" HPOS="860"/>
                  <String HEIGHT="146"
                          WIDTH="560"
                          VPOS="2240"
                          HPOS="761"
                          CONTENT="rannsakningen"/>
                  <SP HEIGHT="146" WIDTH="33" VPOS="2240" HPOS="1321"/>
                  <String HEIGHT="146"
                          WIDTH="396"
                          VPOS="2240"
                          HPOS="1222"
                          CONTENT="angående"/>
                  <SP HEIGHT="146" WIDTH="33" VPOS="2240" HPOS="1618"/>
                  <String HEIGHT="146"
                          WIDTH="330"
                          VPOS="2240"
                          HPOS="1519"
                          CONTENT="ogifta"/>
                  <SP HEIGHT="146" WIDTH="33" VPOS="2240" HPOS="1849"/>
                  <String HEIGHT="146"
                          WIDTH="363"
                          VPOS="2240"
                          HPOS="1750"
                          CONTENT="Augusta"/>
                  <SP HEIGHT="146" WIDTH="33" VPOS="2240" HPOS="2112"/>
                  <String HEIGHT="146"
                          WIDTH="396"
                          VPOS="2240"
                          HPOS="1980"
                          CONTENT="Andersson,"/>
               </TextLine>
               <TextLine ID="r1l22"
                         BASELINE="532,2492 623,2484 715,2475 806,2469 898,2462 990,2457 1081,2450 1173,2446 1264,2442 1356,2437 1448,2434 1539,2430 1631,2428 1722,2424 1814,2421 1906,2418 1997,2416 2089,2412 2180,2410 2272,2406 2364,2404"
                         HEIGHT="160"
                         WIDTH="1832"
                         VPOS="2356"
                         HPOS="532">
                  <String HEIGHT="160"
                          WIDTH="311"
                          VPOS="2356"
                          HPOS="501"
                          CONTENT="häktad"/>
                  <SP HEIGHT="160" WIDTH="31" VPOS="2356" HPOS="811"/>
                  <String HEIGHT="160"
                          WIDTH="217"
                          VPOS="2356"
                          HPOS="718"
                          CONTENT="och"/>
                  <SP HEIGHT="160" WIDTH="31" VPOS="2356" HPOS="936"/>
                  <String HEIGHT="160"
                          WIDTH="404"
                          VPOS="2356"
                          HPOS="843"
                          CONTENT="tilltalad"/>
                  <SP HEIGHT="160" WIDTH="31" VPOS="2356" HPOS="1246"/>
                  <String HEIGHT="160"
                          WIDTH="217"
                          VPOS="2356"
                          HPOS="1153"
                          CONTENT="för"/>
                  <SP HEIGHT="160" WIDTH="31" VPOS="2356" HPOS="1370"/>
                  <String HEIGHT="160"
                          WIDTH="373"
                          VPOS="2356"
                          HPOS="1277"
                          CONTENT="olofligt"/>
                  <SP HEIGHT="160" WIDTH="31" VPOS="2356" HPOS="1650"/>
                  <String HEIGHT="160"
                          WIDTH="435"
                          VPOS="2356"
                          HPOS="1557"
                          CONTENT="tillgrepp;"/>
                  <SP HEIGHT="160" WIDTH="31" VPOS="2356" HPOS="1991"/>
                  <String HEIGHT="160"
                          WIDTH="186"
                          VPOS="2356"
                          HPOS="1898"
                          CONTENT="så"/>
                  <SP HEIGHT="160" WIDTH="31" VPOS="2356" HPOS="2085"/>
                  <String HEIGHT="160"
                          WIDTH="217"
                          VPOS="2356"
                          HPOS="1991"
                          CONTENT="har"/>
                  <SP HEIGHT="160" WIDTH="31" VPOS="2356" HPOS="2209"/>
                  <String HEIGHT="160"
                          WIDTH="279"
                          VPOS="2356"
                          HPOS="2085"
                          CONTENT="hustrun"/>
               </TextLine>
               <TextLine ID="r1l23"
                         BASELINE="520,2600 614,2594 709,2589 803,2583 898,2577 993,2571 1087,2565 1182,2560 1276,2555 1371,2549 1466,2544 1560,2539 1655,2534 1749,2529 1844,2524 1939,2520 2033,2516 2128,2512 2222,2509 2317,2506 2412,2502"
                         HEIGHT="170"
                         WIDTH="1892"
                         VPOS="2454"
                         HPOS="520">
                  <String HEIGHT="170"
                          WIDTH="275"
                          VPOS="2454"
                          HPOS="486"
                          CONTENT="Lina"/>
                  <SP HEIGHT="170" WIDTH="34" VPOS="2454" HPOS="761"/>
                  <String HEIGHT="170"
                          WIDTH="413"
                          VPOS="2454"
                          HPOS="658"
                          CONTENT="Fridman,"/>
                  <SP HEIGHT="170" WIDTH="34" VPOS="2454" HPOS="1070"/>
                  <String HEIGHT="170"
                          WIDTH="344"
                          VPOS="2454"
                          HPOS="967"
                          CONTENT="boende"/>
                  <SP HEIGHT="170" WIDTH="34" VPOS="2454" HPOS="1311"/>
                  <String HEIGHT="170"
                          WIDTH="172"
                          VPOS="2454"
                          HPOS="1208"
                          CONTENT="i"/>
                  <SP HEIGHT="170" WIDTH="34" VPOS="2454" HPOS="1380"/>
                  <String HEIGHT="170"
                          WIDTH="310"
                          VPOS="2454"
                          HPOS="1277"
                          CONTENT="huset"/>
                  <SP HEIGHT="170" WIDTH="34" VPOS="2454" HPOS="1586"/>
                  <String HEIGHT="170"
                          WIDTH="206"
                          VPOS="2454"
                          HPOS="1483"
                          CONTENT="No"/>
                  <SP HEIGHT="170" WIDTH="34" VPOS="2454" HPOS="1690"/>
                  <String HEIGHT="170"
                          WIDTH="206"
                          VPOS="2454"
                          HPOS="1586"
                          CONTENT="28"/>
                  <SP HEIGHT="170" WIDTH="34" VPOS="2454" HPOS="1793"/>
                  <String HEIGHT="170"
                          WIDTH="241"
                          VPOS="2454"
                          HPOS="1690"
                          CONTENT="vid"/>
                  <SP HEIGHT="170" WIDTH="34" VPOS="2454" HPOS="1930"/>
                  <String HEIGHT="170"
                          WIDTH="482"
                          VPOS="2454"
                          HPOS="1827"
                          CONTENT="Husargatan"/>
                  <SP HEIGHT="170" WIDTH="34" VPOS="2454" HPOS="2309"/>
                  <String HEIGHT="170"
                          WIDTH="241"
                          VPOS="2454"
                          HPOS="2171"
                          CONTENT="sagde"/>
               </TextLine>
               <TextLine ID="r1l25"
                         BASELINE="528,2702 623,2698 719,2694 815,2690 911,2686 1007,2681 1103,2676 1199,2671 1295,2666 1391,2660 1487,2656 1582,2651 1678,2646 1774,2641 1870,2637 1966,2634 2062,2629 2158,2626 2254,2623 2350,2621 2446,2620"
                         HEIGHT="154"
                         WIDTH="1918"
                         VPOS="2572"
                         HPOS="528">
                  <String HEIGHT="154"
                          WIDTH="207"
                          VPOS="2572"
                          HPOS="498"
                          CONTENT="dag"/>
                  <SP HEIGHT="154" WIDTH="30" VPOS="2572" HPOS="705"/>
                  <String HEIGHT="154"
                          WIDTH="236"
                          VPOS="2572"
                          HPOS="617"
                          CONTENT="till"/>
                  <SP HEIGHT="154" WIDTH="30" VPOS="2572" HPOS="853"/>
                  <String HEIGHT="154"
                          WIDTH="649"
                          VPOS="2572"
                          HPOS="764"
                          CONTENT="detektivkonstapeln"/>
                  <SP HEIGHT="154" WIDTH="30" VPOS="2572" HPOS="1413"/>
                  <String HEIGHT="154"
                          WIDTH="177"
                          VPOS="2572"
                          HPOS="1325"
                          CONTENT="P."/>
                  <SP HEIGHT="154" WIDTH="30" VPOS="2572" HPOS="1502"/>
                  <String HEIGHT="154"
                          WIDTH="354"
                          VPOS="2572"
                          HPOS="1413"
                          CONTENT="Lindgren"/>
                  <SP HEIGHT="154" WIDTH="30" VPOS="2572" HPOS="1767"/>
                  <String HEIGHT="154"
                          WIDTH="443"
                          VPOS="2572"
                          HPOS="1679"
                          CONTENT="öfverlemnat"/>
                  <SP HEIGHT="154" WIDTH="30" VPOS="2572" HPOS="2121"/>
                  <String HEIGHT="154"
                          WIDTH="472"
                          VPOS="2572"
                          HPOS="2033"
                          CONTENT="pantsedlarne"/>
                  <SP HEIGHT="154" WIDTH="30" VPOS="2572" HPOS="2505"/>
                  <String HEIGHT="154" WIDTH="59" VPOS="2572" HPOS="2387" CONTENT=""/>
               </TextLine>
               <TextLine ID="r1l26"
                         BASELINE="528,2816 621,2814 715,2812 809,2810 902,2806 996,2802 1090,2797 1183,2793 1277,2788 1371,2782 1465,2777 1558,2771 1652,2764 1746,2760 1839,2755 1933,2750 2027,2745 2120,2742 2214,2738 2308,2736 2402,2734"
                         HEIGHT="154"
                         WIDTH="1874"
                         VPOS="2686"
                         HPOS="528">
                  <String HEIGHT="154"
                          WIDTH="184"
                          VPOS="2686"
                          HPOS="497"
                          CONTENT="No"/>
                  <SP HEIGHT="154" WIDTH="31" VPOS="2686" HPOS="682"/>
                  <String HEIGHT="154"
                          WIDTH="307"
                          VPOS="2686"
                          HPOS="589"
                          CONTENT="21,722"/>
                  <SP HEIGHT="154" WIDTH="31" VPOS="2686" HPOS="897"/>
                  <String HEIGHT="154" WIDTH="154" VPOS="2686" HPOS="804" CONTENT="å"/>
                  <SP HEIGHT="154" WIDTH="31" VPOS="2686" HPOS="958"/>
                  <String HEIGHT="154"
                          WIDTH="246"
                          VPOS="2686"
                          HPOS="866"
                          CONTENT="tyg,"/>
                  <SP HEIGHT="154" WIDTH="31" VPOS="2686" HPOS="1112"/>
                  <String HEIGHT="154"
                          WIDTH="307"
                          VPOS="2686"
                          HPOS="1020"
                          CONTENT="belånt"/>
                  <SP HEIGHT="154" WIDTH="31" VPOS="2686" HPOS="1327"/>
                  <String HEIGHT="154"
                          WIDTH="215"
                          VPOS="2686"
                          HPOS="1235"
                          CONTENT="den"/>
                  <SP HEIGHT="154" WIDTH="31" VPOS="2686" HPOS="1450"/>
                  <String HEIGHT="154"
                          WIDTH="184"
                          VPOS="2686"
                          HPOS="1357"
                          CONTENT="24"/>
                  <SP HEIGHT="154" WIDTH="31" VPOS="2686" HPOS="1542"/>
                  <String HEIGHT="154"
                          WIDTH="276"
                          VPOS="2686"
                          HPOS="1450"
                          CONTENT="sist."/>
                  <SP HEIGHT="154" WIDTH="31" VPOS="2686" HPOS="1726"/>
                  <String HEIGHT="154"
                          WIDTH="338"
                          VPOS="2686"
                          HPOS="1634"
                          CONTENT="Januari"/>
                  <SP HEIGHT="154" WIDTH="31" VPOS="2686" HPOS="1972"/>
                  <String HEIGHT="154"
                          WIDTH="215"
                          VPOS="2686"
                          HPOS="1880"
                          CONTENT="med"/>
                  <SP HEIGHT="154" WIDTH="31" VPOS="2686" HPOS="2095"/>
                  <String HEIGHT="154"
                          WIDTH="154"
                          VPOS="2686"
                          HPOS="2003"
                          CONTENT="2"/>
                  <SP HEIGHT="154" WIDTH="31" VPOS="2686" HPOS="2156"/>
                  <String HEIGHT="154"
                          WIDTH="307"
                          VPOS="2686"
                          HPOS="2064"
                          CONTENT="Kronor"/>
                  <SP HEIGHT="154" WIDTH="31" VPOS="2686" HPOS="2371"/>
                  <String HEIGHT="154"
                          WIDTH="154"
                          VPOS="2686"
                          HPOS="2248"
                          CONTENT="och"/>
               </TextLine>
               <TextLine ID="r1l27"
                         BASELINE="620,2916 709,2916 798,2916 888,2914 977,2912 1067,2909 1156,2905 1245,2901 1335,2896 1424,2891 1514,2886 1603,2881 1692,2875 1782,2870 1871,2866 1961,2862 2050,2858 2139,2856 2229,2854 2318,2854 2408,2854"
                         HEIGHT="134"
                         WIDTH="1788"
                         VPOS="2806"
                         HPOS="620">
                  <String HEIGHT="134"
                          WIDTH="314"
                          VPOS="2806"
                          HPOS="589"
                          CONTENT="21,227"/>
                  <SP HEIGHT="134" WIDTH="31" VPOS="2806" HPOS="902"/>
                  <String HEIGHT="134" WIDTH="157" VPOS="2806" HPOS="808" CONTENT="å"/>
                  <SP HEIGHT="134" WIDTH="31" VPOS="2806" HPOS="965"/>
                  <String HEIGHT="134"
                          WIDTH="188"
                          VPOS="2806"
                          HPOS="871"
                          CONTENT="en"/>
                  <SP HEIGHT="134" WIDTH="31" VPOS="2806" HPOS="1059"/>
                  <String HEIGHT="134"
                          WIDTH="251"
                          VPOS="2806"
                          HPOS="965"
                          CONTENT="duk,"/>
                  <SP HEIGHT="134" WIDTH="31" VPOS="2806" HPOS="1216"/>
                  <String HEIGHT="134"
                          WIDTH="314"
                          VPOS="2806"
                          HPOS="1122"
                          CONTENT="belånt"/>
                  <SP HEIGHT="134" WIDTH="31" VPOS="2806" HPOS="1436"/>
                  <String HEIGHT="134"
                          WIDTH="220"
                          VPOS="2806"
                          HPOS="1341"
                          CONTENT="den"/>
                  <SP HEIGHT="134" WIDTH="31" VPOS="2806" HPOS="1561"/>
                  <String HEIGHT="134"
                          WIDTH="188"
                          VPOS="2806"
                          HPOS="1467"
                          CONTENT="20"/>
                  <SP HEIGHT="134" WIDTH="31" VPOS="2806" HPOS="1655"/>
                  <String HEIGHT="134"
                          WIDTH="157"
                          VPOS="2806"
                          HPOS="1561"
                          CONTENT="i"/>
                  <SP HEIGHT="134" WIDTH="31" VPOS="2806" HPOS="1718"/>
                  <String HEIGHT="134"
                          WIDTH="282"
                          VPOS="2806"
                          HPOS="1624"
                          CONTENT="samma"/>
                  <SP HEIGHT="134" WIDTH="31" VPOS="2806" HPOS="1906"/>
                  <String HEIGHT="134"
                          WIDTH="282"
                          VPOS="2806"
                          HPOS="1812"
                          CONTENT="månad"/>
                  <SP HEIGHT="134" WIDTH="31" VPOS="2806" HPOS="2094"/>
                  <String HEIGHT="134"
                          WIDTH="220"
                          VPOS="2806"
                          HPOS="2000"
                          CONTENT="med"/>
                  <SP HEIGHT="134" WIDTH="31" VPOS="2806" HPOS="2220"/>
                  <String HEIGHT="134"
                          WIDTH="188"
                          VPOS="2806"
                          HPOS="2126"
                          CONTENT="En"/>
                  <SP HEIGHT="134" WIDTH="31" VPOS="2806" HPOS="2314"/>
                  <String HEIGHT="134"
                          WIDTH="220"
                          VPOS="2806"
                          HPOS="2188"
                          CONTENT="Krona"/>
               </TextLine>
               <TextLine ID="r1l28"
                         BASELINE="836,3020 915,3016 995,3012 1075,3007 1155,3003 1235,3000 1314,2996 1394,2992 1474,2988 1554,2986 1634,2982 1713,2979 1793,2976 1873,2973 1953,2970 2033,2968 2112,2966 2192,2962 2272,2960 2352,2958 2432,2956"
                         HEIGHT="128"
                         WIDTH="1596"
                         VPOS="2913"
                         HPOS="836">
                  <String HEIGHT="128" WIDTH="153" VPOS="2913" HPOS="805" CONTENT="å"/>
                  <SP HEIGHT="128" WIDTH="31" VPOS="2913" HPOS="959"/>
                  <String HEIGHT="128"
                          WIDTH="368"
                          VPOS="2913"
                          HPOS="867"
                          CONTENT="Majornas"/>
                  <SP HEIGHT="128" WIDTH="31" VPOS="2913" HPOS="1235"/>
                  <String HEIGHT="128"
                          WIDTH="552"
                          VPOS="2913"
                          HPOS="1143"
                          CONTENT="Pantlånekontor"/>
                  <SP HEIGHT="128" WIDTH="31" VPOS="2913" HPOS="1695"/>
                  <String HEIGHT="128"
                          WIDTH="153"
                          VPOS="2913"
                          HPOS="1603"
                          CONTENT="i"/>
                  <SP HEIGHT="128" WIDTH="31" VPOS="2913" HPOS="1757"/>
                  <String HEIGHT="128"
                          WIDTH="276"
                          VPOS="2913"
                          HPOS="1665"
                          CONTENT="huset"/>
                  <SP HEIGHT="128" WIDTH="31" VPOS="2913" HPOS="1941"/>
                  <String HEIGHT="128"
                          WIDTH="184"
                          VPOS="2913"
                          HPOS="1849"
                          CONTENT="No"/>
                  <SP HEIGHT="128" WIDTH="31" VPOS="2913" HPOS="2033"/>
                  <String HEIGHT="128"
                          WIDTH="215"
                          VPOS="2913"
                          HPOS="1941"
                          CONTENT="142"/>
                  <SP HEIGHT="128" WIDTH="31" VPOS="2913" HPOS="2156"/>
                  <String HEIGHT="128"
                          WIDTH="184"
                          VPOS="2913"
                          HPOS="2064"
                          CONTENT="af"/>
                  <SP HEIGHT="128" WIDTH="31" VPOS="2913" HPOS="2248"/>
                  <String HEIGHT="128"
                          WIDTH="307"
                          VPOS="2913"
                          HPOS="2125"
                          CONTENT="Majornas"/>
               </TextLine>
               <TextLine ID="r1l29"
                         BASELINE="840,3110 865,3108 890,3107 915,3106 940,3104 965,3102 990,3102 1016,3100 1041,3098 1066,3097 1091,3094 1116,3093 1141,3091 1166,3090 1192,3088"
                         HEIGHT="82"
                         WIDTH="352"
                         VPOS="3048"
                         HPOS="840">
                  <String HEIGHT="82"
                          WIDTH="293"
                          VPOS="3048"
                          HPOS="811"
                          CONTENT="Tredje"/>
                  <SP HEIGHT="82" WIDTH="29" VPOS="3048" HPOS="1104"/>
                  <String HEIGHT="82"
                          WIDTH="205"
                          VPOS="3048"
                          HPOS="987"
                          CONTENT="rote."/>
               </TextLine>
               <TextLine ID="r1l30"
                         BASELINE="612,3198 700,3196 789,3192 878,3188 967,3184 1056,3180 1144,3175 1233,3172 1322,3166 1411,3162 1500,3156 1588,3152 1677,3147 1766,3143 1855,3139 1944,3135 2032,3131 2121,3128 2210,3126 2299,3122 2388,3122"
                         HEIGHT="136"
                         WIDTH="1776"
                         VPOS="3082"
                         HPOS="612">
                  <String HEIGHT="136"
                          WIDTH="291"
                          VPOS="3082"
                          HPOS="583"
                          CONTENT="19,357"/>
                  <SP HEIGHT="136" WIDTH="29" VPOS="3082" HPOS="874"/>
                  <String HEIGHT="136" WIDTH="146" VPOS="3082" HPOS="787" CONTENT="å"/>
                  <SP HEIGHT="136" WIDTH="29" VPOS="3082" HPOS="932"/>
                  <String HEIGHT="136"
                          WIDTH="175"
                          VPOS="3082"
                          HPOS="845"
                          CONTENT="en"/>
                  <SP HEIGHT="136" WIDTH="29" VPOS="3082" HPOS="1020"/>
                  <String HEIGHT="136"
                          WIDTH="349"
                          VPOS="3082"
                          HPOS="932"
                          CONTENT="ylleduk,"/>
                  <SP HEIGHT="136" WIDTH="29" VPOS="3082" HPOS="1282"/>
                  <String HEIGHT="136"
                          WIDTH="320"
                          VPOS="3082"
                          HPOS="1194"
                          CONTENT="belånad"/>
                  <SP HEIGHT="136" WIDTH="29" VPOS="3082" HPOS="1515"/>
                  <String HEIGHT="136"
                          WIDTH="204"
                          VPOS="3082"
                          HPOS="1427"
                          CONTENT="med"/>
                  <SP HEIGHT="136" WIDTH="29" VPOS="3082" HPOS="1631"/>
                  <String HEIGHT="136"
                          WIDTH="175"
                          VPOS="3082"
                          HPOS="1544"
                          CONTENT="En"/>
                  <SP HEIGHT="136" WIDTH="29" VPOS="3082" HPOS="1718"/>
                  <String HEIGHT="136"
                          WIDTH="262"
                          VPOS="3082"
                          HPOS="1631"
                          CONTENT="Krona"/>
                  <SP HEIGHT="136" WIDTH="29" VPOS="3082" HPOS="1893"/>
                  <String HEIGHT="136"
                          WIDTH="204"
                          VPOS="3082"
                          HPOS="1806"
                          CONTENT="den"/>
                  <SP HEIGHT="136" WIDTH="29" VPOS="3082" HPOS="2010"/>
                  <String HEIGHT="136"
                          WIDTH="175"
                          VPOS="3082"
                          HPOS="1922"
                          CONTENT="13"/>
                  <SP HEIGHT="136" WIDTH="29" VPOS="3082" HPOS="2097"/>
                  <String HEIGHT="136"
                          WIDTH="262"
                          VPOS="3082"
                          HPOS="2010"
                          CONTENT="sist."/>
                  <SP HEIGHT="136" WIDTH="29" VPOS="3082" HPOS="2272"/>
                  <String HEIGHT="136"
                          WIDTH="233"
                          VPOS="3082"
                          HPOS="2155"
                          CONTENT="Decbr;"/>
               </TextLine>
               <TextLine ID="r1l31"
                         BASELINE="616,3288 706,3286 797,3284 888,3281 978,3278 1069,3274 1160,3270 1250,3268 1341,3262 1432,3258 1523,3255 1613,3251 1704,3247 1795,3242 1885,3238 1976,3234 2067,3230 2157,3228 2248,3224 2339,3220 2430,3218"
                         HEIGHT="137"
                         WIDTH="1814"
                         VPOS="3173"
                         HPOS="616">
                  <String HEIGHT="137"
                          WIDTH="293"
                          VPOS="3173"
                          HPOS="587"
                          CONTENT="19,832"/>
                  <SP HEIGHT="137" WIDTH="29" VPOS="3173" HPOS="879"/>
                  <String HEIGHT="137" WIDTH="146" VPOS="3173" HPOS="792" CONTENT="å"/>
                  <SP HEIGHT="137" WIDTH="29" VPOS="3173" HPOS="938"/>
                  <String HEIGHT="137"
                          WIDTH="176"
                          VPOS="3173"
                          HPOS="850"
                          CONTENT="en"/>
                  <SP HEIGHT="137" WIDTH="29" VPOS="3173" HPOS="1026"/>
                  <String HEIGHT="137"
                          WIDTH="263"
                          VPOS="3173"
                          HPOS="938"
                          CONTENT="ring,"/>
                  <SP HEIGHT="137" WIDTH="29" VPOS="3173" HPOS="1201"/>
                  <String HEIGHT="137"
                          WIDTH="322"
                          VPOS="3173"
                          HPOS="1113"
                          CONTENT="belånad"/>
                  <SP HEIGHT="137" WIDTH="29" VPOS="3173" HPOS="1435"/>
                  <String HEIGHT="137"
                          WIDTH="205"
                          VPOS="3173"
                          HPOS="1347"
                          CONTENT="med"/>
                  <SP HEIGHT="137" WIDTH="29" VPOS="3173" HPOS="1552"/>
                  <String HEIGHT="137"
                          WIDTH="146"
                          VPOS="3173"
                          HPOS="1464"
                          CONTENT="2"/>
                  <SP HEIGHT="137" WIDTH="29" VPOS="3173" HPOS="1611"/>
                  <String HEIGHT="137"
                          WIDTH="176"
                          VPOS="3173"
                          HPOS="1523"
                          CONTENT="Kr"/>
                  <SP HEIGHT="137" WIDTH="29" VPOS="3173" HPOS="1699"/>
                  <String HEIGHT="137"
                          WIDTH="146"
                          VPOS="3173"
                          HPOS="1611"
                          CONTENT="8"/>
                  <SP HEIGHT="137" WIDTH="29" VPOS="3173" HPOS="1757"/>
                  <String HEIGHT="137"
                          WIDTH="205"
                          VPOS="3173"
                          HPOS="1669"
                          CONTENT="öre"/>
                  <SP HEIGHT="137" WIDTH="29" VPOS="3173" HPOS="1874"/>
                  <String HEIGHT="137"
                          WIDTH="205"
                          VPOS="3173"
                          HPOS="1786"
                          CONTENT="den"/>
                  <SP HEIGHT="137" WIDTH="29" VPOS="3173" HPOS="1991"/>
                  <String HEIGHT="137"
                          WIDTH="176"
                          VPOS="3173"
                          HPOS="1903"
                          CONTENT="23"/>
                  <SP HEIGHT="137" WIDTH="29" VPOS="3173" HPOS="2079"/>
                  <String HEIGHT="137"
                          WIDTH="146"
                          VPOS="3173"
                          HPOS="1991"
                          CONTENT="i"/>
                  <SP HEIGHT="137" WIDTH="29" VPOS="3173" HPOS="2137"/>
                  <String HEIGHT="137"
                          WIDTH="263"
                          VPOS="3173"
                          HPOS="2050"
                          CONTENT="samma"/>
                  <SP HEIGHT="137" WIDTH="29" VPOS="3173" HPOS="2313"/>
                  <String HEIGHT="137"
                          WIDTH="234"
                          VPOS="3173"
                          HPOS="2196"
                          CONTENT="månad,"/>
               </TextLine>
               <TextLine ID="r1l32"
                         BASELINE="618,3388 707,3386 796,3382 885,3380 974,3376 1064,3372 1153,3367 1242,3364 1331,3360 1420,3356 1510,3350 1599,3346 1688,3344 1777,3339 1866,3336 1956,3333 2045,3330 2134,3327 2223,3326 2312,3324 2402,3322"
                         HEIGHT="138"
                         WIDTH="1784"
                         VPOS="3274"
                         HPOS="618">
                  <String HEIGHT="138"
                          WIDTH="297"
                          VPOS="3274"
                          HPOS="588"
                          CONTENT="17,666"/>
                  <SP HEIGHT="138" WIDTH="30" VPOS="3274" HPOS="886"/>
                  <String HEIGHT="138" WIDTH="149" VPOS="3274" HPOS="796" CONTENT="å"/>
                  <SP HEIGHT="138" WIDTH="30" VPOS="3274" HPOS="945"/>
                  <String HEIGHT="138"
                          WIDTH="327"
                          VPOS="3274"
                          HPOS="856"
                          CONTENT="pjexor,"/>
                  <SP HEIGHT="138" WIDTH="30" VPOS="3274" HPOS="1183"/>
                  <String HEIGHT="138"
                          WIDTH="327"
                          VPOS="3274"
                          HPOS="1094"
                          CONTENT="belånte"/>
                  <SP HEIGHT="138" WIDTH="30" VPOS="3274" HPOS="1421"/>
                  <String HEIGHT="138"
                          WIDTH="208"
                          VPOS="3274"
                          HPOS="1332"
                          CONTENT="med"/>
                  <SP HEIGHT="138" WIDTH="30" VPOS="3274" HPOS="1540"/>
                  <String HEIGHT="138"
                          WIDTH="149"
                          VPOS="3274"
                          HPOS="1451"
                          CONTENT="4"/>
                  <SP HEIGHT="138" WIDTH="30" VPOS="3274" HPOS="1599"/>
                  <String HEIGHT="138"
                          WIDTH="297"
                          VPOS="3274"
                          HPOS="1510"
                          CONTENT="Kronor"/>
                  <SP HEIGHT="138" WIDTH="30" VPOS="3274" HPOS="1807"/>
                  <String HEIGHT="138"
                          WIDTH="208"
                          VPOS="3274"
                          HPOS="1718"
                          CONTENT="den"/>
                  <SP HEIGHT="138" WIDTH="30" VPOS="3274" HPOS="1926"/>
                  <String HEIGHT="138"
                          WIDTH="178"
                          VPOS="3274"
                          HPOS="1837"
                          CONTENT="14"/>
                  <SP HEIGHT="138" WIDTH="30" VPOS="3274" HPOS="2015"/>
                  <String HEIGHT="138"
                          WIDTH="268"
                          VPOS="3274"
                          HPOS="1926"
                          CONTENT="sist."/>
                  <SP HEIGHT="138" WIDTH="30" VPOS="3274" HPOS="2194"/>
                  <String HEIGHT="138"
                          WIDTH="268"
                          VPOS="3274"
                          HPOS="2105"
                          CONTENT="Novbr"/>
                  <SP HEIGHT="138" WIDTH="30" VPOS="3274" HPOS="2372"/>
                  <String HEIGHT="138"
                          WIDTH="149"
                          VPOS="3274"
                          HPOS="2253"
                          CONTENT="och"/>
               </TextLine>
               <TextLine ID="r1l33"
                         BASELINE="636,3476 723,3476 811,3474 899,3474 987,3472 1075,3470 1162,3468 1250,3466 1338,3464 1426,3462 1514,3458 1601,3456 1689,3452 1777,3450 1865,3446 1953,3442 2040,3438 2128,3436 2216,3432 2304,3427 2392,3424"
                         HEIGHT="124"
                         WIDTH="1756"
                         VPOS="3376"
                         HPOS="636">
                  <String HEIGHT="124"
                          WIDTH="242"
                          VPOS="3376"
                          HPOS="606"
                          CONTENT="1863"/>
                  <SP HEIGHT="124" WIDTH="30" VPOS="3376" HPOS="848"/>
                  <String HEIGHT="124" WIDTH="151" VPOS="3376" HPOS="757" CONTENT="å"/>
                  <SP HEIGHT="124" WIDTH="30" VPOS="3376" HPOS="908"/>
                  <String HEIGHT="124"
                          WIDTH="182"
                          VPOS="3376"
                          HPOS="818"
                          CONTENT="en"/>
                  <SP HEIGHT="124" WIDTH="30" VPOS="3376" HPOS="999"/>
                  <String HEIGHT="124"
                          WIDTH="363"
                          VPOS="3376"
                          HPOS="908"
                          CONTENT="halsduk,"/>
                  <SP HEIGHT="124" WIDTH="30" VPOS="3376" HPOS="1272"/>
                  <String HEIGHT="124"
                          WIDTH="333"
                          VPOS="3376"
                          HPOS="1181"
                          CONTENT="belånad"/>
                  <SP HEIGHT="124" WIDTH="30" VPOS="3376" HPOS="1514"/>
                  <String HEIGHT="124"
                          WIDTH="212"
                          VPOS="3376"
                          HPOS="1423"
                          CONTENT="med"/>
                  <SP HEIGHT="124" WIDTH="30" VPOS="3376" HPOS="1635"/>
                  <String HEIGHT="124"
                          WIDTH="182"
                          VPOS="3376"
                          HPOS="1544"
                          CONTENT="75"/>
                  <SP HEIGHT="124" WIDTH="30" VPOS="3376" HPOS="1726"/>
                  <String HEIGHT="124"
                          WIDTH="212"
                          VPOS="3376"
                          HPOS="1635"
                          CONTENT="öre"/>
                  <SP HEIGHT="124" WIDTH="30" VPOS="3376" HPOS="1847"/>
                  <String HEIGHT="124"
                          WIDTH="212"
                          VPOS="3376"
                          HPOS="1756"
                          CONTENT="den"/>
                  <SP HEIGHT="124" WIDTH="30" VPOS="3376" HPOS="1968"/>
                  <String HEIGHT="124"
                          WIDTH="182"
                          VPOS="3376"
                          HPOS="1877"
                          CONTENT="31"/>
                  <SP HEIGHT="124" WIDTH="30" VPOS="3376" HPOS="2059"/>
                  <String HEIGHT="124"
                          WIDTH="272"
                          VPOS="3376"
                          HPOS="1968"
                          CONTENT="sist."/>
                  <SP HEIGHT="124" WIDTH="30" VPOS="3376" HPOS="2241"/>
                  <String HEIGHT="124"
                          WIDTH="272"
                          VPOS="3376"
                          HPOS="2120"
                          CONTENT="Januari"/>
               </TextLine>
               <TextLine ID="r1l34"
                         BASELINE="776,3566 857,3566 939,3566 1021,3566 1103,3566 1185,3564 1267,3564 1349,3562 1431,3560 1513,3558 1595,3556 1676,3554 1758,3550 1840,3548 1922,3546 2004,3543 2086,3540 2168,3538 2250,3536 2332,3534 2414,3532"
                         HEIGHT="103"
                         WIDTH="1638"
                         VPOS="3486"
                         HPOS="776">
                  <String HEIGHT="103"
                          WIDTH="205"
                          VPOS="3486"
                          HPOS="747"
                          CONTENT="hos"/>
                  <SP HEIGHT="103" WIDTH="29" VPOS="3486" HPOS="952"/>
                  <String HEIGHT="103"
                          WIDTH="497"
                          VPOS="3486"
                          HPOS="864"
                          CONTENT="Pantlånerskan"/>
                  <SP HEIGHT="103" WIDTH="29" VPOS="3486" HPOS="1361"/>
                  <String HEIGHT="103"
                          WIDTH="176"
                          VPOS="3486"
                          HPOS="1273"
                          CONTENT="J."/>
                  <SP HEIGHT="103" WIDTH="29" VPOS="3486" HPOS="1449"/>
                  <String HEIGHT="103"
                          WIDTH="322"
                          VPOS="3486"
                          HPOS="1361"
                          CONTENT="Jönsson"/>
                  <SP HEIGHT="103" WIDTH="29" VPOS="3486" HPOS="1683"/>
                  <String HEIGHT="103"
                          WIDTH="146"
                          VPOS="3486"
                          HPOS="1595"
                          CONTENT="i"/>
                  <SP HEIGHT="103" WIDTH="29" VPOS="3486" HPOS="1741"/>
                  <String HEIGHT="103"
                          WIDTH="263"
                          VPOS="3486"
                          HPOS="1654"
                          CONTENT="huset"/>
                  <SP HEIGHT="103" WIDTH="29" VPOS="3486" HPOS="1917"/>
                  <String HEIGHT="103"
                          WIDTH="176"
                          VPOS="3486"
                          HPOS="1829"
                          CONTENT="No"/>
                  <SP HEIGHT="103" WIDTH="29" VPOS="3486" HPOS="2005"/>
                  <String HEIGHT="103"
                          WIDTH="146"
                          VPOS="3486"
                          HPOS="1917"
                          CONTENT="6"/>
                  <SP HEIGHT="103" WIDTH="29" VPOS="3486" HPOS="2063"/>
                  <String HEIGHT="103"
                          WIDTH="205"
                          VPOS="3486"
                          HPOS="1975"
                          CONTENT="vid"/>
                  <SP HEIGHT="103" WIDTH="29" VPOS="3486" HPOS="2180"/>
                  <String HEIGHT="103"
                          WIDTH="351"
                          VPOS="3486"
                          HPOS="2063"
                          CONTENT="Eklundsgtn"/>
               </TextLine>
               <TextLine ID="r1l35"
                         BASELINE="592,3660 683,3660 775,3660 867,3660 959,3660 1051,3658 1143,3658 1235,3656 1327,3654 1419,3652 1511,3651 1602,3648 1694,3647 1786,3644 1878,3642 1970,3640 2062,3638 2154,3636 2246,3634 2338,3632 2430,3630"
                         HEIGHT="99"
                         WIDTH="1838"
                         VPOS="3584"
                         HPOS="592">
                  <String HEIGHT="99"
                          WIDTH="241"
                          VPOS="3584"
                          HPOS="562"
                          CONTENT="4609"/>
                  <SP HEIGHT="99" WIDTH="30" VPOS="3584" HPOS="803"/>
                  <String HEIGHT="99" WIDTH="151" VPOS="3584" HPOS="713" CONTENT="å"/>
                  <SP HEIGHT="99" WIDTH="30" VPOS="3584" HPOS="863"/>
                  <String HEIGHT="99" WIDTH="181" VPOS="3584" HPOS="773" CONTENT="en"/>
                  <SP HEIGHT="99" WIDTH="30" VPOS="3584" HPOS="954"/>
                  <String HEIGHT="99"
                          WIDTH="392"
                          VPOS="3584"
                          HPOS="863"
                          CONTENT="guldring,"/>
                  <SP HEIGHT="99" WIDTH="30" VPOS="3584" HPOS="1255"/>
                  <String HEIGHT="99"
                          WIDTH="331"
                          VPOS="3584"
                          HPOS="1164"
                          CONTENT="belånad"/>
                  <SP HEIGHT="99" WIDTH="30" VPOS="3584" HPOS="1496"/>
                  <String HEIGHT="99"
                          WIDTH="211"
                          VPOS="3584"
                          HPOS="1406"
                          CONTENT="med"/>
                  <SP HEIGHT="99" WIDTH="30" VPOS="3584" HPOS="1616"/>
                  <String HEIGHT="99" WIDTH="151" VPOS="3584" HPOS="1526" CONTENT="2"/>
                  <SP HEIGHT="99" WIDTH="30" VPOS="3584" HPOS="1677"/>
                  <String HEIGHT="99"
                          WIDTH="301"
                          VPOS="3584"
                          HPOS="1586"
                          CONTENT="Kronor"/>
                  <SP HEIGHT="99" WIDTH="30" VPOS="3584" HPOS="1888"/>
                  <String HEIGHT="99"
                          WIDTH="211"
                          VPOS="3584"
                          HPOS="1797"
                          CONTENT="den"/>
                  <SP HEIGHT="99" WIDTH="30" VPOS="3584" HPOS="2008"/>
                  <String HEIGHT="99" WIDTH="151" VPOS="3584" HPOS="1918" CONTENT="9"/>
                  <SP HEIGHT="99" WIDTH="30" VPOS="3584" HPOS="2068"/>
                  <String HEIGHT="99"
                          WIDTH="271"
                          VPOS="3584"
                          HPOS="1978"
                          CONTENT="sist."/>
                  <SP HEIGHT="99" WIDTH="30" VPOS="3584" HPOS="2249"/>
                  <String HEIGHT="99"
                          WIDTH="301"
                          VPOS="3584"
                          HPOS="2129"
                          CONTENT="December"/>
               </TextLine>
               <TextLine ID="r1l36"
                         BASELINE="566,3758 658,3758 751,3758 844,3758 937,3756 1030,3756 1122,3754 1215,3754 1308,3752 1401,3750 1494,3748 1586,3747 1679,3746 1772,3744 1865,3742 1958,3742 2050,3740 2143,3740 2236,3738 2329,3738 2422,3738"
                         HEIGHT="69"
                         WIDTH="1856"
                         VPOS="3705"
                         HPOS="566">
                  <String HEIGHT="69"
                          WIDTH="243"
                          VPOS="3705"
                          HPOS="536"
                          CONTENT="5174"/>
                  <SP HEIGHT="69" WIDTH="30" VPOS="3705" HPOS="779"/>
                  <String HEIGHT="69" WIDTH="152" VPOS="3705" HPOS="688" CONTENT="å"/>
                  <SP HEIGHT="69" WIDTH="30" VPOS="3705" HPOS="840"/>
                  <String HEIGHT="69"
                          WIDTH="669"
                          VPOS="3705"
                          HPOS="749"
                          CONTENT="fruntimmerspjexor,"/>
                  <SP HEIGHT="69" WIDTH="30" VPOS="3705" HPOS="1418"/>
                  <String HEIGHT="69"
                          WIDTH="335"
                          VPOS="3705"
                          HPOS="1327"
                          CONTENT="belånte"/>
                  <SP HEIGHT="69" WIDTH="30" VPOS="3705" HPOS="1661"/>
                  <String HEIGHT="69"
                          WIDTH="213"
                          VPOS="3705"
                          HPOS="1570"
                          CONTENT="med"/>
                  <SP HEIGHT="69" WIDTH="30" VPOS="3705" HPOS="1783"/>
                  <String HEIGHT="69" WIDTH="152" VPOS="3705" HPOS="1692" CONTENT="3"/>
                  <SP HEIGHT="69" WIDTH="30" VPOS="3705" HPOS="1844"/>
                  <String HEIGHT="69"
                          WIDTH="183"
                          VPOS="3705"
                          HPOS="1753"
                          CONTENT="Kr"/>
                  <SP HEIGHT="69" WIDTH="30" VPOS="3705" HPOS="1935"/>
                  <String HEIGHT="69"
                          WIDTH="213"
                          VPOS="3705"
                          HPOS="1844"
                          CONTENT="den"/>
                  <SP HEIGHT="69" WIDTH="30" VPOS="3705" HPOS="2057"/>
                  <String HEIGHT="69"
                          WIDTH="183"
                          VPOS="3705"
                          HPOS="1966"
                          CONTENT="24"/>
                  <SP HEIGHT="69" WIDTH="30" VPOS="3705" HPOS="2148"/>
                  <String HEIGHT="69" WIDTH="152" VPOS="3705" HPOS="2057" CONTENT="i"/>
                  <SP HEIGHT="69" WIDTH="30" VPOS="3705" HPOS="2209"/>
                  <String HEIGHT="69"
                          WIDTH="274"
                          VPOS="3705"
                          HPOS="2118"
                          CONTENT="samma"/>
                  <SP HEIGHT="69" WIDTH="30" VPOS="3705" HPOS="2392"/>
                  <String HEIGHT="69"
                          WIDTH="152"
                          VPOS="3705"
                          HPOS="2270"
                          CONTENT="må¬"
                          SUBS_TYPE="HypPart1"
                          SUBS_CONTENT="månad"/>
                  <HYP CONTENT="-"/>
               </TextLine>
               <TextLine ID="r1l37"
                         BASELINE="772,3824 797,3823 823,3824 849,3825 874,3827 900,3828 926,3826 952,3824"
                         HEIGHT="54"
                         WIDTH="180"
                         VPOS="3790"
                         HPOS="772">
                  <String HEIGHT="54"
                          WIDTH="180"
                          VPOS="3790"
                          HPOS="746"
                          CONTENT="nad"
                          SUBS_TYPE="HypPart2"
                          SUBS_CONTENT="månad"/>
                  <SP HEIGHT="54" WIDTH="26" VPOS="3790" HPOS="926"/>
                  <String HEIGHT="54"
                          WIDTH="129"
                          VPOS="3790"
                          HPOS="823"
                          CONTENT="och"/>
               </TextLine>
               <TextLine ID="r1l38"
                         BASELINE="576,3908 668,3910 760,3910 852,3912 944,3912 1037,3910 1129,3910 1221,3908 1313,3906 1405,3905 1498,3902 1590,3900 1682,3898 1774,3894 1866,3892 1959,3888 2051,3884 2143,3882 2235,3878 2327,3874 2420,3870"
                         HEIGHT="106"
                         WIDTH="1844"
                         VPOS="3827"
                         HPOS="576">
                  <String HEIGHT="106"
                          WIDTH="250"
                          VPOS="3827"
                          HPOS="545"
                          CONTENT="6416"/>
                  <SP HEIGHT="106" WIDTH="31" VPOS="3827" HPOS="795"/>
                  <String HEIGHT="106" WIDTH="156" VPOS="3827" HPOS="701" CONTENT="å"/>
                  <SP HEIGHT="106" WIDTH="31" VPOS="3827" HPOS="857"/>
                  <String HEIGHT="106"
                          WIDTH="188"
                          VPOS="3827"
                          HPOS="764"
                          CONTENT="en"/>
                  <SP HEIGHT="106" WIDTH="31" VPOS="3827" HPOS="951"/>
                  <String HEIGHT="106"
                          WIDTH="375"
                          VPOS="3827"
                          HPOS="857"
                          CONTENT="ylleduk,"/>
                  <SP HEIGHT="106" WIDTH="31" VPOS="3827" HPOS="1232"/>
                  <String HEIGHT="106"
                          WIDTH="344"
                          VPOS="3827"
                          HPOS="1139"
                          CONTENT="belånad"/>
                  <SP HEIGHT="106" WIDTH="31" VPOS="3827" HPOS="1482"/>
                  <String HEIGHT="106"
                          WIDTH="219"
                          VPOS="3827"
                          HPOS="1389"
                          CONTENT="med"/>
                  <SP HEIGHT="106" WIDTH="31" VPOS="3827" HPOS="1607"/>
                  <String HEIGHT="106"
                          WIDTH="188"
                          VPOS="3827"
                          HPOS="1514"
                          CONTENT="50"/>
                  <SP HEIGHT="106" WIDTH="31" VPOS="3827" HPOS="1701"/>
                  <String HEIGHT="106"
                          WIDTH="219"
                          VPOS="3827"
                          HPOS="1607"
                          CONTENT="öre"/>
                  <SP HEIGHT="106" WIDTH="31" VPOS="3827" HPOS="1826"/>
                  <String HEIGHT="106"
                          WIDTH="219"
                          VPOS="3827"
                          HPOS="1732"
                          CONTENT="hos"/>
                  <SP HEIGHT="106" WIDTH="31" VPOS="3827" HPOS="1951"/>
                  <String HEIGHT="106"
                          WIDTH="469"
                          VPOS="3827"
                          HPOS="1857"
                          CONTENT="Pantlånaren"/>
                  <SP HEIGHT="106" WIDTH="31" VPOS="3827" HPOS="2326"/>
                  <String HEIGHT="106"
                          WIDTH="188"
                          VPOS="3827"
                          HPOS="2232"
                          CONTENT="P."/>
                  <SP HEIGHT="106" WIDTH="31" VPOS="3827" HPOS="2420"/>
                  <String HEIGHT="106"
                          WIDTH="125"
                          VPOS="3827"
                          HPOS="2295"
                          CONTENT="J."/>
               </TextLine>
            </TextBlock>
            <TextBlock ID="r2" HEIGHT="3547" WIDTH="1956" VPOS="233" HPOS="2682">
               <Shape>
                  <Polygon POINTS="2682,233 2682,3780 4638,3780 4638,233"/>
               </Shape>
               <TextLine ID="r2l1"
                         BASELINE="2716,314 2808,308 2900,305 2992,301 3084,298 3177,295 3269,292 3361,290 3453,290 3545,288 3638,288 3730,286 3822,286 3914,286 4006,286 4099,286 4191,286 4283,288 4375,288 4467,288 4560,288"
                         HEIGHT="107"
                         WIDTH="1844"
                         VPOS="233"
                         HPOS="2716">
                  <String HEIGHT="107"
                          WIDTH="318"
                          VPOS="233"
                          HPOS="2684"
                          CONTENT="Osberg"/>
                  <SP HEIGHT="107" WIDTH="32" VPOS="233" HPOS="3002"/>
                  <String HEIGHT="107" WIDTH="159" VPOS="233" HPOS="2907" CONTENT="i"/>
                  <SP HEIGHT="107" WIDTH="32" VPOS="233" HPOS="3066"/>
                  <String HEIGHT="107"
                          WIDTH="286"
                          VPOS="233"
                          HPOS="2970"
                          CONTENT="huset"/>
                  <SP HEIGHT="107" WIDTH="32" VPOS="233" HPOS="3256"/>
                  <String HEIGHT="107"
                          WIDTH="191"
                          VPOS="233"
                          HPOS="3161"
                          CONTENT="No"/>
                  <SP HEIGHT="107" WIDTH="32" VPOS="233" HPOS="3352"/>
                  <String HEIGHT="107" WIDTH="159" VPOS="233" HPOS="3256" CONTENT="3"/>
                  <SP HEIGHT="107" WIDTH="32" VPOS="233" HPOS="3415"/>
                  <String HEIGHT="107"
                          WIDTH="223"
                          VPOS="233"
                          HPOS="3320"
                          CONTENT="vid"/>
                  <SP HEIGHT="107" WIDTH="32" VPOS="233" HPOS="3543"/>
                  <String HEIGHT="107"
                          WIDTH="477"
                          VPOS="233"
                          HPOS="3447"
                          CONTENT="Jerntorget,"/>
                  <SP HEIGHT="107" WIDTH="32" VPOS="233" HPOS="3924"/>
                  <String HEIGHT="107"
                          WIDTH="286"
                          VPOS="233"
                          HPOS="3829"
                          CONTENT="under"/>
                  <SP HEIGHT="107" WIDTH="32" VPOS="233" HPOS="4115"/>
                  <String HEIGHT="107"
                          WIDTH="382"
                          VPOS="233"
                          HPOS="4020"
                          CONTENT="uppgift,"/>
                  <SP HEIGHT="107" WIDTH="32" VPOS="233" HPOS="4401"/>
                  <String HEIGHT="107"
                          WIDTH="223"
                          VPOS="233"
                          HPOS="4306"
                          CONTENT="att"/>
                  <SP HEIGHT="107" WIDTH="32" VPOS="233" HPOS="4528"/>
                  <String HEIGHT="107"
                          WIDTH="159"
                          VPOS="233"
                          HPOS="4401"
                          CONTENT="hon"/>
               </TextLine>
               <TextLine ID="r2l2"
                         BASELINE="2732,446 2826,439 2920,431 3014,426 3108,420 3203,416 3297,411 3391,408 3485,404 3579,402 3674,399 3768,397 3862,396 3956,394 4050,392 4145,392 4239,392 4333,390 4427,390 4521,390 4616,390"
                         HEIGHT="135"
                         WIDTH="1884"
                         VPOS="337"
                         HPOS="2732">
                  <String HEIGHT="135"
                          WIDTH="404"
                          VPOS="337"
                          HPOS="2698"
                          CONTENT="mottagit"/>
                  <SP HEIGHT="135" WIDTH="34" VPOS="337" HPOS="3102"/>
                  <String HEIGHT="135"
                          WIDTH="236"
                          VPOS="337"
                          HPOS="3001"
                          CONTENT="dem"/>
                  <SP HEIGHT="135" WIDTH="34" VPOS="337" HPOS="3237"/>
                  <String HEIGHT="135"
                          WIDTH="202"
                          VPOS="337"
                          HPOS="3136"
                          CONTENT="af"/>
                  <SP HEIGHT="135" WIDTH="34" VPOS="337" HPOS="3338"/>
                  <String HEIGHT="135"
                          WIDTH="370"
                          VPOS="337"
                          HPOS="3237"
                          CONTENT="bemälde"/>
                  <SP HEIGHT="135" WIDTH="34" VPOS="337" HPOS="3607"/>
                  <String HEIGHT="135"
                          WIDTH="370"
                          VPOS="337"
                          HPOS="3506"
                          CONTENT="Augusta"/>
                  <SP HEIGHT="135" WIDTH="34" VPOS="337" HPOS="3876"/>
                  <String HEIGHT="135"
                          WIDTH="437"
                          VPOS="337"
                          HPOS="3775"
                          CONTENT="Andersson"/>
                  <SP HEIGHT="135" WIDTH="34" VPOS="337" HPOS="4212"/>
                  <String HEIGHT="135"
                          WIDTH="303"
                          VPOS="337"
                          HPOS="4111"
                          CONTENT="såsom"/>
                  <SP HEIGHT="135" WIDTH="34" VPOS="337" HPOS="4414"/>
                  <String HEIGHT="135"
                          WIDTH="336"
                          VPOS="337"
                          HPOS="4280"
                          CONTENT="säkerhet"/>
               </TextLine>
               <TextLine ID="r2l3"
                         BASELINE="2740,568 2804,564 2868,561 2932,558 2996,553 3060,550 3124,546 3188,541 3252,538 3316,534 3380,530 3444,527 3508,523 3572,520 3636,517 3700,514 3764,512 3828,510 3892,510 3956,508 4020,508"
                         HEIGHT="135"
                         WIDTH="1280"
                         VPOS="458"
                         HPOS="2740">
                  <String HEIGHT="135"
                          WIDTH="219"
                          VPOS="458"
                          HPOS="2709"
                          CONTENT="för"/>
                  <SP HEIGHT="135" WIDTH="31" VPOS="458" HPOS="2927"/>
                  <String HEIGHT="135"
                          WIDTH="250"
                          VPOS="458"
                          HPOS="2834"
                          CONTENT="till"/>
                  <SP HEIGHT="135" WIDTH="31" VPOS="458" HPOS="3083"/>
                  <String HEIGHT="135"
                          WIDTH="281"
                          VPOS="458"
                          HPOS="2990"
                          CONTENT="henne"/>
                  <SP HEIGHT="135" WIDTH="31" VPOS="458" HPOS="3271"/>
                  <String HEIGHT="135"
                          WIDTH="343"
                          VPOS="458"
                          HPOS="3177"
                          CONTENT="utlånte"/>
                  <SP HEIGHT="135" WIDTH="31" VPOS="458" HPOS="3520"/>
                  <String HEIGHT="135"
                          WIDTH="219"
                          VPOS="458"
                          HPOS="3427"
                          CONTENT="Tre"/>
                  <SP HEIGHT="135" WIDTH="31" VPOS="458" HPOS="3645"/>
                  <String HEIGHT="135"
                          WIDTH="312"
                          VPOS="458"
                          HPOS="3552"
                          CONTENT="Kronor"/>
                  <SP HEIGHT="135" WIDTH="31" VPOS="458" HPOS="3864"/>
                  <String HEIGHT="135"
                          WIDTH="187"
                          VPOS="458"
                          HPOS="3770"
                          CONTENT="50"/>
                  <SP HEIGHT="135" WIDTH="31" VPOS="458" HPOS="3958"/>
                  <String HEIGHT="135"
                          WIDTH="187"
                          VPOS="458"
                          HPOS="3833"
                          CONTENT="öre."/>
               </TextLine>
               <TextLine ID="r2l4"
                         BASELINE="2892,660 2976,656 3061,652 3145,649 3230,648 3315,644 3399,642 3484,640 3568,638 3653,636 3738,634 3822,632 3907,630 3991,628 4076,628 4161,626 4245,624 4330,622 4414,620 4499,618 4584,616"
                         HEIGHT="119"
                         WIDTH="1692"
                         VPOS="566"
                         HPOS="2892">
                  <String HEIGHT="119"
                          WIDTH="226"
                          VPOS="566"
                          HPOS="2854"
                          CONTENT="Då"/>
                  <SP HEIGHT="119" WIDTH="38" VPOS="566" HPOS="3080"/>
                  <String HEIGHT="119"
                          WIDTH="489"
                          VPOS="566"
                          HPOS="2967"
                          CONTENT="anledning"/>
                  <SP HEIGHT="119" WIDTH="38" VPOS="566" HPOS="3456"/>
                  <String HEIGHT="119"
                          WIDTH="526"
                          VPOS="566"
                          HPOS="3343"
                          CONTENT="förekommit"/>
                  <SP HEIGHT="119" WIDTH="38" VPOS="566" HPOS="3870"/>
                  <String HEIGHT="119"
                          WIDTH="489"
                          VPOS="566"
                          HPOS="3757"
                          CONTENT="misstänka"/>
                  <SP HEIGHT="119" WIDTH="38" VPOS="566" HPOS="4246"/>
                  <String HEIGHT="119"
                          WIDTH="263"
                          VPOS="566"
                          HPOS="4133"
                          CONTENT="det"/>
                  <SP HEIGHT="119" WIDTH="38" VPOS="566" HPOS="4396"/>
                  <String HEIGHT="119"
                          WIDTH="338"
                          VPOS="566"
                          HPOS="4246"
                          CONTENT="Augusta"/>
               </TextLine>
               <TextLine ID="r2l5"
                         BASELINE="2748,788 2841,782 2934,778 3027,772 3120,770 3213,766 3306,762 3399,760 3492,757 3585,754 3679,752 3772,750 3865,748 3958,745 4051,743 4144,740 4237,737 4330,733 4423,729 4516,726 4610,720"
                         HEIGHT="147"
                         WIDTH="1862"
                         VPOS="667"
                         HPOS="2748">
                  <String HEIGHT="147"
                          WIDTH="440"
                          VPOS="667"
                          HPOS="2714"
                          CONTENT="Andersson"/>
                  <SP HEIGHT="147" WIDTH="34" VPOS="667" HPOS="3154"/>
                  <String HEIGHT="147"
                          WIDTH="203"
                          VPOS="667"
                          HPOS="3053"
                          CONTENT="på"/>
                  <SP HEIGHT="147" WIDTH="34" VPOS="667" HPOS="3256"/>
                  <String HEIGHT="147"
                          WIDTH="372"
                          VPOS="667"
                          HPOS="3154"
                          CONTENT="oärligt"/>
                  <SP HEIGHT="147" WIDTH="34" VPOS="667" HPOS="3527"/>
                  <String HEIGHT="147"
                          WIDTH="271"
                          VPOS="667"
                          HPOS="3425"
                          CONTENT="sätt"/>
                  <SP HEIGHT="147" WIDTH="34" VPOS="667" HPOS="3696"/>
                  <String HEIGHT="147"
                          WIDTH="406"
                          VPOS="667"
                          HPOS="3594"
                          CONTENT="åtkommit"/>
                  <SP HEIGHT="147" WIDTH="34" VPOS="667" HPOS="4001"/>
                  <String HEIGHT="147"
                          WIDTH="203"
                          VPOS="667"
                          HPOS="3899"
                          CONTENT="de"/>
                  <SP HEIGHT="147" WIDTH="34" VPOS="667" HPOS="4102"/>
                  <String HEIGHT="147" WIDTH="169" VPOS="667" HPOS="4001" CONTENT="å"/>
                  <SP HEIGHT="147" WIDTH="34" VPOS="667" HPOS="4170"/>
                  <String HEIGHT="147"
                          WIDTH="372"
                          VPOS="667"
                          HPOS="4068"
                          CONTENT="berörde"/>
                  <SP HEIGHT="147" WIDTH="34" VPOS="667" HPOS="4441"/>
                  <String HEIGHT="147"
                          WIDTH="305"
                          VPOS="667"
                          HPOS="4305"
                          CONTENT="pantse¬"
                          SUBS_TYPE="HypPart1"
                          SUBS_CONTENT="pantselar"/>
                  <HYP CONTENT="-"/>
               </TextLine>
               <TextLine ID="r2l6"
                         BASELINE="2740,910 2832,902 2924,895 3016,890 3109,884 3201,880 3293,876 3386,872 3478,868 3570,865 3663,862 3755,860 3847,856 3939,854 4032,851 4124,848 4216,844 4309,842 4401,837 4493,833 4586,828"
                         HEIGHT="158"
                         WIDTH="1846"
                         VPOS="777"
                         HPOS="2740">
                  <String HEIGHT="158"
                          WIDTH="235"
                          VPOS="777"
                          HPOS="2706"
                          CONTENT="lar"
                          SUBS_TYPE="HypPart2"
                          SUBS_CONTENT="pantselar"/>
                  <SP HEIGHT="158" WIDTH="34" VPOS="777" HPOS="2941"/>
                  <String HEIGHT="158"
                          WIDTH="403"
                          VPOS="777"
                          HPOS="2841"
                          CONTENT="upptagne"/>
                  <SP HEIGHT="158" WIDTH="34" VPOS="777" HPOS="3243"/>
                  <String HEIGHT="158"
                          WIDTH="470"
                          VPOS="777"
                          HPOS="3143"
                          CONTENT="persedlar,"/>
                  <SP HEIGHT="158" WIDTH="34" VPOS="777" HPOS="3613"/>
                  <String HEIGHT="158"
                          WIDTH="235"
                          VPOS="777"
                          HPOS="3512"
                          CONTENT="har"/>
                  <SP HEIGHT="158" WIDTH="34" VPOS="777" HPOS="3747"/>
                  <String HEIGHT="158"
                          WIDTH="235"
                          VPOS="777"
                          HPOS="3646"
                          CONTENT="hon"/>
                  <SP HEIGHT="158" WIDTH="34" VPOS="777" HPOS="3881"/>
                  <String HEIGHT="158"
                          WIDTH="235"
                          VPOS="777"
                          HPOS="3780"
                          CONTENT="för"/>
                  <SP HEIGHT="158" WIDTH="34" VPOS="777" HPOS="4015"/>
                  <String HEIGHT="158"
                          WIDTH="503"
                          VPOS="777"
                          HPOS="3915"
                          CONTENT="undergående"/>
                  <SP HEIGHT="158" WIDTH="34" VPOS="777" HPOS="4418"/>
                  <String HEIGHT="158"
                          WIDTH="201"
                          VPOS="777"
                          HPOS="4317"
                          CONTENT="af"/>
                  <SP HEIGHT="158" WIDTH="34" VPOS="777" HPOS="4519"/>
                  <String HEIGHT="158"
                          WIDTH="201"
                          VPOS="777"
                          HPOS="4385"
                          CONTENT="för¬"
                          SUBS_TYPE="HypPart1"
                          SUBS_CONTENT="förhör"/>
                  <HYP CONTENT="-"/>
               </TextLine>
               <TextLine ID="r2l7"
                         BASELINE="2740,1020 2833,1013 2926,1008 3019,1002 3112,998 3206,992 3299,987 3392,982 3485,978 3578,974 3672,971 3765,966 3858,962 3951,958 4044,954 4138,951 4231,946 4324,942 4417,937 4510,932 4604,928"
                         HEIGHT="168"
                         WIDTH="1864"
                         VPOS="877"
                         HPOS="2740">
                  <String HEIGHT="168"
                          WIDTH="233"
                          VPOS="877"
                          HPOS="2707"
                          CONTENT="hör"
                          SUBS_TYPE="HypPart2"
                          SUBS_CONTENT="förhör"/>
                  <SP HEIGHT="168" WIDTH="33" VPOS="877" HPOS="2940"/>
                  <String HEIGHT="168"
                          WIDTH="233"
                          VPOS="877"
                          HPOS="2840"
                          CONTENT="den"/>
                  <SP HEIGHT="168" WIDTH="33" VPOS="877" HPOS="3073"/>
                  <String HEIGHT="168" WIDTH="166" VPOS="877" HPOS="2973" CONTENT="3"/>
                  <SP HEIGHT="168" WIDTH="33" VPOS="877" HPOS="3139"/>
                  <String HEIGHT="168"
                          WIDTH="333"
                          VPOS="877"
                          HPOS="3040"
                          CONTENT="dennes"/>
                  <SP HEIGHT="168" WIDTH="33" VPOS="877" HPOS="3372"/>
                  <String HEIGHT="168"
                          WIDTH="366"
                          VPOS="877"
                          HPOS="3273"
                          CONTENT="blifvit"/>
                  <SP HEIGHT="168" WIDTH="33" VPOS="877" HPOS="3639"/>
                  <String HEIGHT="168"
                          WIDTH="266"
                          VPOS="877"
                          HPOS="3539"
                          CONTENT="från"/>
                  <SP HEIGHT="168" WIDTH="33" VPOS="877" HPOS="3805"/>
                  <String HEIGHT="168"
                          WIDTH="566"
                          VPOS="877"
                          HPOS="3705"
                          CONTENT="cellfängelset"/>
                  <SP HEIGHT="168" WIDTH="33" VPOS="877" HPOS="4271"/>
                  <String HEIGHT="168"
                          WIDTH="466"
                          VPOS="877"
                          HPOS="4138"
                          CONTENT="utreqvirerad"/>
               </TextLine>
               <TextLine ID="r2l8"
                         BASELINE="2746,1130 2838,1126 2931,1121 3023,1116 3116,1112 3209,1108 3301,1104 3394,1100 3486,1096 3579,1092 3672,1088 3764,1084 3857,1079 3949,1075 4042,1070 4135,1066 4227,1061 4320,1055 4412,1050 4505,1043 4598,1038"
                         HEIGHT="171"
                         WIDTH="1852"
                         VPOS="985"
                         HPOS="2746">
                  <String HEIGHT="171"
                          WIDTH="216"
                          VPOS="985"
                          HPOS="2715"
                          CONTENT="och"/>
                  <SP HEIGHT="171" WIDTH="31" VPOS="985" HPOS="2931"/>
                  <String HEIGHT="171"
                          WIDTH="309"
                          VPOS="985"
                          HPOS="2839"
                          CONTENT="dervid"/>
                  <SP HEIGHT="171" WIDTH="31" VPOS="985" HPOS="3147"/>
                  <String HEIGHT="171"
                          WIDTH="401"
                          VPOS="985"
                          HPOS="3055"
                          CONTENT="uppgifvit"/>
                  <SP HEIGHT="171" WIDTH="31" VPOS="985" HPOS="3456"/>
                  <String HEIGHT="171"
                          WIDTH="216"
                          VPOS="985"
                          HPOS="3363"
                          CONTENT="att"/>
                  <SP HEIGHT="171" WIDTH="31" VPOS="985" HPOS="3579"/>
                  <String HEIGHT="171"
                          WIDTH="216"
                          VPOS="985"
                          HPOS="3487"
                          CONTENT="hon"/>
                  <SP HEIGHT="171" WIDTH="31" VPOS="985" HPOS="3703"/>
                  <String HEIGHT="171"
                          WIDTH="216"
                          VPOS="985"
                          HPOS="3610"
                          CONTENT="vid"/>
                  <SP HEIGHT="171" WIDTH="31" VPOS="985" HPOS="3826"/>
                  <String HEIGHT="171"
                          WIDTH="278"
                          VPOS="985"
                          HPOS="3734"
                          CONTENT="olika"/>
                  <SP HEIGHT="171" WIDTH="31" VPOS="985" HPOS="4012"/>
                  <String HEIGHT="171"
                          WIDTH="432"
                          VPOS="985"
                          HPOS="3919"
                          CONTENT="tillfällen"/>
                  <SP HEIGHT="171" WIDTH="31" VPOS="985" HPOS="4351"/>
                  <String HEIGHT="171"
                          WIDTH="278"
                          VPOS="985"
                          HPOS="4258"
                          CONTENT="sedan"/>
                  <SP HEIGHT="171" WIDTH="31" VPOS="985" HPOS="4536"/>
                  <String HEIGHT="171"
                          WIDTH="185"
                          VPOS="985"
                          HPOS="4413"
                          CONTENT="bör¬"
                          SUBS_TYPE="HypPart1"
                          SUBS_CONTENT="början"/>
                  <HYP CONTENT="-"/>
               </TextLine>
               <TextLine ID="r2l9"
                         BASELINE="2730,1250 2823,1243 2917,1237 3011,1231 3105,1225 3199,1220 3292,1214 3386,1209 3480,1204 3574,1200 3668,1196 3761,1192 3855,1188 3949,1184 4043,1179 4137,1174 4230,1170 4324,1164 4418,1159 4512,1153 4606,1148"
                         HEIGHT="181"
                         WIDTH="1876"
                         VPOS="1095"
                         HPOS="2730">
                  <String HEIGHT="181"
                          WIDTH="235"
                          VPOS="1095"
                          HPOS="2697"
                          CONTENT="jan"
                          SUBS_TYPE="HypPart2"
                          SUBS_CONTENT="början"/>
                  <SP HEIGHT="181" WIDTH="34" VPOS="1095" HPOS="2931"/>
                  <String HEIGHT="181"
                          WIDTH="201"
                          VPOS="1095"
                          HPOS="2831"
                          CONTENT="av"/>
                  <SP HEIGHT="181" WIDTH="34" VPOS="1095" HPOS="3032"/>
                  <String HEIGHT="181"
                          WIDTH="436"
                          VPOS="1095"
                          HPOS="2931"
                          CONTENT="sistlidne"/>
                  <SP HEIGHT="181" WIDTH="34" VPOS="1095" HPOS="3367"/>
                  <String HEIGHT="181"
                          WIDTH="402"
                          VPOS="1095"
                          HPOS="3266"
                          CONTENT="November"/>
                  <SP HEIGHT="181" WIDTH="34" VPOS="1095" HPOS="3668"/>
                  <String HEIGHT="181"
                          WIDTH="302"
                          VPOS="1095"
                          HPOS="3568"
                          CONTENT="månad"/>
                  <SP HEIGHT="181" WIDTH="34" VPOS="1095" HPOS="3869"/>
                  <String HEIGHT="181"
                          WIDTH="168"
                          VPOS="1095"
                          HPOS="3769"
                          CONTENT="i"/>
                  <SP HEIGHT="181" WIDTH="34" VPOS="1095" HPOS="3936"/>
                  <String HEIGHT="181"
                          WIDTH="335"
                          VPOS="1095"
                          HPOS="3836"
                          CONTENT="afsigt"/>
                  <SP HEIGHT="181" WIDTH="34" VPOS="1095" HPOS="4171"/>
                  <String HEIGHT="181"
                          WIDTH="235"
                          VPOS="1095"
                          HPOS="4070"
                          CONTENT="att"/>
                  <SP HEIGHT="181" WIDTH="34" VPOS="1095" HPOS="4305"/>
                  <String HEIGHT="181"
                          WIDTH="369"
                          VPOS="1095"
                          HPOS="4204"
                          CONTENT="stjäla,"/>
                  <SP HEIGHT="181" WIDTH="34" VPOS="1095" HPOS="4573"/>
                  <String HEIGHT="181"
                          WIDTH="168"
                          VPOS="1095"
                          HPOS="4439"
                          CONTENT="in¬"
                          SUBS_TYPE="HypPart1"
                          SUBS_CONTENT="ingått"/>
                  <HYP CONTENT="-"/>
               </TextLine>
               <TextLine ID="r2l10"
                         BASELINE="2736,1366 2829,1355 2922,1347 3015,1341 3108,1335 3201,1327 3294,1322 3387,1317 3480,1313 3573,1309 3667,1304 3760,1300 3853,1296 3946,1292 4039,1288 4132,1285 4225,1280 4318,1275 4411,1268 4504,1263 4598,1256"
                         HEIGHT="189"
                         WIDTH="1862"
                         VPOS="1203"
                         HPOS="2736">
                  <String HEIGHT="189"
                          WIDTH="252"
                          VPOS="1203"
                          HPOS="2704"
                          CONTENT="gått"
                          SUBS_TYPE="HypPart2"
                          SUBS_CONTENT="ingått"/>
                  <SP HEIGHT="189" WIDTH="32" VPOS="1203" HPOS="2957"/>
                  <String HEIGHT="189"
                          WIDTH="158"
                          VPOS="1203"
                          HPOS="2862"
                          CONTENT="i"/>
                  <SP HEIGHT="189" WIDTH="32" VPOS="1203" HPOS="3020"/>
                  <String HEIGHT="189"
                          WIDTH="537"
                          VPOS="1203"
                          HPOS="2925"
                          CONTENT="handelsbodar;"/>
                  <SP HEIGHT="189" WIDTH="32" VPOS="1203" HPOS="3462"/>
                  <String HEIGHT="189"
                          WIDTH="221"
                          VPOS="1203"
                          HPOS="3367"
                          CONTENT="att"/>
                  <SP HEIGHT="189" WIDTH="32" VPOS="1203" HPOS="3588"/>
                  <String HEIGHT="189"
                          WIDTH="221"
                          VPOS="1203"
                          HPOS="3493"
                          CONTENT="hon"/>
                  <SP HEIGHT="189" WIDTH="32" VPOS="1203" HPOS="3714"/>
                  <String HEIGHT="189"
                          WIDTH="221"
                          VPOS="1203"
                          HPOS="3620"
                          CONTENT="der"/>
                  <SP HEIGHT="189" WIDTH="32" VPOS="1203" HPOS="3841"/>
                  <String HEIGHT="189"
                          WIDTH="316"
                          VPOS="1203"
                          HPOS="3746"
                          CONTENT="begärt"/>
                  <SP HEIGHT="189" WIDTH="32" VPOS="1203" HPOS="4061"/>
                  <String HEIGHT="189"
                          WIDTH="189"
                          VPOS="1203"
                          HPOS="3967"
                          CONTENT="få"/>
                  <SP HEIGHT="189" WIDTH="32" VPOS="1203" HPOS="4156"/>
                  <String HEIGHT="189"
                          WIDTH="189"
                          VPOS="1203"
                          HPOS="4061"
                          CONTENT="se"/>
                  <SP HEIGHT="189" WIDTH="32" VPOS="1203" HPOS="4251"/>
                  <String HEIGHT="189"
                          WIDTH="189"
                          VPOS="1203"
                          HPOS="4156"
                          CONTENT="på"/>
                  <SP HEIGHT="189" WIDTH="32" VPOS="1203" HPOS="4346"/>
                  <String HEIGHT="189"
                          WIDTH="316"
                          VPOS="1203"
                          HPOS="4251"
                          CONTENT="saker,"/>
                  <SP HEIGHT="189" WIDTH="32" VPOS="1203" HPOS="4566"/>
                  <String HEIGHT="189"
                          WIDTH="158"
                          VPOS="1203"
                          HPOS="4440"
                          CONTENT="som"/>
               </TextLine>
               <TextLine ID="r2l11"
                         BASELINE="2736,1482 2829,1473 2922,1463 3015,1454 3109,1448 3202,1442 3295,1436 3389,1431 3482,1428 3575,1422 3669,1419 3762,1416 3855,1412 3948,1407 4042,1404 4135,1399 4228,1394 4322,1388 4415,1382 4508,1375 4602,1366"
                         HEIGHT="195"
                         WIDTH="1866"
                         VPOS="1313"
                         HPOS="2736">
                  <String HEIGHT="195"
                          WIDTH="204"
                          VPOS="1313"
                          HPOS="2707"
                          CONTENT="hon"/>
                  <SP HEIGHT="195" WIDTH="29" VPOS="1313" HPOS="2911"/>
                  <String HEIGHT="195"
                          WIDTH="408"
                          VPOS="1313"
                          HPOS="2823"
                          CONTENT="föregifvit"/>
                  <SP HEIGHT="195" WIDTH="29" VPOS="1313" HPOS="3232"/>
                  <String HEIGHT="195"
                          WIDTH="204"
                          VPOS="1313"
                          HPOS="3144"
                          CONTENT="sig"/>
                  <SP HEIGHT="195" WIDTH="29" VPOS="1313" HPOS="3348"/>
                  <String HEIGHT="195"
                          WIDTH="262"
                          VPOS="1313"
                          HPOS="3261"
                          CONTENT="vilja"/>
                  <SP HEIGHT="195" WIDTH="29" VPOS="1313" HPOS="3523"/>
                  <String HEIGHT="195"
                          WIDTH="233"
                          VPOS="1313"
                          HPOS="3436"
                          CONTENT="köpa"/>
                  <SP HEIGHT="195" WIDTH="29" VPOS="1313" HPOS="3669"/>
                  <String HEIGHT="195"
                          WIDTH="204"
                          VPOS="1313"
                          HPOS="3582"
                          CONTENT="och"/>
                  <SP HEIGHT="195" WIDTH="29" VPOS="1313" HPOS="3786"/>
                  <String HEIGHT="195"
                          WIDTH="292"
                          VPOS="1313"
                          HPOS="3698"
                          CONTENT="dervid"/>
                  <SP HEIGHT="195" WIDTH="29" VPOS="1313" HPOS="3990"/>
                  <String HEIGHT="195"
                          WIDTH="408"
                          VPOS="1313"
                          HPOS="3902"
                          CONTENT="tillgripit"/>
                  <SP HEIGHT="195" WIDTH="29" VPOS="1313" HPOS="4310"/>
                  <String HEIGHT="195"
                          WIDTH="146"
                          VPOS="1313"
                          HPOS="4223"
                          CONTENT="i"/>
                  <SP HEIGHT="195" WIDTH="29" VPOS="1313" HPOS="4369"/>
                  <String HEIGHT="195"
                          WIDTH="350"
                          VPOS="1313"
                          HPOS="4252"
                          CONTENT="Handelsid¬"
                          SUBS_TYPE="HypPart1"
                          SUBS_CONTENT="Handelsidkerskan"/>
                  <HYP CONTENT="-"/>
               </TextLine>
               <TextLine ID="r2l12"
                         BASELINE="2728,1598 2823,1590 2919,1582 3014,1573 3110,1567 3205,1560 3301,1553 3396,1548 3492,1543 3587,1537 3683,1530 3778,1525 3874,1520 3969,1516 4065,1512 4160,1508 4256,1504 4351,1500 4447,1496 4542,1494 4638,1490"
                         HEIGHT="187"
                         WIDTH="1910"
                         VPOS="1437"
                         HPOS="2728">
                  <String HEIGHT="187"
                          WIDTH="362"
                          VPOS="1437"
                          HPOS="2695"
                          CONTENT="kerskan"
                          SUBS_TYPE="HypPart2"
                          SUBS_CONTENT="Handelsidkerskan"/>
                  <SP HEIGHT="187" WIDTH="33" VPOS="1437" HPOS="3057"/>
                  <String HEIGHT="187"
                          WIDTH="296"
                          VPOS="1437"
                          HPOS="2959"
                          CONTENT="Sofia"/>
                  <SP HEIGHT="187" WIDTH="33" VPOS="1437" HPOS="3255"/>
                  <String HEIGHT="187"
                          WIDTH="395"
                          VPOS="1437"
                          HPOS="3156"
                          CONTENT="Edströms"/>
                  <SP HEIGHT="187" WIDTH="33" VPOS="1437" HPOS="3551"/>
                  <String HEIGHT="187"
                          WIDTH="296"
                          VPOS="1437"
                          HPOS="3452"
                          CONTENT="butik"/>
                  <SP HEIGHT="187" WIDTH="33" VPOS="1437" HPOS="3749"/>
                  <String HEIGHT="187"
                          WIDTH="165"
                          VPOS="1437"
                          HPOS="3650"
                          CONTENT="i"/>
                  <SP HEIGHT="187" WIDTH="33" VPOS="1437" HPOS="3815"/>
                  <String HEIGHT="187"
                          WIDTH="296"
                          VPOS="1437"
                          HPOS="3716"
                          CONTENT="huset"/>
                  <SP HEIGHT="187" WIDTH="33" VPOS="1437" HPOS="4012"/>
                  <String HEIGHT="187"
                          WIDTH="198"
                          VPOS="1437"
                          HPOS="3914"
                          CONTENT="No"/>
                  <SP HEIGHT="187" WIDTH="33" VPOS="1437" HPOS="4111"/>
                  <String HEIGHT="187"
                          WIDTH="198"
                          VPOS="1437"
                          HPOS="4012"
                          CONTENT="59"/>
                  <SP HEIGHT="187" WIDTH="33" VPOS="1437" HPOS="4210"/>
                  <String HEIGHT="187"
                          WIDTH="231"
                          VPOS="1437"
                          HPOS="4111"
                          CONTENT="vid"/>
                  <SP HEIGHT="187" WIDTH="33" VPOS="1437" HPOS="4342"/>
                  <String HEIGHT="187"
                          WIDTH="296"
                          VPOS="1437"
                          HPOS="4243"
                          CONTENT="Södra"/>
                  <SP HEIGHT="187" WIDTH="33" VPOS="1437" HPOS="4539"/>
                  <String HEIGHT="187"
                          WIDTH="231"
                          VPOS="1437"
                          HPOS="4407"
                          CONTENT="Hamn¬"
                          SUBS_TYPE="HypPart1"
                          SUBS_CONTENT="Hamngatan"/>
                  <HYP CONTENT="-"/>
               </TextLine>
               <TextLine ID="r2l13"
                         BASELINE="2738,1710 2830,1704 2923,1698 3015,1692 3108,1687 3201,1681 3293,1674 3386,1667 3478,1660 3571,1654 3664,1648 3756,1643 3849,1636 3941,1632 4034,1627 4127,1622 4219,1618 4312,1616 4404,1612 4497,1610 4590,1608"
                         HEIGHT="181"
                         WIDTH="1852"
                         VPOS="1555"
                         HPOS="2738">
                  <String HEIGHT="181"
                          WIDTH="309"
                          VPOS="1555"
                          HPOS="2704"
                          CONTENT="gatan"
                          SUBS_TYPE="HypPart2"
                          SUBS_CONTENT="Hamngatan"/>
                  <SP HEIGHT="181" WIDTH="34" VPOS="1555" HPOS="3012"/>
                  <String HEIGHT="181"
                          WIDTH="240"
                          VPOS="1555"
                          HPOS="2909"
                          CONTENT="ett"/>
                  <SP HEIGHT="181" WIDTH="34" VPOS="1555" HPOS="3150"/>
                  <String HEIGHT="181"
                          WIDTH="343"
                          VPOS="1555"
                          HPOS="3047"
                          CONTENT="stycke"/>
                  <SP HEIGHT="181" WIDTH="34" VPOS="1555" HPOS="3390"/>
                  <String HEIGHT="181"
                          WIDTH="309"
                          VPOS="1555"
                          HPOS="3287"
                          CONTENT="grått"/>
                  <SP HEIGHT="181" WIDTH="34" VPOS="1555" HPOS="3595"/>
                  <String HEIGHT="181"
                          WIDTH="274"
                          VPOS="1555"
                          HPOS="3493"
                          CONTENT="tyg,"/>
                  <SP HEIGHT="181" WIDTH="34" VPOS="1555" HPOS="3767"/>
                  <String HEIGHT="181"
                          WIDTH="171"
                          VPOS="1555"
                          HPOS="3664"
                          CONTENT="i"/>
                  <SP HEIGHT="181" WIDTH="34" VPOS="1555" HPOS="3835"/>
                  <String HEIGHT="181"
                          WIDTH="514"
                          VPOS="1555"
                          HPOS="3733"
                          CONTENT="Handlerskan"/>
                  <SP HEIGHT="181" WIDTH="34" VPOS="1555" HPOS="4247"/>
                  <String HEIGHT="181"
                          WIDTH="309"
                          VPOS="1555"
                          HPOS="4144"
                          CONTENT="Maria"/>
                  <SP HEIGHT="181" WIDTH="34" VPOS="1555" HPOS="4453"/>
                  <String HEIGHT="181"
                          WIDTH="274"
                          VPOS="1555"
                          HPOS="4316"
                          CONTENT="Svens¬"
                          SUBS_TYPE="HypPart1"
                          SUBS_CONTENT="Svenssons"/>
                  <HYP CONTENT="-"/>
               </TextLine>
               <TextLine ID="r2l14"
                         BASELINE="2730,1830 2821,1824 2913,1818 3004,1810 3096,1804 3188,1798 3279,1792 3371,1788 3462,1782 3554,1777 3646,1771 3737,1767 3829,1760 3920,1756 4012,1752 4104,1745 4195,1741 4287,1735 4378,1729 4470,1723 4562,1718"
                         HEIGHT="191"
                         WIDTH="1832"
                         VPOS="1665"
                         HPOS="2730">
                  <String HEIGHT="191"
                          WIDTH="262"
                          VPOS="1665"
                          HPOS="2697"
                          CONTENT="sons"
                          SUBS_TYPE="HypPart2"
                          SUBS_CONTENT="Svenssons"/>
                  <SP HEIGHT="191" WIDTH="33" VPOS="1665" HPOS="2959"/>
                  <String HEIGHT="191"
                          WIDTH="294"
                          VPOS="1665"
                          HPOS="2861"
                          CONTENT="butik"/>
                  <SP HEIGHT="191" WIDTH="33" VPOS="1665" HPOS="3155"/>
                  <String HEIGHT="191"
                          WIDTH="164"
                          VPOS="1665"
                          HPOS="3057"
                          CONTENT="i"/>
                  <SP HEIGHT="191" WIDTH="33" VPOS="1665" HPOS="3221"/>
                  <String HEIGHT="191"
                          WIDTH="294"
                          VPOS="1665"
                          HPOS="3123"
                          CONTENT="huset"/>
                  <SP HEIGHT="191" WIDTH="33" VPOS="1665" HPOS="3417"/>
                  <String HEIGHT="191"
                          WIDTH="196"
                          VPOS="1665"
                          HPOS="3319"
                          CONTENT="No"/>
                  <SP HEIGHT="191" WIDTH="33" VPOS="1665" HPOS="3515"/>
                  <String HEIGHT="191"
                          WIDTH="196"
                          VPOS="1665"
                          HPOS="3417"
                          CONTENT="22"/>
                  <SP HEIGHT="191" WIDTH="33" VPOS="1665" HPOS="3613"/>
                  <String HEIGHT="191"
                          WIDTH="229"
                          VPOS="1665"
                          HPOS="3515"
                          CONTENT="vid"/>
                  <SP HEIGHT="191" WIDTH="33" VPOS="1665" HPOS="3744"/>
                  <String HEIGHT="191"
                          WIDTH="360"
                          VPOS="1665"
                          HPOS="3646"
                          CONTENT="Nygatan"/>
                  <SP HEIGHT="191" WIDTH="33" VPOS="1665" HPOS="4006"/>
                  <String HEIGHT="191"
                          WIDTH="196"
                          VPOS="1665"
                          HPOS="3908"
                          CONTENT="en"/>
                  <SP HEIGHT="191" WIDTH="33" VPOS="1665" HPOS="4104"/>
                  <String HEIGHT="191"
                          WIDTH="294"
                          VPOS="1665"
                          HPOS="4006"
                          CONTENT="svart"/>
                  <SP HEIGHT="191" WIDTH="33" VPOS="1665" HPOS="4300"/>
                  <String HEIGHT="191"
                          WIDTH="393"
                          VPOS="1665"
                          HPOS="4202"
                          CONTENT="ylleduk,"/>
                  <SP HEIGHT="191" WIDTH="33" VPOS="1665" HPOS="4595"/>
                  <String HEIGHT="191" WIDTH="98" VPOS="1665" HPOS="4464" CONTENT="i"/>
               </TextLine>
               <TextLine ID="r2l15"
                         BASELINE="2728,1940 2819,1934 2911,1929 3002,1922 3094,1918 3185,1911 3277,1906 3368,1899 3460,1892 3551,1886 3643,1880 3734,1875 3826,1869 3917,1864 4009,1860 4100,1856 4192,1852 4283,1848 4375,1844 4466,1842 4558,1840"
                         HEIGHT="179"
                         WIDTH="1830"
                         VPOS="1787"
                         HPOS="2728">
                  <String HEIGHT="179"
                          WIDTH="620"
                          VPOS="1787"
                          HPOS="2697"
                          CONTENT="Handelsidkerskan"/>
                  <SP HEIGHT="179" WIDTH="31" VPOS="1787" HPOS="3317"/>
                  <String HEIGHT="179"
                          WIDTH="186"
                          VPOS="1787"
                          HPOS="3224"
                          CONTENT="A."/>
                  <SP HEIGHT="179" WIDTH="31" VPOS="1787" HPOS="3410"/>
                  <String HEIGHT="179"
                          WIDTH="186"
                          VPOS="1787"
                          HPOS="3317"
                          CONTENT="L."/>
                  <SP HEIGHT="179" WIDTH="31" VPOS="1787" HPOS="3503"/>
                  <String HEIGHT="179"
                          WIDTH="403"
                          VPOS="1787"
                          HPOS="3410"
                          CONTENT="Jonassons"/>
                  <SP HEIGHT="179" WIDTH="31" VPOS="1787" HPOS="3814"/>
                  <String HEIGHT="179"
                          WIDTH="279"
                          VPOS="1787"
                          HPOS="3721"
                          CONTENT="butik"/>
                  <SP HEIGHT="179" WIDTH="31" VPOS="1787" HPOS="4000"/>
                  <String HEIGHT="179"
                          WIDTH="155"
                          VPOS="1787"
                          HPOS="3907"
                          CONTENT="i"/>
                  <SP HEIGHT="179" WIDTH="31" VPOS="1787" HPOS="4062"/>
                  <String HEIGHT="179"
                          WIDTH="279"
                          VPOS="1787"
                          HPOS="3969"
                          CONTENT="huset"/>
                  <SP HEIGHT="179" WIDTH="31" VPOS="1787" HPOS="4248"/>
                  <String HEIGHT="179"
                          WIDTH="186"
                          VPOS="1787"
                          HPOS="4155"
                          CONTENT="No"/>
                  <SP HEIGHT="179" WIDTH="31" VPOS="1787" HPOS="4341"/>
                  <String HEIGHT="179"
                          WIDTH="155"
                          VPOS="1787"
                          HPOS="4248"
                          CONTENT="2"/>
                  <SP HEIGHT="179" WIDTH="31" VPOS="1787" HPOS="4403"/>
                  <String HEIGHT="179"
                          WIDTH="217"
                          VPOS="1787"
                          HPOS="4310"
                          CONTENT="vid"/>
                  <SP HEIGHT="179" WIDTH="31" VPOS="1787" HPOS="4527"/>
                  <String HEIGHT="179"
                          WIDTH="155"
                          VPOS="1787"
                          HPOS="4403"
                          CONTENT="Ka¬"
                          SUBS_TYPE="HypPart1"
                          SUBS_CONTENT="Kaserntorget"/>
                  <HYP CONTENT="-"/>
               </TextLine>
               <TextLine ID="r2l16"
                         BASELINE="2720,2054 2811,2049 2903,2044 2995,2038 3087,2032 3179,2026 3270,2020 3362,2014 3454,2007 3546,2001 3638,1996 3729,1989 3821,1984 3913,1979 4005,1973 4097,1968 4188,1963 4280,1959 4372,1955 4464,1951 4556,1948"
                         HEIGHT="185"
                         WIDTH="1836"
                         VPOS="1895"
                         HPOS="2720">
                  <String HEIGHT="185"
                          WIDTH="459"
                          VPOS="1895"
                          HPOS="2687"
                          CONTENT="serntorget"
                          SUBS_TYPE="HypPart2"
                          SUBS_CONTENT="Kaserntorget"/>
                  <SP HEIGHT="185" WIDTH="33" VPOS="1895" HPOS="3146"/>
                  <String HEIGHT="185"
                          WIDTH="197"
                          VPOS="1895"
                          HPOS="3048"
                          CONTENT="en"/>
                  <SP HEIGHT="185" WIDTH="33" VPOS="1895" HPOS="3245"/>
                  <String HEIGHT="185"
                          WIDTH="295"
                          VPOS="1895"
                          HPOS="3146"
                          CONTENT="svart"/>
                  <SP HEIGHT="185" WIDTH="33" VPOS="1895" HPOS="3441"/>
                  <String HEIGHT="185"
                          WIDTH="393"
                          VPOS="1895"
                          HPOS="3343"
                          CONTENT="ylleduk,"/>
                  <SP HEIGHT="185" WIDTH="33" VPOS="1895" HPOS="3736"/>
                  <String HEIGHT="185"
                          WIDTH="164"
                          VPOS="1895"
                          HPOS="3638"
                          CONTENT="i"/>
                  <SP HEIGHT="185" WIDTH="33" VPOS="1895" HPOS="3802"/>
                  <String HEIGHT="185"
                          WIDTH="656"
                          VPOS="1895"
                          HPOS="3704"
                          CONTENT="Juvelerarefriman"/>
                  <SP HEIGHT="185" WIDTH="33" VPOS="1895" HPOS="4359"/>
                  <String HEIGHT="185"
                          WIDTH="230"
                          VPOS="1895"
                          HPOS="4261"
                          CONTENT="Fr."/>
                  <SP HEIGHT="185" WIDTH="33" VPOS="1895" HPOS="4490"/>
                  <String HEIGHT="185"
                          WIDTH="197"
                          VPOS="1895"
                          HPOS="4359"
                          CONTENT="Holm"/>
               </TextLine>
               <TextLine ID="r2l17"
                         BASELINE="2740,2158 2831,2154 2923,2149 3015,2144 3107,2140 3199,2135 3290,2130 3382,2124 3474,2120 3566,2114 3658,2108 3749,2103 3841,2099 3933,2092 4025,2086 4117,2080 4208,2075 4300,2070 4392,2064 4484,2058 4576,2054"
                         HEIGHT="183"
                         WIDTH="1836"
                         VPOS="2001"
                         HPOS="2740">
                  <String HEIGHT="183"
                          WIDTH="158"
                          VPOS="2001"
                          HPOS="2708"
                          CONTENT="&amp;"/>
                  <SP HEIGHT="183" WIDTH="32" VPOS="2001" HPOS="2867"/>
                  <String HEIGHT="183"
                          WIDTH="222"
                          VPOS="2001"
                          HPOS="2772"
                          CONTENT="Cis"/>
                  <SP HEIGHT="183" WIDTH="32" VPOS="2001" HPOS="2993"/>
                  <String HEIGHT="183"
                          WIDTH="285"
                          VPOS="2001"
                          HPOS="2898"
                          CONTENT="butik"/>
                  <SP HEIGHT="183" WIDTH="32" VPOS="2001" HPOS="3183"/>
                  <String HEIGHT="183"
                          WIDTH="158"
                          VPOS="2001"
                          HPOS="3088"
                          CONTENT="i"/>
                  <SP HEIGHT="183" WIDTH="32" VPOS="2001" HPOS="3246"/>
                  <String HEIGHT="183"
                          WIDTH="285"
                          VPOS="2001"
                          HPOS="3152"
                          CONTENT="huset"/>
                  <SP HEIGHT="183" WIDTH="32" VPOS="2001" HPOS="3436"/>
                  <String HEIGHT="183"
                          WIDTH="190"
                          VPOS="2001"
                          HPOS="3341"
                          CONTENT="No"/>
                  <SP HEIGHT="183" WIDTH="32" VPOS="2001" HPOS="3531"/>
                  <String HEIGHT="183"
                          WIDTH="190"
                          VPOS="2001"
                          HPOS="3436"
                          CONTENT="35"/>
                  <SP HEIGHT="183" WIDTH="32" VPOS="2001" HPOS="3626"/>
                  <String HEIGHT="183"
                          WIDTH="222"
                          VPOS="2001"
                          HPOS="3531"
                          CONTENT="vid"/>
                  <SP HEIGHT="183" WIDTH="32" VPOS="2001" HPOS="3753"/>
                  <String HEIGHT="183"
                          WIDTH="285"
                          VPOS="2001"
                          HPOS="3658"
                          CONTENT="Östra"/>
                  <SP HEIGHT="183" WIDTH="32" VPOS="2001" HPOS="3943"/>
                  <String HEIGHT="183"
                          WIDTH="412"
                          VPOS="2001"
                          HPOS="3848"
                          CONTENT="Hamngatan"/>
                  <SP HEIGHT="183" WIDTH="32" VPOS="2001" HPOS="4259"/>
                  <String HEIGHT="183"
                          WIDTH="190"
                          VPOS="2001"
                          HPOS="4164"
                          CONTENT="en"/>
                  <SP HEIGHT="183" WIDTH="32" VPOS="2001" HPOS="4354"/>
                  <String HEIGHT="183"
                          WIDTH="348"
                          VPOS="2001"
                          HPOS="4228"
                          CONTENT="guldring,"/>
               </TextLine>
               <TextLine ID="r2l18"
                         BASELINE="2740,2270 2833,2263 2926,2257 3020,2252 3113,2246 3207,2241 3300,2236 3393,2232 3487,2228 3580,2224 3674,2220 3767,2215 3860,2212 3954,2207 4047,2203 4141,2198 4234,2194 4327,2188 4421,2183 4514,2177 4608,2172"
                         HEIGHT="177"
                         WIDTH="1868"
                         VPOS="2119"
                         HPOS="2740">
                  <String HEIGHT="177"
                          WIDTH="161"
                          VPOS="2119"
                          HPOS="2708"
                          CONTENT="i"/>
                  <SP HEIGHT="177" WIDTH="32" VPOS="2119" HPOS="2869"/>
                  <String HEIGHT="177"
                          WIDTH="451"
                          VPOS="2119"
                          HPOS="2772"
                          CONTENT="Skomakaren"/>
                  <SP HEIGHT="177" WIDTH="32" VPOS="2119" HPOS="3223"/>
                  <String HEIGHT="177"
                          WIDTH="193"
                          VPOS="2119"
                          HPOS="3126"
                          CONTENT="C."/>
                  <SP HEIGHT="177" WIDTH="32" VPOS="2119" HPOS="3320"/>
                  <String HEIGHT="177"
                          WIDTH="193"
                          VPOS="2119"
                          HPOS="3223"
                          CONTENT="F."/>
                  <SP HEIGHT="177" WIDTH="32" VPOS="2119" HPOS="3416"/>
                  <String HEIGHT="177"
                          WIDTH="419"
                          VPOS="2119"
                          HPOS="3320"
                          CONTENT="Mattssons"/>
                  <SP HEIGHT="177" WIDTH="32" VPOS="2119" HPOS="3738"/>
                  <String HEIGHT="177"
                          WIDTH="290"
                          VPOS="2119"
                          HPOS="3642"
                          CONTENT="butik"/>
                  <SP HEIGHT="177" WIDTH="32" VPOS="2119" HPOS="3932"/>
                  <String HEIGHT="177"
                          WIDTH="161"
                          VPOS="2119"
                          HPOS="3835"
                          CONTENT="i"/>
                  <SP HEIGHT="177" WIDTH="32" VPOS="2119" HPOS="3996"/>
                  <String HEIGHT="177"
                          WIDTH="290"
                          VPOS="2119"
                          HPOS="3899"
                          CONTENT="huset"/>
                  <SP HEIGHT="177" WIDTH="32" VPOS="2119" HPOS="4189"/>
                  <String HEIGHT="177"
                          WIDTH="193"
                          VPOS="2119"
                          HPOS="4093"
                          CONTENT="No"/>
                  <SP HEIGHT="177" WIDTH="32" VPOS="2119" HPOS="4286"/>
                  <String HEIGHT="177"
                          WIDTH="193"
                          VPOS="2119"
                          HPOS="4189"
                          CONTENT="14"/>
                  <SP HEIGHT="177" WIDTH="32" VPOS="2119" HPOS="4383"/>
                  <String HEIGHT="177"
                          WIDTH="225"
                          VPOS="2119"
                          HPOS="4286"
                          CONTENT="vid"/>
                  <SP HEIGHT="177" WIDTH="32" VPOS="2119" HPOS="4511"/>
                  <String HEIGHT="177"
                          WIDTH="225"
                          VPOS="2119"
                          HPOS="4383"
                          CONTENT="Östra"/>
               </TextLine>
               <TextLine ID="r2l19"
                         BASELINE="2720,2388 2812,2381 2905,2375 2997,2368 3090,2362 3183,2356 3275,2350 3368,2344 3460,2339 3553,2332 3646,2328 3738,2322 3831,2318 3923,2313 4016,2308 4109,2304 4201,2300 4294,2297 4386,2294 4479,2292 4572,2288"
                         HEIGHT="172"
                         WIDTH="1852"
                         VPOS="2240"
                         HPOS="2720">
                  <String HEIGHT="172"
                          WIDTH="446"
                          VPOS="2240"
                          HPOS="2686"
                          CONTENT="Larmgatan"/>
                  <SP HEIGHT="172" WIDTH="34" VPOS="2240" HPOS="3132"/>
                  <String HEIGHT="172"
                          WIDTH="240"
                          VPOS="2240"
                          HPOS="3029"
                          CONTENT="ett"/>
                  <SP HEIGHT="172" WIDTH="34" VPOS="2240" HPOS="3269"/>
                  <String HEIGHT="172"
                          WIDTH="240"
                          VPOS="2240"
                          HPOS="3166"
                          CONTENT="par"/>
                  <SP HEIGHT="172" WIDTH="34" VPOS="2240" HPOS="3406"/>
                  <String HEIGHT="172"
                          WIDTH="377"
                          VPOS="2240"
                          HPOS="3303"
                          CONTENT="pjexor;"/>
                  <SP HEIGHT="172" WIDTH="34" VPOS="2240" HPOS="3680"/>
                  <String HEIGHT="172"
                          WIDTH="171"
                          VPOS="2240"
                          HPOS="3577"
                          CONTENT="i"/>
                  <SP HEIGHT="172" WIDTH="34" VPOS="2240" HPOS="3749"/>
                  <String HEIGHT="172"
                          WIDTH="583"
                          VPOS="2240"
                          HPOS="3646"
                          CONTENT="Handelsfirman"/>
                  <SP HEIGHT="172" WIDTH="34" VPOS="2240" HPOS="4229"/>
                  <String HEIGHT="172"
                          WIDTH="343"
                          VPOS="2240"
                          HPOS="4126"
                          CONTENT="Liepe,"/>
                  <SP HEIGHT="172" WIDTH="34" VPOS="2240" HPOS="4469"/>
                  <String HEIGHT="172"
                          WIDTH="240"
                          VPOS="2240"
                          HPOS="4332"
                          CONTENT="Ström"/>
               </TextLine>
               <TextLine ID="r2l20"
                         BASELINE="2728,2484 2822,2484 2916,2482 3010,2480 3104,2476 3199,2474 3293,2469 3387,2465 3481,2459 3575,2453 3670,2447 3764,2442 3858,2436 3952,2430 4046,2424 4141,2418 4235,2413 4329,2406 4423,2402 4517,2397 4612,2394"
                         HEIGHT="162"
                         WIDTH="1884"
                         VPOS="2346"
                         HPOS="2728">
                  <String HEIGHT="162"
                          WIDTH="152"
                          VPOS="2346"
                          HPOS="2698"
                          CONTENT="&amp;"/>
                  <SP HEIGHT="162" WIDTH="30" VPOS="2346" HPOS="2850"/>
                  <String HEIGHT="162"
                          WIDTH="182"
                          VPOS="2346"
                          HPOS="2758"
                          CONTENT="Co"/>
                  <SP HEIGHT="162" WIDTH="30" VPOS="2346" HPOS="2941"/>
                  <String HEIGHT="162"
                          WIDTH="273"
                          VPOS="2346"
                          HPOS="2850"
                          CONTENT="butik"/>
                  <SP HEIGHT="162" WIDTH="30" VPOS="2346" HPOS="3123"/>
                  <String HEIGHT="162"
                          WIDTH="152"
                          VPOS="2346"
                          HPOS="3032"
                          CONTENT="i"/>
                  <SP HEIGHT="162" WIDTH="30" VPOS="2346" HPOS="3184"/>
                  <String HEIGHT="162"
                          WIDTH="273"
                          VPOS="2346"
                          HPOS="3093"
                          CONTENT="huset"/>
                  <SP HEIGHT="162" WIDTH="30" VPOS="2346" HPOS="3366"/>
                  <String HEIGHT="162"
                          WIDTH="243"
                          VPOS="2346"
                          HPOS="3275"
                          CONTENT="Litt"/>
                  <SP HEIGHT="162" WIDTH="30" VPOS="2346" HPOS="3518"/>
                  <String HEIGHT="162"
                          WIDTH="182"
                          VPOS="2346"
                          HPOS="3427"
                          CONTENT="B."/>
                  <SP HEIGHT="162" WIDTH="30" VPOS="2346" HPOS="3609"/>
                  <String HEIGHT="162"
                          WIDTH="182"
                          VPOS="2346"
                          HPOS="3518"
                          CONTENT="C."/>
                  <SP HEIGHT="162" WIDTH="30" VPOS="2346" HPOS="3700"/>
                  <String HEIGHT="162"
                          WIDTH="182"
                          VPOS="2346"
                          HPOS="3609"
                          CONTENT="D."/>
                  <SP HEIGHT="162" WIDTH="30" VPOS="2346" HPOS="3792"/>
                  <String HEIGHT="162"
                          WIDTH="182"
                          VPOS="2346"
                          HPOS="3700"
                          CONTENT="E."/>
                  <SP HEIGHT="162" WIDTH="30" VPOS="2346" HPOS="3883"/>
                  <String HEIGHT="162"
                          WIDTH="182"
                          VPOS="2346"
                          HPOS="3792"
                          CONTENT="No"/>
                  <SP HEIGHT="162" WIDTH="30" VPOS="2346" HPOS="3974"/>
                  <String HEIGHT="162"
                          WIDTH="152"
                          VPOS="2346"
                          HPOS="3883"
                          CONTENT="1"/>
                  <SP HEIGHT="162" WIDTH="30" VPOS="2346" HPOS="4035"/>
                  <String HEIGHT="162"
                          WIDTH="213"
                          VPOS="2346"
                          HPOS="3943"
                          CONTENT="vid"/>
                  <SP HEIGHT="162" WIDTH="30" VPOS="2346" HPOS="4156"/>
                  <String HEIGHT="162"
                          WIDTH="425"
                          VPOS="2346"
                          HPOS="4065"
                          CONTENT="Fisktorget"/>
                  <SP HEIGHT="162" WIDTH="30" VPOS="2346" HPOS="4490"/>
                  <String HEIGHT="162"
                          WIDTH="182"
                          VPOS="2346"
                          HPOS="4399"
                          CONTENT="en"/>
                  <SP HEIGHT="162" WIDTH="30" VPOS="2346" HPOS="4582"/>
                  <String HEIGHT="162"
                          WIDTH="152"
                          VPOS="2346"
                          HPOS="4460"
                          CONTENT="grå"/>
               </TextLine>
               <TextLine ID="r2l21"
                         BASELINE="2740,2612 2832,2605 2925,2597 3018,2590 3111,2584 3204,2578 3296,2574 3389,2569 3482,2564 3575,2560 3668,2558 3760,2554 3853,2550 3946,2548 4039,2544 4132,2542 4224,2538 4317,2534 4410,2531 4503,2528 4596,2522"
                         HEIGHT="166"
                         WIDTH="1856"
                         VPOS="2471"
                         HPOS="2740">
                  <String HEIGHT="166"
                          WIDTH="365"
                          VPOS="2471"
                          HPOS="2710"
                          CONTENT="ylleduk,"/>
                  <SP HEIGHT="166" WIDTH="30" VPOS="2471" HPOS="3075"/>
                  <String HEIGHT="166"
                          WIDTH="152"
                          VPOS="2471"
                          HPOS="2983"
                          CONTENT="i"/>
                  <SP HEIGHT="166" WIDTH="30" VPOS="2471" HPOS="3136"/>
                  <String HEIGHT="166"
                          WIDTH="456"
                          VPOS="2471"
                          HPOS="3044"
                          CONTENT="Juveleraren"/>
                  <SP HEIGHT="166" WIDTH="30" VPOS="2471" HPOS="3501"/>
                  <String HEIGHT="166"
                          WIDTH="183"
                          VPOS="2471"
                          HPOS="3409"
                          CONTENT="A."/>
                  <SP HEIGHT="166" WIDTH="30" VPOS="2471" HPOS="3592"/>
                  <String HEIGHT="166"
                          WIDTH="183"
                          VPOS="2471"
                          HPOS="3501"
                          CONTENT="M."/>
                  <SP HEIGHT="166" WIDTH="30" VPOS="2471" HPOS="3683"/>
                  <String HEIGHT="166"
                          WIDTH="365"
                          VPOS="2471"
                          HPOS="3592"
                          CONTENT="Ekeblads"/>
                  <SP HEIGHT="166" WIDTH="30" VPOS="2471" HPOS="3957"/>
                  <String HEIGHT="166"
                          WIDTH="274"
                          VPOS="2471"
                          HPOS="3866"
                          CONTENT="butik"/>
                  <SP HEIGHT="166" WIDTH="30" VPOS="2471" HPOS="4140"/>
                  <String HEIGHT="166"
                          WIDTH="152"
                          VPOS="2471"
                          HPOS="4048"
                          CONTENT="i"/>
                  <SP HEIGHT="166" WIDTH="30" VPOS="2471" HPOS="4200"/>
                  <String HEIGHT="166"
                          WIDTH="274"
                          VPOS="2471"
                          HPOS="4109"
                          CONTENT="huset"/>
                  <SP HEIGHT="166" WIDTH="30" VPOS="2471" HPOS="4383"/>
                  <String HEIGHT="166"
                          WIDTH="183"
                          VPOS="2471"
                          HPOS="4292"
                          CONTENT="No"/>
                  <SP HEIGHT="166" WIDTH="30" VPOS="2471" HPOS="4474"/>
                  <String HEIGHT="166"
                          WIDTH="183"
                          VPOS="2471"
                          HPOS="4383"
                          CONTENT="24"/>
                  <SP HEIGHT="166" WIDTH="30" VPOS="2471" HPOS="4566"/>
                  <String HEIGHT="166"
                          WIDTH="152"
                          VPOS="2471"
                          HPOS="4444"
                          CONTENT="vid"/>
               </TextLine>
               <TextLine ID="r2l22"
                         BASELINE="2732,2724 2823,2720 2915,2714 3007,2710 3099,2704 3191,2700 3283,2695 3375,2689 3467,2684 3559,2680 3651,2675 3742,2670 3834,2666 3926,2661 4018,2658 4110,2654 4202,2652 4294,2650 4386,2648 4478,2647 4570,2646"
                         HEIGHT="157"
                         WIDTH="1838"
                         VPOS="2593"
                         HPOS="2732">
                  <String HEIGHT="157"
                          WIDTH="415"
                          VPOS="2593"
                          HPOS="2702"
                          CONTENT="Kungsgatan"/>
                  <SP HEIGHT="157" WIDTH="30" VPOS="2593" HPOS="3117"/>
                  <String HEIGHT="157"
                          WIDTH="178"
                          VPOS="2593"
                          HPOS="3028"
                          CONTENT="en"/>
                  <SP HEIGHT="157" WIDTH="30" VPOS="2593" HPOS="3206"/>
                  <String HEIGHT="157"
                          WIDTH="385"
                          VPOS="2593"
                          HPOS="3117"
                          CONTENT="guldring;"/>
                  <SP HEIGHT="157" WIDTH="30" VPOS="2593" HPOS="3503"/>
                  <String HEIGHT="157"
                          WIDTH="148"
                          VPOS="2593"
                          HPOS="3414"
                          CONTENT="i"/>
                  <SP HEIGHT="157" WIDTH="30" VPOS="2593" HPOS="3562"/>
                  <String HEIGHT="157"
                          WIDTH="563"
                          VPOS="2593"
                          HPOS="3473"
                          CONTENT="Läderhandlanden"/>
                  <SP HEIGHT="157" WIDTH="30" VPOS="2593" HPOS="4036"/>
                  <String HEIGHT="157"
                          WIDTH="178"
                          VPOS="2593"
                          HPOS="3947"
                          CONTENT="J."/>
                  <SP HEIGHT="157" WIDTH="30" VPOS="2593" HPOS="4125"/>
                  <String HEIGHT="157"
                          WIDTH="178"
                          VPOS="2593"
                          HPOS="4036"
                          CONTENT="P."/>
                  <SP HEIGHT="157" WIDTH="30" VPOS="2593" HPOS="4214"/>
                  <String HEIGHT="157"
                          WIDTH="385"
                          VPOS="2593"
                          HPOS="4125"
                          CONTENT="Svangrens"/>
                  <SP HEIGHT="157" WIDTH="30" VPOS="2593" HPOS="4511"/>
                  <String HEIGHT="157"
                          WIDTH="178"
                          VPOS="2593"
                          HPOS="4392"
                          CONTENT="sko¬"
                          SUBS_TYPE="HypPart1"
                          SUBS_CONTENT="skobutik"/>
                  <HYP CONTENT="-"/>
               </TextLine>
               <TextLine ID="r2l23"
                         BASELINE="2728,2836 2816,2833 2905,2830 2994,2826 3083,2821 3172,2816 3260,2810 3349,2806 3438,2801 3527,2796 3616,2790 3704,2786 3793,2782 3882,2778 3971,2774 4060,2771 4148,2768 4237,2766 4326,2766 4415,2764 4504,2764"
                         HEIGHT="151"
                         WIDTH="1776"
                         VPOS="2711"
                         HPOS="2728">
                  <String HEIGHT="151"
                          WIDTH="271"
                          VPOS="2711"
                          HPOS="2698"
                          CONTENT="butik"
                          SUBS_TYPE="HypPart2"
                          SUBS_CONTENT="skobutik"/>
                  <SP HEIGHT="151" WIDTH="30" VPOS="2711" HPOS="2969"/>
                  <String HEIGHT="151"
                          WIDTH="151"
                          VPOS="2711"
                          HPOS="2879"
                          CONTENT="i"/>
                  <SP HEIGHT="151" WIDTH="30" VPOS="2711" HPOS="3029"/>
                  <String HEIGHT="151"
                          WIDTH="271"
                          VPOS="2711"
                          HPOS="2939"
                          CONTENT="huset"/>
                  <SP HEIGHT="151" WIDTH="30" VPOS="2711" HPOS="3210"/>
                  <String HEIGHT="151"
                          WIDTH="181"
                          VPOS="2711"
                          HPOS="3119"
                          CONTENT="No"/>
                  <SP HEIGHT="151" WIDTH="30" VPOS="2711" HPOS="3300"/>
                  <String HEIGHT="151"
                          WIDTH="151"
                          VPOS="2711"
                          HPOS="3210"
                          CONTENT="1"/>
                  <SP HEIGHT="151" WIDTH="30" VPOS="2711" HPOS="3360"/>
                  <String HEIGHT="151"
                          WIDTH="151"
                          VPOS="2711"
                          HPOS="3270"
                          CONTENT="i"/>
                  <SP HEIGHT="151" WIDTH="30" VPOS="2711" HPOS="3420"/>
                  <String HEIGHT="151"
                          WIDTH="632"
                          VPOS="2711"
                          HPOS="3330"
                          CONTENT="Rosenlundsbazaren"/>
                  <SP HEIGHT="151" WIDTH="30" VPOS="2711" HPOS="3962"/>
                  <String HEIGHT="151"
                          WIDTH="211"
                          VPOS="2711"
                          HPOS="3872"
                          CONTENT="ett"/>
                  <SP HEIGHT="151" WIDTH="30" VPOS="2711" HPOS="4083"/>
                  <String HEIGHT="151"
                          WIDTH="211"
                          VPOS="2711"
                          HPOS="3992"
                          CONTENT="par"/>
                  <SP HEIGHT="151" WIDTH="30" VPOS="2711" HPOS="4203"/>
                  <String HEIGHT="151"
                          WIDTH="301"
                          VPOS="2711"
                          HPOS="4113"
                          CONTENT="pjexor"/>
                  <SP HEIGHT="151" WIDTH="30" VPOS="2711" HPOS="4414"/>
                  <String HEIGHT="151"
                          WIDTH="211"
                          VPOS="2711"
                          HPOS="4323"
                          CONTENT="och"/>
                  <SP HEIGHT="151" WIDTH="30" VPOS="2711" HPOS="4534"/>
                  <String HEIGHT="151" WIDTH="90" VPOS="2711" HPOS="4414" CONTENT="i"/>
               </TextLine>
               <TextLine ID="r2l24"
                         BASELINE="2702,2952 2794,2948 2886,2945 2978,2941 3070,2938 3162,2934 3254,2929 3346,2925 3438,2919 3530,2914 3622,2910 3714,2905 3806,2900 3898,2895 3990,2890 4082,2885 4174,2880 4266,2875 4358,2870 4450,2866 4542,2862"
                         HEIGHT="169"
                         WIDTH="1840"
                         VPOS="2809"
                         HPOS="2702">
                  <String HEIGHT="169"
                          WIDTH="468"
                          VPOS="2809"
                          HPOS="2669"
                          CONTENT="Handlanden"/>
                  <SP HEIGHT="169" WIDTH="33" VPOS="2809" HPOS="3137"/>
                  <String HEIGHT="169"
                          WIDTH="201"
                          VPOS="2809"
                          HPOS="3037"
                          CONTENT="J."/>
                  <SP HEIGHT="169" WIDTH="33" VPOS="2809" HPOS="3237"/>
                  <String HEIGHT="169"
                          WIDTH="401"
                          VPOS="2809"
                          HPOS="3137"
                          CONTENT="Hartmans"/>
                  <SP HEIGHT="169" WIDTH="33" VPOS="2809" HPOS="3538"/>
                  <String HEIGHT="169"
                          WIDTH="301"
                          VPOS="2809"
                          HPOS="3438"
                          CONTENT="butik"/>
                  <SP HEIGHT="169" WIDTH="33" VPOS="2809" HPOS="3739"/>
                  <String HEIGHT="169"
                          WIDTH="167"
                          VPOS="2809"
                          HPOS="3639"
                          CONTENT="i"/>
                  <SP HEIGHT="169" WIDTH="33" VPOS="2809" HPOS="3806"/>
                  <String HEIGHT="169"
                          WIDTH="301"
                          VPOS="2809"
                          HPOS="3706"
                          CONTENT="huset"/>
                  <SP HEIGHT="169" WIDTH="33" VPOS="2809" HPOS="4007"/>
                  <String HEIGHT="169"
                          WIDTH="201"
                          VPOS="2809"
                          HPOS="3906"
                          CONTENT="No"/>
                  <SP HEIGHT="169" WIDTH="33" VPOS="2809" HPOS="4107"/>
                  <String HEIGHT="169"
                          WIDTH="234"
                          VPOS="2809"
                          HPOS="4007"
                          CONTENT="136"/>
                  <SP HEIGHT="169" WIDTH="33" VPOS="2809" HPOS="4241"/>
                  <String HEIGHT="169"
                          WIDTH="201"
                          VPOS="2809"
                          HPOS="4141"
                          CONTENT="af"/>
                  <SP HEIGHT="169" WIDTH="33" VPOS="2809" HPOS="4341"/>
                  <String HEIGHT="169"
                          WIDTH="335"
                          VPOS="2809"
                          HPOS="4207"
                          CONTENT="Majornas"/>
               </TextLine>
               <TextLine ID="r2l25"
                         BASELINE="2712,3068 2804,3062 2896,3057 2988,3054 3080,3050 3172,3045 3264,3041 3356,3038 3448,3034 3540,3030 3633,3026 3725,3022 3817,3018 3909,3016 4001,3012 4093,3008 4185,3006 4277,3002 4369,3000 4461,2996 4554,2994"
                         HEIGHT="153"
                         WIDTH="1842"
                         VPOS="2941"
                         HPOS="2712">
                  <String HEIGHT="153"
                          WIDTH="307"
                          VPOS="2941"
                          HPOS="2681"
                          CONTENT="Förste"/>
                  <SP HEIGHT="153" WIDTH="31" VPOS="2941" HPOS="2988"/>
                  <String HEIGHT="153"
                          WIDTH="246"
                          VPOS="2941"
                          HPOS="2896"
                          CONTENT="rote"/>
                  <SP HEIGHT="153" WIDTH="31" VPOS="2941" HPOS="3142"/>
                  <String HEIGHT="153"
                          WIDTH="184"
                          VPOS="2941"
                          HPOS="3050"
                          CONTENT="en"/>
                  <SP HEIGHT="153" WIDTH="31" VPOS="2941" HPOS="3234"/>
                  <String HEIGHT="153"
                          WIDTH="215"
                          VPOS="2941"
                          HPOS="3142"
                          CONTENT="grå"/>
                  <SP HEIGHT="153" WIDTH="31" VPOS="2941" HPOS="3357"/>
                  <String HEIGHT="153"
                          WIDTH="368"
                          VPOS="2941"
                          HPOS="3265"
                          CONTENT="ylleduk,"/>
                  <SP HEIGHT="153" WIDTH="31" VPOS="2941" HPOS="3633"/>
                  <String HEIGHT="153"
                          WIDTH="215"
                          VPOS="2941"
                          HPOS="3541"
                          CONTENT="att"/>
                  <SP HEIGHT="153" WIDTH="31" VPOS="2941" HPOS="3756"/>
                  <String HEIGHT="153"
                          WIDTH="215"
                          VPOS="2941"
                          HPOS="3664"
                          CONTENT="hon"/>
                  <SP HEIGHT="153" WIDTH="31" VPOS="2941" HPOS="3879"/>
                  <String HEIGHT="153"
                          WIDTH="184"
                          VPOS="2941"
                          HPOS="3787"
                          CONTENT="af"/>
                  <SP HEIGHT="153" WIDTH="31" VPOS="2941" HPOS="3971"/>
                  <String HEIGHT="153"
                          WIDTH="184"
                          VPOS="2941"
                          HPOS="3879"
                          CONTENT="de"/>
                  <SP HEIGHT="153" WIDTH="31" VPOS="2941" HPOS="4063"/>
                  <String HEIGHT="153"
                          WIDTH="338"
                          VPOS="2941"
                          HPOS="3971"
                          CONTENT="sålunda"/>
                  <SP HEIGHT="153" WIDTH="31" VPOS="2941" HPOS="4308"/>
                  <String HEIGHT="153"
                          WIDTH="368"
                          VPOS="2941"
                          HPOS="4186"
                          CONTENT="tillgripne"/>
               </TextLine>
               <TextLine ID="r2l26"
                         BASELINE="2704,3196 2795,3188 2887,3182 2979,3176 3070,3170 3162,3165 3254,3160 3345,3156 3437,3151 3529,3147 3621,3144 3712,3140 3804,3136 3896,3133 3987,3130 4079,3126 4171,3123 4262,3119 4354,3116 4446,3112 4538,3108"
                         HEIGHT="167"
                         WIDTH="1834"
                         VPOS="3055"
                         HPOS="2704">
                  <String HEIGHT="167"
                          WIDTH="474"
                          VPOS="3055"
                          HPOS="2672"
                          CONTENT="persedlarne"/>
                  <SP HEIGHT="167" WIDTH="32" VPOS="3055" HPOS="3147"/>
                  <String HEIGHT="167"
                          WIDTH="379"
                          VPOS="3055"
                          HPOS="3052"
                          CONTENT="pantsatt"/>
                  <SP HEIGHT="167" WIDTH="32" VPOS="3055" HPOS="3431"/>
                  <String HEIGHT="167"
                          WIDTH="285"
                          VPOS="3055"
                          HPOS="3336"
                          CONTENT="Sofia"/>
                  <SP HEIGHT="167" WIDTH="32" VPOS="3055" HPOS="3621"/>
                  <String HEIGHT="167"
                          WIDTH="379"
                          VPOS="3055"
                          HPOS="3526"
                          CONTENT="Edströms"/>
                  <SP HEIGHT="167" WIDTH="32" VPOS="3055" HPOS="3906"/>
                  <String HEIGHT="167"
                          WIDTH="221"
                          VPOS="3055"
                          HPOS="3811"
                          CONTENT="tyg"/>
                  <SP HEIGHT="167" WIDTH="32" VPOS="3055" HPOS="4032"/>
                  <String HEIGHT="167"
                          WIDTH="221"
                          VPOS="3055"
                          HPOS="3937"
                          CONTENT="för"/>
                  <SP HEIGHT="167" WIDTH="32" VPOS="3055" HPOS="4159"/>
                  <String HEIGHT="167"
                          WIDTH="221"
                          VPOS="3055"
                          HPOS="4064"
                          CONTENT="Två"/>
                  <SP HEIGHT="167" WIDTH="32" VPOS="3055" HPOS="4285"/>
                  <String HEIGHT="167"
                          WIDTH="316"
                          VPOS="3055"
                          HPOS="4190"
                          CONTENT="Kronor"/>
                  <SP HEIGHT="167" WIDTH="32" VPOS="3055" HPOS="4506"/>
                  <String HEIGHT="167"
                          WIDTH="158"
                          VPOS="3055"
                          HPOS="4380"
                          CONTENT="och"/>
               </TextLine>
               <TextLine ID="r2l27"
                         BASELINE="2700,3310 2793,3304 2887,3297 2981,3291 3074,3285 3168,3281 3262,3276 3355,3270 3449,3267 3543,3263 3637,3260 3730,3256 3824,3252 3918,3250 4011,3248 4105,3244 4199,3242 4292,3240 4386,3238 4480,3236 4574,3234"
                         HEIGHT="155"
                         WIDTH="1874"
                         VPOS="3181"
                         HPOS="2700">
                  <String HEIGHT="155"
                          WIDTH="291"
                          VPOS="3181"
                          HPOS="2668"
                          CONTENT="Maria"/>
                  <SP HEIGHT="155" WIDTH="32" VPOS="3181" HPOS="2958"/>
                  <String HEIGHT="155"
                          WIDTH="420"
                          VPOS="3181"
                          HPOS="2862"
                          CONTENT="Svenssons"/>
                  <SP HEIGHT="155" WIDTH="32" VPOS="3181" HPOS="3282"/>
                  <String HEIGHT="155"
                          WIDTH="226"
                          VPOS="3181"
                          HPOS="3185"
                          CONTENT="duk"/>
                  <SP HEIGHT="155" WIDTH="32" VPOS="3181" HPOS="3411"/>
                  <String HEIGHT="155"
                          WIDTH="226"
                          VPOS="3181"
                          HPOS="3314"
                          CONTENT="för"/>
                  <SP HEIGHT="155" WIDTH="32" VPOS="3181" HPOS="3540"/>
                  <String HEIGHT="155"
                          WIDTH="194"
                          VPOS="3181"
                          HPOS="3443"
                          CONTENT="En"/>
                  <SP HEIGHT="155" WIDTH="32" VPOS="3181" HPOS="3637"/>
                  <String HEIGHT="155"
                          WIDTH="291"
                          VPOS="3181"
                          HPOS="3540"
                          CONTENT="Krona"/>
                  <SP HEIGHT="155" WIDTH="32" VPOS="3181" HPOS="3831"/>
                  <String HEIGHT="155"
                          WIDTH="162"
                          VPOS="3181"
                          HPOS="3734"
                          CONTENT="å"/>
                  <SP HEIGHT="155" WIDTH="32" VPOS="3181" HPOS="3895"/>
                  <String HEIGHT="155"
                          WIDTH="388"
                          VPOS="3181"
                          HPOS="3799"
                          CONTENT="Majornas"/>
                  <SP HEIGHT="155" WIDTH="32" VPOS="3181" HPOS="4186"/>
                  <String HEIGHT="155"
                          WIDTH="517"
                          VPOS="3181"
                          HPOS="4057"
                          CONTENT="Pantlånekontor"/>
               </TextLine>
               <TextLine ID="r2l28"
                         BASELINE="2716,3418 2808,3414 2900,3410 2992,3406 3084,3402 3176,3398 3268,3394 3360,3390 3452,3386 3544,3383 3636,3380 3728,3376 3820,3374 3912,3372 4004,3369 4096,3368 4188,3366 4280,3364 4372,3364 4464,3364 4556,3364"
                         HEIGHT="133"
                         WIDTH="1840"
                         VPOS="3311"
                         HPOS="2716">
                  <String HEIGHT="133"
                          WIDTH="148"
                          VPOS="3311"
                          HPOS="2686"
                          CONTENT="i"/>
                  <SP HEIGHT="133" WIDTH="30" VPOS="3311" HPOS="2835"/>
                  <String HEIGHT="133"
                          WIDTH="267"
                          VPOS="3311"
                          HPOS="2746"
                          CONTENT="huset"/>
                  <SP HEIGHT="133" WIDTH="30" VPOS="3311" HPOS="3013"/>
                  <String HEIGHT="133"
                          WIDTH="178"
                          VPOS="3311"
                          HPOS="2924"
                          CONTENT="No"/>
                  <SP HEIGHT="133" WIDTH="30" VPOS="3311" HPOS="3102"/>
                  <String HEIGHT="133"
                          WIDTH="208"
                          VPOS="3311"
                          HPOS="3013"
                          CONTENT="142"/>
                  <SP HEIGHT="133" WIDTH="30" VPOS="3311" HPOS="3221"/>
                  <String HEIGHT="133"
                          WIDTH="178"
                          VPOS="3311"
                          HPOS="3131"
                          CONTENT="af"/>
                  <SP HEIGHT="133" WIDTH="30" VPOS="3311" HPOS="3310"/>
                  <String HEIGHT="133"
                          WIDTH="356"
                          VPOS="3311"
                          HPOS="3221"
                          CONTENT="Majornas"/>
                  <SP HEIGHT="133" WIDTH="30" VPOS="3311" HPOS="3577"/>
                  <String HEIGHT="133"
                          WIDTH="297"
                          VPOS="3311"
                          HPOS="3488"
                          CONTENT="Tredje"/>
                  <SP HEIGHT="133" WIDTH="30" VPOS="3311" HPOS="3784"/>
                  <String HEIGHT="133"
                          WIDTH="267"
                          VPOS="3311"
                          HPOS="3695"
                          CONTENT="rote,"/>
                  <SP HEIGHT="133" WIDTH="30" VPOS="3311" HPOS="3962"/>
                  <String HEIGHT="133"
                          WIDTH="178"
                          VPOS="3311"
                          HPOS="3873"
                          CONTENT="A."/>
                  <SP HEIGHT="133" WIDTH="30" VPOS="3311" HPOS="4051"/>
                  <String HEIGHT="133"
                          WIDTH="178"
                          VPOS="3311"
                          HPOS="3962"
                          CONTENT="L."/>
                  <SP HEIGHT="133" WIDTH="30" VPOS="3311" HPOS="4141"/>
                  <String HEIGHT="133"
                          WIDTH="356"
                          VPOS="3311"
                          HPOS="4051"
                          CONTENT="Jonasson"/>
                  <SP HEIGHT="133" WIDTH="30" VPOS="3311" HPOS="4408"/>
                  <String HEIGHT="133"
                          WIDTH="208"
                          VPOS="3311"
                          HPOS="4319"
                          CONTENT="duk"/>
                  <SP HEIGHT="133" WIDTH="30" VPOS="3311" HPOS="4526"/>
                  <String HEIGHT="133"
                          WIDTH="148"
                          VPOS="3311"
                          HPOS="4408"
                          CONTENT="för"/>
               </TextLine>
               <TextLine ID="r2l29"
                         BASELINE="2722,3530 2813,3528 2905,3526 2997,3522 3089,3520 3181,3517 3273,3514 3365,3512 3457,3508 3549,3506 3641,3504 3732,3502 3824,3499 3916,3496 4008,3494 4100,3492 4192,3490 4284,3488 4376,3485 4468,3482 4560,3480"
                         HEIGHT="129"
                         WIDTH="1838"
                         VPOS="3427"
                         HPOS="2722">
                  <String HEIGHT="129"
                          WIDTH="170"
                          VPOS="3427"
                          HPOS="2694"
                          CONTENT="En"/>
                  <SP HEIGHT="129" WIDTH="28" VPOS="3427" HPOS="2863"/>
                  <String HEIGHT="129"
                          WIDTH="283"
                          VPOS="3427"
                          HPOS="2779"
                          CONTENT="Krona,"/>
                  <SP HEIGHT="129" WIDTH="28" VPOS="3427" HPOS="3061"/>
                  <String HEIGHT="129"
                          WIDTH="254"
                          VPOS="3427"
                          HPOS="2976"
                          CONTENT="Holms"/>
                  <SP HEIGHT="129" WIDTH="28" VPOS="3427" HPOS="3231"/>
                  <String HEIGHT="129"
                          WIDTH="226"
                          VPOS="3427"
                          HPOS="3146"
                          CONTENT="ring"/>
                  <SP HEIGHT="129" WIDTH="28" VPOS="3427" HPOS="3372"/>
                  <String HEIGHT="129"
                          WIDTH="198"
                          VPOS="3427"
                          HPOS="3288"
                          CONTENT="för"/>
                  <SP HEIGHT="129" WIDTH="28" VPOS="3427" HPOS="3485"/>
                  <String HEIGHT="129"
                          WIDTH="198"
                          VPOS="3427"
                          HPOS="3401"
                          CONTENT="Två"/>
                  <SP HEIGHT="129" WIDTH="28" VPOS="3427" HPOS="3599"/>
                  <String HEIGHT="129"
                          WIDTH="283"
                          VPOS="3427"
                          HPOS="3514"
                          CONTENT="kronor"/>
                  <SP HEIGHT="129" WIDTH="28" VPOS="3427" HPOS="3797"/>
                  <String HEIGHT="129"
                          WIDTH="141"
                          VPOS="3427"
                          HPOS="3712"
                          CONTENT="8"/>
                  <SP HEIGHT="129" WIDTH="28" VPOS="3427" HPOS="3853"/>
                  <String HEIGHT="129"
                          WIDTH="226"
                          VPOS="3427"
                          HPOS="3768"
                          CONTENT="öre,"/>
                  <SP HEIGHT="129" WIDTH="28" VPOS="3427" HPOS="3994"/>
                  <String HEIGHT="129"
                          WIDTH="170"
                          VPOS="3427"
                          HPOS="3910"
                          CONTENT="E."/>
                  <SP HEIGHT="129" WIDTH="28" VPOS="3427" HPOS="4079"/>
                  <String HEIGHT="129"
                          WIDTH="170"
                          VPOS="3427"
                          HPOS="3994"
                          CONTENT="F."/>
                  <SP HEIGHT="129" WIDTH="28" VPOS="3427" HPOS="4164"/>
                  <String HEIGHT="129"
                          WIDTH="368"
                          VPOS="3427"
                          HPOS="4079"
                          CONTENT="Mattssons"/>
                  <SP HEIGHT="129" WIDTH="28" VPOS="3427" HPOS="4447"/>
                  <String HEIGHT="129"
                          WIDTH="226"
                          VPOS="3427"
                          HPOS="4334"
                          CONTENT="pjexor"/>
               </TextLine>
               <TextLine ID="r2l30"
                         BASELINE="2682,3646 2775,3643 2868,3640 2961,3638 3054,3636 3148,3634 3241,3632 3334,3630 3427,3628 3520,3626 3614,3626 3707,3624 3800,3622 3893,3620 3986,3618 4080,3616 4173,3614 4266,3612 4359,3609 4452,3606 4546,3602"
                         HEIGHT="123"
                         WIDTH="1864"
                         VPOS="3549"
                         HPOS="2682">
                  <String HEIGHT="123"
                          WIDTH="207"
                          VPOS="3549"
                          HPOS="2652"
                          CONTENT="för"/>
                  <SP HEIGHT="123" WIDTH="30" VPOS="3549" HPOS="2860"/>
                  <String HEIGHT="123"
                          WIDTH="148"
                          VPOS="3549"
                          HPOS="2771"
                          CONTENT="4"/>
                  <SP HEIGHT="123" WIDTH="30" VPOS="3549" HPOS="2919"/>
                  <String HEIGHT="123"
                          WIDTH="296"
                          VPOS="3549"
                          HPOS="2830"
                          CONTENT="Kronor"/>
                  <SP HEIGHT="123" WIDTH="30" VPOS="3549" HPOS="3126"/>
                  <String HEIGHT="123"
                          WIDTH="207"
                          VPOS="3549"
                          HPOS="3037"
                          CONTENT="och"/>
                  <SP HEIGHT="123" WIDTH="30" VPOS="3549" HPOS="3244"/>
                  <String HEIGHT="123"
                          WIDTH="266"
                          VPOS="3549"
                          HPOS="3155"
                          CONTENT="Liepe"/>
                  <SP HEIGHT="123" WIDTH="30" VPOS="3549" HPOS="3422"/>
                  <String HEIGHT="123"
                          WIDTH="266"
                          VPOS="3549"
                          HPOS="3333"
                          CONTENT="Ström"/>
                  <SP HEIGHT="123" WIDTH="30" VPOS="3549" HPOS="3599"/>
                  <String HEIGHT="123"
                          WIDTH="148"
                          VPOS="3549"
                          HPOS="3510"
                          CONTENT="&amp;"/>
                  <SP HEIGHT="123" WIDTH="30" VPOS="3549" HPOS="3658"/>
                  <String HEIGHT="123"
                          WIDTH="207"
                          VPOS="3549"
                          HPOS="3570"
                          CONTENT="Cis"/>
                  <SP HEIGHT="123" WIDTH="30" VPOS="3549" HPOS="3777"/>
                  <String HEIGHT="123"
                          WIDTH="325"
                          VPOS="3549"
                          HPOS="3688"
                          CONTENT="ylleduk"/>
                  <SP HEIGHT="123" WIDTH="30" VPOS="3549" HPOS="4013"/>
                  <String HEIGHT="123"
                          WIDTH="207"
                          VPOS="3549"
                          HPOS="3925"
                          CONTENT="för"/>
                  <SP HEIGHT="123" WIDTH="30" VPOS="3549" HPOS="4132"/>
                  <String HEIGHT="123"
                          WIDTH="178"
                          VPOS="3549"
                          HPOS="4043"
                          CONTENT="75"/>
                  <SP HEIGHT="123" WIDTH="30" VPOS="3549" HPOS="4221"/>
                  <String HEIGHT="123"
                          WIDTH="207"
                          VPOS="3549"
                          HPOS="4132"
                          CONTENT="öre"/>
                  <SP HEIGHT="123" WIDTH="30" VPOS="3549" HPOS="4339"/>
                  <String HEIGHT="123"
                          WIDTH="207"
                          VPOS="3549"
                          HPOS="4250"
                          CONTENT="hos"/>
                  <SP HEIGHT="123" WIDTH="30" VPOS="3549" HPOS="4457"/>
                  <String HEIGHT="123"
                          WIDTH="207"
                          VPOS="3549"
                          HPOS="4339"
                          CONTENT="Pant¬"
                          SUBS_TYPE="HypPart1"
                          SUBS_CONTENT="Pantlånerskan"/>
                  <HYP CONTENT="-"/>
               </TextLine>
               <TextLine ID="r2l31"
                         BASELINE="2686,3754 2778,3752 2870,3752 2963,3752 3055,3752 3148,3752 3240,3752 3332,3750 3425,3750 3517,3750 3610,3748 3702,3748 3794,3746 3887,3744 3979,3742 4072,3740 4164,3738 4256,3734 4349,3730 4441,3728 4534,3722"
                         HEIGHT="111"
                         WIDTH="1848"
                         VPOS="3669"
                         HPOS="2686">
                  <String HEIGHT="111"
                          WIDTH="387"
                          VPOS="3669"
                          HPOS="2656"
                          CONTENT="lånerskan"
                          SUBS_TYPE="HypPart2"
                          SUBS_CONTENT="Pantlånerskan"/>
                  <SP HEIGHT="111" WIDTH="30" VPOS="3669" HPOS="3044"/>
                  <String HEIGHT="111"
                          WIDTH="179"
                          VPOS="3669"
                          HPOS="2954"
                          CONTENT="J."/>
                  <SP HEIGHT="111" WIDTH="30" VPOS="3669" HPOS="3133"/>
                  <String HEIGHT="111"
                          WIDTH="328"
                          VPOS="3669"
                          HPOS="3044"
                          CONTENT="Jonsson"/>
                  <SP HEIGHT="111" WIDTH="30" VPOS="3669" HPOS="3372"/>
                  <String HEIGHT="111"
                          WIDTH="149"
                          VPOS="3669"
                          HPOS="3282"
                          CONTENT="i"/>
                  <SP HEIGHT="111" WIDTH="30" VPOS="3669" HPOS="3431"/>
                  <String HEIGHT="111"
                          WIDTH="268"
                          VPOS="3669"
                          HPOS="3342"
                          CONTENT="huset"/>
                  <SP HEIGHT="111" WIDTH="30" VPOS="3669" HPOS="3610"/>
                  <String HEIGHT="111"
                          WIDTH="179"
                          VPOS="3669"
                          HPOS="3521"
                          CONTENT="No"/>
                  <SP HEIGHT="111" WIDTH="30" VPOS="3669" HPOS="3699"/>
                  <String HEIGHT="111"
                          WIDTH="149"
                          VPOS="3669"
                          HPOS="3610"
                          CONTENT="6"/>
                  <SP HEIGHT="111" WIDTH="30" VPOS="3669" HPOS="3759"/>
                  <String HEIGHT="111"
                          WIDTH="209"
                          VPOS="3669"
                          HPOS="3670"
                          CONTENT="vid"/>
                  <SP HEIGHT="111" WIDTH="30" VPOS="3669" HPOS="3878"/>
                  <String HEIGHT="111"
                          WIDTH="507"
                          VPOS="3669"
                          HPOS="3789"
                          CONTENT="Eklundsgatan,"/>
                  <SP HEIGHT="111" WIDTH="30" VPOS="3669" HPOS="4296"/>
                  <String HEIGHT="111"
                          WIDTH="179"
                          VPOS="3669"
                          HPOS="4206"
                          CONTENT="A."/>
                  <SP HEIGHT="111" WIDTH="30" VPOS="3669" HPOS="4385"/>
                  <String HEIGHT="111"
                          WIDTH="179"
                          VPOS="3669"
                          HPOS="4296"
                          CONTENT="M."/>
                  <SP HEIGHT="111" WIDTH="30" VPOS="3669" HPOS="4474"/>
                  <String HEIGHT="111"
                          WIDTH="179"
                          VPOS="3669"
                          HPOS="4355"
                          CONTENT="Eke¬"/>
               </TextLine>
            </TextBlock>
         </PrintSpace>
      </Page>
   </Layout>
</alto>
