5099 4055
543 160 693 105 sistförflutna
1114 160 326 105 natt
1317 160 530 105 hemkommit
1725 160 448 105 omkring
2051 160 285 105 kl.
2173 160 163 105 1.

507 286 285 107 och
670 286 408 107 dervid
956 286 449 107 medfört
1282 286 530 107 penningar
1690 286 285 107 och
1812 286 612 107 handelsvaror;

496 414 337 95 samt
707 414 295 95 att
875 414 548 95 Johansson
1297 414 253 95 på
1423 414 379 95 fråga
1676 414 253 95 af
1802 414 548 95 Lindström
2181 414 169 95 om

513 522 528 99 åtkomsten
919 522 446 99 dertill
1244 522 406 99 erkänt
1528 522 284 99 sig
1690 522 365 99 hafva
1893 522 487 99 tillgripit

510 655 296 93 dem
679 655 211 93 i
763 655 592 93 Peterssons
1186 655 254 93 bod.

528 772 192 92 I
604 772 499 92 anledning
988 772 345 92 häraf
1218 772 269 92 har
1372 772 691 92 Poliskonstapel
1948 772 230 92 No
2063 772 230 92 95
2139 772 269 92 Lind¬-

519 893 384 88 ström
775 893 384 88 samma
1032 893 299 88 dag
1202 893 256 88 på
1331 893 342 88 e.m.
1544 893 512 88 anhållit
1886 893 512 88 ofvannämde

503 992 479 99 Johansson
872 992 258 99 som
1019 992 221 99 är
1130 992 443 99 straffad
1462 992 258 99 för
1610 992 332 99 andra
1831 992 332 99 resan
2015 992 369 99 snatteri

513 1108 273 113 och
669 1108 273 113 har
825 1108 506 113 Johansson
1214 1108 273 113 vid
1370 1108 273 113 det
1525 1108 273 113 med
1681 1108 350 113 honom
1876 1108 428 113 anställda

505 1230 347 123 förhör
748 1230 417 123 vidgått,
1061 1230 243 123 att
1200 1230 243 123 han
1339 1230 417 123 Lördagen
1651 1230 243 123 den
1790 1230 208 123 28
1895 1230 347 123 sistl.
2103 1230 243 123 Febr.

519 1375 242 100 kl.
658 1375 381 100 omkring
935 1375 208 100 11
1039 1375 208 100 på
1143 1375 381 100 aftonen
1420 1375 173 100 i
1489 1375 346 100 afsigt
1731 1375 242 100 att
1870 1375 346 100 stjäla
2078 1375 346 100 begifvit

522 1497 249 93 sig
665 1497 284 93 till
842 1497 533 93 Petterssons
1268 1497 284 93 bod,
1446 1497 249 93 att
1588 1497 249 93 han
1730 1497 249 93 med
1872 1497 213 93 en
1979 1497 284 93 sten
2121 1497 213 93 sön¬-

511 1617 482 86 derslagit
882 1617 482 86 hänglåset
1253 1617 297 86 till
1438 1617 630 86 källaredörren
1920 1617 408 86 hvarefter

508 1732 282 103 han
669 1732 483 103 inkrupit
1031 1732 201 103 i
1112 1732 483 103 källaren
1474 1732 282 103 och
1635 1732 483 103 derifrån
1998 1732 362 103 genom
2199 1732 161 103 en

504 1856 179 99 i
576 1856 394 99 golfvet
862 1856 286 99 till
1041 1856 322 99 boden
1256 1856 466 99 befintlig
1614 1856 322 99 lucka
1829 1856 394 99 uppgått
2116 1856 179 99 i
2151 1856 251 99 boden

491 1990 270 93 der
646 1990 270 93 han
800 1990 541 93 tillgripit
1225 1990 232 93 de
1341 1990 232 93 af
1457 1990 541 93 Pettersson
1882 1990 425 93 anmälde
2152 1990 232 93 pen¬-

503 2114 451 97 ningar
819 2114 316 97 och
999 2114 722 97 handelsvaror
1586 2114 316 97 som
1766 2114 316 97 han
1902 2114 406 97 hemfört

501 2234 315 105 till
698 2234 276 105 sin
855 2234 433 105 bostad,
1170 2234 315 105 samt
1367 2234 276 105 att
1525 2234 276 105 han
1683 2234 236 105 af
1801 2234 276 105 det
1919 2234 473 105 tillgripna

494 2350 415 115 endast
785 2350 540 115 utdruckit
1201 2350 249 115 en
1325 2350 415 115 butelj
1616 2350 457 115 portvin
1907 2350 457 115 hvarjemte

491 2464 290 121 han
656 2464 414 121 tappat
946 2464 249 121 en
1071 2464 414 121 butelj
1361 2464 414 121 porter
1651 2464 290 121 som
1816 2464 414 121 dervid
2065 2464 373 121 sönder¬-

462 2619 480 92 derslagits.

512 2699 605 124 Penningarne
996 2699 282 124 och
1157 2699 242 124 de
1278 2699 403 124 ofrige
1561 2699 726 124 handelsvarorna
2126 2699 282 124 hafva

504 2808 442 150 blifvit
825 2808 321 150 till
1026 2808 562 150 målsegaren
1428 2808 562 150 återlemnade.

560 2956 265 123 På
692 2956 397 123 grund
957 2956 265 123 af
1089 2956 353 123 hvad
1310 2956 485 123 sålunda
1662 2956 617 123 förekommit
2103 2956 265 123 kom¬-

495 3074 312 133 mer
674 3074 401 133 Johan
941 3074 535 133 Bernhard
1342 3074 579 133 Johansson
1788 3074 312 133 att
1966 3074 401 133 denna
2189 3074 223 133 dag

481 3208 302 130 för
653 3208 733 130 Poliskammaren
1214 3208 474 130 inställas

1252 3321 446 87 Göteborg
1586 3321 260 87 den
1735 3321 186 87 1
1809 3321 297 87 mars
1958 3321 223 87 1880

69 3494 305 77 No
171 3494 203 77 47

63 3596 406 87 Augusta
321 3596 185 87 An¬-

33 3689 363 86 dersson

580 3419 922 134 Skräddaremästaren
1370 3419 263 134 J.
1502 3419 571 134 Andersson
1897 3419 439 134 delegare

560 3537 199 147 i
640 3537 757 147 Skrädderifirman
1277 3537 518 147 Andersson
1675 3537 279 147 och
1834 3537 518 147 Jakobsson
2193 3537 199 147 som

507 3654 287 169 har
671 3654 287 169 sin
835 3654 369 169 butik
1080 3654 205 169 i
1162 3654 369 169 huset
1408 3654 246 169 No
1531 3654 246 169 61
1654 3654 287 169 vid
1777 3654 491 169 Kungsgatan

2743 132 289 122 har
2908 132 496 122 Lördagen
3280 132 289 122 den
3445 132 248 122 28
3569 132 413 122 sistl.
3858 132 496 122 Februari
4188 132 372 122 anmält,

2703 254 285 132 att
2866 254 285 132 ett
3029 254 448 132 obekant
3355 254 570 132 fruntimmer
3802 254 204 132 i
3884 254 407 132 midten
4169 254 244 132 af
4250 254 326 132 sistl.

2708 374 480 128 Januari
3058 374 393 128 månad
3320 374 524 128 infunnit
3713 374 306 128 sig
3887 374 218 128 i
3975 374 480 128 firmans
4280 374 306 128 butik

2707 506 259 132 och
2855 506 370 132 begärt
3114 506 259 132 att
3262 506 296 132 emot
3447 506 259 132 tre
3595 506 518 132 guldringar
4002 506 222 132 få
4113 506 444 132 tillbyta
4409 506 185 132 sig

2695 618 246 140 en
2818 618 451 140 paletå,
3146 618 287 140 att
3309 618 246 140 då
3432 618 287 140 hon
3596 618 328 140 icke
3801 618 451 140 medfört
4128 618 369 140 dessa
4333 618 205 140 hon

2686 750 462 144 blifvit
3022 750 503 144 tillsagd
3399 750 545 144 återkomma
3819 750 294 144 och
3987 750 503 144 medhafva
4322 750 252 144 dem;

2684 886 282 126 att
2845 886 282 126 hon
3006 886 484 126 derefter
3370 886 242 126 ej
3491 886 444 126 afhörts
3813 886 363 126 förän
4055 886 363 126 sagde
4298 886 282 126 dag
4419 886 161 126 då

2699 1016 286 126 hon
2862 1016 326 126 åter
3066 1016 490 126 inkommit
3434 1016 204 126 i
3515 1016 449 126 butiken
3842 1016 286 126 och
4005 1016 326 126 emot
4209 1016 245 126 en
4290 1016 286 126 guld¬-

2677 1140 314 132 ring
2873 1140 393 132 begärt
3148 1140 236 132 få
3266 1140 471 132 tillbyta
3619 1140 275 132 sig
3776 1140 236 132 en
3894 1140 510 132 regnkappa
4247 1140 353 132 harföre

2683 1280 587 134 Andersson
3135 1280 316 134 som
3315 1280 632 134 misstänkte
3812 1280 407 134 henne
4083 1280 271 134 på
4173 1280 407 134 oärligt

2666 1410 336 132 sätt
2876 1410 378 132 hafva
3128 1410 503 132 åtkommit
3505 1410 503 132 ringarne
3883 1410 420 132 ansett
4176 1410 294 132 sig
4302 1410 252 132 böra

2695 1558 449 110 anmäla
2965 1558 674 110 förhållandet.

2747 1652 226 142 I
2837 1652 586 142 anledning
3288 1652 406 142 häraf
3559 1652 406 142 hafva
3784 1652 812 142 detektivkonstap¬-

2703 1774 402 152 larne
2971 1774 402 152 Bruun
3239 1774 313 152 och
3418 1774 536 152 Lindgren
3820 1774 625 152 förstnämde
4267 1774 223 152 dag

2690 1906 546 152 anhållit
3100 1906 683 152 ifrågakomne
3646 1906 683 152 fruntimmer,
4192 1906 319 152 som
4329 1906 273 152 upp¬-

2691 2026 411 168 gifvit
2979 2026 288 168 sig
3143 2026 329 168 vara
3349 2026 411 168 ogifta
3637 2026 453 168 Augusta
3966 2026 535 168 Andersson
4336 2026 206 168 bo¬-

2689 2140 308 176 ende
2882 2140 193 176 i
2959 2140 347 176 huset
3191 2140 231 176 No
3306 2140 231 176 73
3422 2140 231 176 af
3537 2140 463 176 Majornas
3884 2140 308 176 1sta
4077 2140 308 176 rote
4231 2140 347 176 hvilken

2682 2270 269 174 vid
2835 2270 576 174 anhållandet
3296 2270 422 174 befrans
3603 2270 499 174 innehafva
3987 2270 230 174 en
4064 2270 538 174 lillfingers¬-

2682 2396 306 182 ring
2873 2396 230 182 af
2988 2396 306 182 guld
3179 2396 268 182 med
3333 2396 459 182 infattad
3677 2396 306 182 brun
3869 2396 345 182 sten,
4098 2396 268 182 och
4213 2396 383 182 pantsed¬-

2699 2522 370 184 larne
2945 2522 247 184 No
3069 2522 411 184 40,305
3356 2522 205 184 å
3439 2522 288 184 ett
3603 2522 534 184 bordtäcke
4014 2522 411 184 belånt
4301 2522 288 184 med
4425 2522 123 184 2

2692 2662 437 170 Kronor
2998 2662 306 170 och
3173 2662 262 170 No
3304 2662 393 170 40362
3566 2662 218 170 å
3653 2662 306 170 ett
3828 2662 306 170 par
4002 2662 524 170 örhängen
4352 2662 218 170 be¬-

2694 2797 374 147 lånte
2944 2797 291 147 med
3110 2797 208 147 7
3193 2797 415 147 kronor
3484 2797 291 147 den
3650 2797 249 147 20
3774 2797 415 147 sistl.
4065 2797 498 147 Februari
4397 2797 125 147 å

2670 2975 603 90 Majornas
3072 2975 552 90 pantlåne¬-

3540 2899 326 64 aktiebolags

3622 2938 384 74 kontor
3891 2938 192 74 i
3967 2938 346 74 huset
4198 2938 231 74 No
4313 2938 231 74 44
4390 2938 192 74 vid

2697 3056 650 144 Husargatan,
3216 3056 606 144 hvarjemte,
3693 3056 303 144 vid
3866 3056 260 144 af
3952 3056 520 144 ofvannämde

2692 3172 609 168 Konstaplar
3171 3172 479 168 anstäld
3519 3172 696 168 undersökning
4085 3172 218 168 i
4128 3172 392 168 Augusta

2698 3302 582 166 Anderssons
3155 3302 415 166 bostad
3446 3302 540 166 påträffat
3862 3302 249 166 en
3986 3302 540 166 pantsedel
4360 3302 208 166 un¬-

2700 3424 311 174 der
2877 3424 267 174 No
3011 3424 445 174 19,189
3322 3424 489 174 utgifen
3677 3424 267 174 af
3811 3424 400 174 samma
4078 3424 400 174 bolag
4300 3424 222 174 den

2685 3548 213 154 3
2771 3548 427 154 sistl.
3069 3548 469 154 Januari
3411 3548 213 154 å
3496 3548 256 154 en
3624 3548 341 154 muff
3837 3548 299 154 och
4008 3548 469 154 belånad
4307 3548 213 154 med

2704 3689 188 131 4
2780 3689 413 131 Kronor,
3080 3689 188 131 a
3155 3689 451 131 kontoret
3493 3689 188 131 i
3568 3689 338 131 huset
3793 3689 225 131 No
3906 3689 300 131 142.
4094 3689 225 131 af
4169 3689 375 131 Majornas

2690 3839 285 87 3dje
2833 3839 249 87 rote.
