5072 4091
511 294 280 105 de
651 294 373 105 gått
884 294 326 105 ett
1071 294 466 105 stycke
1397 294 373 105 utom
1631 294 466 105 bommen
1957 294 233 105 i
2004 294 466 105 Galgkro¬-

510 418 419 95 garne,
803 418 419 95 Sjöman
1096 418 293 95 och
1264 418 377 95 Krans
1515 418 335 95 gått
1724 418 461 95 afsides
2059 418 335 95 till
2227 418 209 95 hö¬-

502 555 283 62 ger
663 555 243 62 åt
785 555 566 62 Krokslätt,
1230 555 364 62 under
1473 555 283 62 det
1634 555 486 62 Eriksson
1999 555 283 62 och
2120 555 364 62 Bengts¬-

504 651 296 73 son
673 651 423 73 väntat
969 651 212 73 å
1054 651 762 73 Mölndalsvägen,
1689 651 296 73 att
1858 651 381 73 efter
2070 651 169 73 en

2135 612 201 46 kort

2205 668 251 54 stund

518 760 484 79 Eriksson
880 760 484 79 begifvit
1243 760 282 79 sig
1404 760 363 79 efter
1646 760 282 79 och
1807 760 443 79 träffat
2089 760 363 79 Sjöman,

503 857 332 81 som
692 857 284 81 då
834 857 427 81 visat
1119 857 427 81 honom
1403 857 332 81 sin
1593 857 711 81 portmonnaie
2114 857 332 81 under

489 950 454 84 uppgift
819 950 289 84 att
984 950 372 84 Krans
1232 950 372 84 derur
1480 950 578 84 tillgripit
1934 950 207 84 5
1976 950 330 84 kronor

493 1045 330 78 samt
699 1045 289 78 att
864 1045 537 78 Eriksson,
1277 1045 289 78 som
1442 1045 248 78 ej
1566 1045 578 78 tillgripit
2020 1045 372 78 något
2227 1045 165 78 ur

485 1140 886 87 portmonnaien
1205 1140 665 87 derefter
1703 1140 498 87 ensam
1980 1140 332 87 gått

512 1234 321 89 till
673 1234 362 89 staden.

590 1368 484 81 Krans;
929 1368 339 81 att
1122 1368 339 81 han
1316 1368 339 81 vid
1510 1368 727 81 ifrågakomne
2043 1368 339 81 till¬-

511 1474 391 91 fälle
771 1474 651 91 visserligen
1292 1474 391 91 varit
1552 1474 217 91 i
1639 1474 521 91 sällskap
2029 1474 304 91 med
2160 1474 260 91 Sjö¬-

512 1584 366 87 man,
741 1584 548 87 Eriksson
1152 1584 320 87 och
1335 1584 640 87 Bengtsson,
1838 1584 503 87 hvarvid
2158 1584 274 87 Sjö¬-

504 1698 378 81 man
720 1698 541 81 bjudit
1099 1698 378 81 dem
1315 1698 324 81 på
1477 1698 595 81 bränvin
1910 1698 378 81 och
2072 1698 270 81 öl,

495 1814 370 89 men
707 1814 370 89 att
918 1814 423 89 han,
1183 1814 370 89 som
1394 1814 370 89 bor
1606 1814 264 89 i
1712 1814 688 89 Månglaren
2188 1814 264 89 An¬-

492 1930 397 99 ders
741 1930 695 99 Magnussons
1286 1930 347 99 hus
1485 1930 248 99 i
1584 1930 794 99 Galgkrogarne
2180 1930 248 99 en¬-

491 2058 409 101 dast
747 2058 562 101 åtföljt
1156 2058 358 101 dem
1360 2058 409 101 till
1616 2058 562 101 bommen,
2025 2058 358 101 der
2178 2058 256 101 han

488 2176 502 105 skiljte
853 2176 319 105 sig
1036 2176 365 105 från
1264 2176 319 105 dem
1446 2176 319 105 och
1628 2176 365 105 gått
1856 2176 365 105 hem,
2039 2176 319 105 hvar¬-

499 2312 444 83 efter
795 2312 346 83 han
992 2312 543 83 omkring
1387 2312 346 83 kl.
1585 2312 247 83 5
1683 2312 296 83 på
1782 2312 642 83 eftermidda¬-

511 2420 333 91 gen
701 2420 380 91 gått
938 2420 285 91 in
1081 2420 380 91 till
1318 2420 523 91 staden,
1698 2420 333 91 der
1888 2420 333 91 han
2031 2420 428 91 träffat

482 2534 430 85 Eriksson.

610 2624 734 101 Arbetskarlen
1207 2624 459 101 Niklas
1528 2624 643 101 Bengtsson,
2033 2624 459 101 boende
2308 2624 138 101 å

880 2734 228 81 i
972 2734 547 81 Mölndal,
1382 2734 319 81 har
1564 2734 592 81 uppgifvit
2020 2734 365 81 lika
2202 2734 228 81 med

502 2840 594 95 målsegaren
968 2840 212 95 i
1011 2840 254 95 hvad

1250 2787 123 54 det

1635 2838 281 71 honom
1822 2838 406 71 Bengtsson
2103 2838 281 71 anginge

509 2932 275 107 med
666 2932 472 107 tillägg,
1020 2932 275 107 att
1177 2932 354 107 sedan
1413 2932 236 107 de
1531 2932 314 107 gått
1727 2932 275 107 ett
1884 2932 393 107 stycke
2120 2932 236 107 utom

514 3038 425 99 bommen
811 3038 213 99 i
896 3038 723 99 Galgkrogarne,
1491 3038 383 99 Krans
1746 3038 340 99 gått
1959 3038 298 99 ett
2086 3038 340 99 stycke

507 3142 271 91 af
642 3142 406 91 vägen
913 3142 316 91 med
1093 3142 677 91 målsegaren,
1635 3142 316 91 att
1815 3142 541 91 Eriksson
2176 3142 226 91 ef¬-

514 3242 320 95 ter
697 3242 275 95 en
835 3242 412 95 stund
1109 3242 412 95 följt
1384 3242 412 95 efter
1658 3242 366 95 dem;
1887 3242 366 95 samt
2116 3242 320 95 att
2253 3242 183 95 då

514 3336 445 101 Sjöman
825 3336 356 101 kort
1047 3336 534 101 derefter
1448 3336 400 101 ensam
1715 3336 623 101 återkommit
2160 3336 222 101 han

535 3418 424 92 omtalat
844 3418 270 92 att
998 3418 347 92 Krans
1230 3418 540 92 tillgripit
1654 3418 309 92 från
1847 3418 347 92 honom
2079 3418 193 92 5
2156 3418 232 92 Kr
2233 3418 193 92 och

546 3506 413 82 Eriksson
855 3506 310 82 några
1062 3506 207 82 50
1131 3506 241 82 ören.

660 3578 252 93 På
786 3578 378 93 grund
1038 3578 252 93 af
1164 3578 336 93 hvad
1374 3578 462 93 sålunda
1710 3578 588 93 förekommit
2130 3578 252 93 kom¬-

508 3662 239 90 ma
628 3662 358 90 Johan
866 3662 517 90 Ferdinand
1264 3662 477 90 Eriksson
1622 3662 279 90 och
1781 3662 398 90 Gustaf
2060 3662 318 90 Emil
2219 3662 199 90 An¬-

504 3744 348 83 dersson
757 3744 285 83 Krans
947 3744 221 83 att
1074 3744 285 83 denna
1263 3744 221 83 dag
1390 3744 221 83 för
1516 3744 221 83 PKn
1643 3744 443 83 inställas.
1991 3744 380 83 Göteborg
2244 3744 158 83 den

508 3836 191 51 26
604 3836 349 51 Januari
826 3836 222 51 1880.

4641 365 258 54 No
4727 365 172 54 18

4623 462 292 62 Anna
4769 462 256 62 Brita

4597 534 392 54 Olsdotter.

2749 383 549 90 Genom
3115 383 610 90 remiss
3542 383 427 90 den
3786 383 366 90 20
3969 383 366 90 ds
4152 383 427 90 har
4335 383 305 90 Kgs

2714 472 525 99 Befhde
3081 472 577 99 anmodat
3500 472 367 99 Pkn
3710 472 787 99 införskaffa
4287 472 315 99 upp¬-

2735 549 685 108 lysningar
3262 549 369 108 för
3473 549 685 108 bedömande
4000 549 316 108 af
4105 549 527 108 huruvida

2719 641 409 112 Anna
2974 641 460 112 Brita
3281 641 664 112 Olsdotter
3792 641 716 112 förvärfvat
4303 641 307 112 hem¬-

2732 745 599 88 ortsrätt
3181 745 249 88 i
3231 745 499 88 Göteborg

2807 862 305 61 I
2929 862 793 61 anledning
3478 862 427 61 häraf

3539 812 443 47 har

3897 834 486 59 Anna
4140 834 426 59 Brita

2713 897 739 120 Olsdotters
3294 897 528 120 broder
3664 897 845 120 Arbetskarlen
4297 897 317 120 Nils

2731 993 587 116 Olsson,
3157 993 373 116 som
3371 993 320 116 nu
3531 993 373 116 bor
3744 993 267 116 i
3798 993 800 116 Fläskhandlan¬-

2738 1079 363 114 den
2946 1079 311 114 A.
3101 1079 311 114 P.
3257 1079 675 114 Isakssons
3776 1079 363 114 hus
3983 1079 259 114 å
4035 1079 571 114 egendomen

2718 1161 539 116 Lunden
3096 1161 432 116 inom
3365 1161 593 116 Örgryte
3797 1161 539 116 socken
4121 1161 485 116 blifvit

2721 1253 498 112 hörd,
3053 1253 608 112 hvarvid
3495 1253 387 112 han
3716 1253 774 112 uppgifvit,
4269 1253 277 112 att

2722 1341 432 114 Anna
2992 1341 486 114 Brita
3316 1341 756 114 Olsdotter,
3910 1341 270 114 i
4018 1341 540 114 midten
4342 1341 216 114 af

2709 1421 645 128 Januari
3179 1421 528 128 månad
3530 1421 352 128 år
3706 1421 469 128 1878
4000 1421 469 128 från
4234 1421 352 128 Carl

2720 1521 617 124 Gustafs
3168 1521 336 124 sn
3337 1521 280 124 i
3449 1521 505 124 Marks
3785 1521 505 124 härad
4065 1521 505 124 flyttat

2728 1607 414 140 till
2987 1607 414 140 Nils
3245 1607 569 140 Olsson,
3659 1607 362 140 som
3866 1607 310 140 då
4021 1607 414 140 bott
4280 1607 259 140 i
4331 1607 259 140 hu¬-

2703 1679 342 160 set
2899 1679 293 160 No
3045 1679 342 160 17.
3241 1679 391 160 Litt
3485 1679 293 160 TT
3632 1679 244 160 i
3729 1679 440 160 denna
4022 1679 440 160 stads
4267 1679 293 160 12te

2702 1805 454 128 Rote,
3004 1805 353 128 för
3206 1805 353 128 att
3408 1805 555 128 förestå
3811 1805 555 128 Olssons
4164 1805 454 128 hushåll

2706 1901 412 124 enär
2964 1901 412 124 hans
3222 1901 516 124 hustru
3583 1901 412 124 kort
3841 1901 464 124 förut
4098 1901 516 124 aflidit;

2690 1987 381 132 att
2907 1987 435 132 Anna
3179 1987 490 132 Brita
3506 1987 707 132 Olsdotter
3995 1987 599 132 qvarstan¬-

2694 2079 367 126 nat
2903 2079 367 126 hos
3113 2079 420 126 Nils
3375 2079 525 126 Olsson
3743 2079 420 126 till
4005 2079 367 126 den
4215 2079 315 126 29
4320 2079 262 126 Ja¬-

2692 2173 465 122 nuari
3002 2173 465 122 1879,
3312 2173 310 122 då
3467 2173 361 122 hon
3673 2173 310 122 på
3828 2173 465 122 grund
4138 2173 310 122 af
4241 2173 361 122 sjuk¬-

2690 2265 403 122 dom
2921 2265 576 122 intogs
3324 2265 288 122 å
3439 2265 806 122 härvarande
4014 2265 576 122 försörj¬-

2698 2357 1074 126 ningsinrättning,
3611 2357 376 126 der
3826 2357 376 126 hon
4041 2357 483 126 afled
4309 2357 269 126 den

2701 2450 253 113 5
2803 2450 507 113 sistl.
3157 2450 456 113 Juni;
3462 2450 355 113 att
3664 2450 355 113 hon
3867 2450 405 113 före
4121 2450 355 113 det
4273 2450 253 113 hon

2712 2553 657 126 flyttat
3190 2553 477 126 till
3488 2553 597 126 Olsson
3846 2553 239 126 ej

4091 2508 363 35 varit

2680 2633 364 140 här
2888 2633 260 140 i
2992 2633 519 140 staden
3355 2633 727 140 annorlunda
3927 2633 312 140 än
4083 2633 312 140 på
4186 2633 416 140 korta¬-

2663 2727 341 140 re
2834 2727 512 140 besök
3175 2727 398 140 hos
3403 2727 569 140 Olsson
3801 2727 455 140 utan
4029 2727 569 140 ständigt

2688 2831 481 122 bott
2988 2831 420 122 och
3229 2831 481 122 haft
3529 2831 420 122 sin
3769 2831 661 122 hemvist
4190 2831 360 122 inom

2700 2921 448 122 Carl
2980 2921 615 122 Gustafs
3427 2921 392 122 sn;
3651 2921 448 122 samt
3931 2921 392 122 att
4154 2921 392 122 hon
4322 2921 224 122 ej

2688 3009 595 124 blifvit
3121 3009 379 124 här
3337 3009 271 124 i
3446 3009 541 124 staden
3770 3009 812 124 mantalsskrif¬-

2682 3154 433 67 ven
2929 3154 433 67 hos
3115 3154 494 67 Olsson

3913 3127 605 44 emedan
4276 3127 303 44 hon

2630 3232 294 35 dels

2662 3221 505 92 redan
2999 3221 561 92 hösten
3391 3221 337 92 år
3560 3221 449 92 1877
3840 3221 617 92 blifvit
4233 3221 337 92 man¬-

2681 3295 880 118 talsskrifven
3396 3295 440 118 inom
3670 3295 440 118 Carl
3945 3295 605 118 Gustafs
4330 3295 220 118 sn

2683 3405 423 108 "vid
2947 3405 634 108 socknens
3423 3405 476 108 slut"
3740 3405 370 108 och
3952 3405 423 108 dels
4163 3405 423 108 hösten

2665 3552 453 42 1878
2892 3552 340 42 sagt

3134 3482 168 52 det

3269 3507 415 72 hon
3506 3507 356 72 på
3684 3507 356 72 då
3862 3507 593 72 skulle
4218 3507 356 72 åter

2587 3601 578 41 mantals¬-

2666 3606 646 99 skrifvas
3151 3606 269 99 i
3258 3606 538 99 nämnde
3635 3606 592 99 socken,
4066 3606 431 99 enär
4281 3606 269 99 hon

2673 3687 514 122 endast
3032 3687 925 122 tillfälligtvis
3804 3687 617 122 uppehöll
4215 3687 257 122 sig

2688 3767 333 118 hos
2879 3767 380 118 Nils
3116 3767 523 118 Olsson.
3496 3767 380 118 Gtbg
3734 3767 285 118 d.
3877 3767 285 118 28
4019 3767 380 118 Jan.
4209 3767 333 118 1880.
