5031 4073
517 151 284 189 Robt.
707 151 189 189 J.
802 151 253 189 Graf
959 151 158 189 å
1023 151 442 189 Lorensberg
1370 151 253 189 till
1528 151 221 189 sin
1654 151 442 189 gemensamma
2001 151 316 189 bostad
2222 151 158 189 i
2254 151 221 189 huset

489 271 206 191 No
592 271 206 191 26
694 271 240 191 vid
831 271 445 191 Sillgatan
1140 271 308 191 hemfört

514 374 366 178 Hansen:
780 374 200 178 en
880 374 300 178 filt,
1080 374 233 178 två
1213 374 400 178 teskedar
1513 374 200 178 af
1613 374 466 178 nysilfver,
1979 374 200 178 en
2045 374 400 178 desertknif

506 493 177 189 af
594 493 412 189 nysilfver,
918 493 177 189 en
1006 493 354 189 handduk,
1272 493 147 189 4
1330 493 442 189 dricksglas,
1684 493 147 189 4
1743 493 412 189 punschglas
2067 493 206 189 och
2185 493 206 189 tre
2273 493 177 189 min¬-

504 599 210 144 dre
624 599 389 144 tallrikar
893 599 150 144 och

501 719 398 158 Lindgren:
808 719 184 158 en
900 719 245 158 s.k.
1053 719 490 158 gradkaraffin
1451 719 184 158 af
1543 719 276 158 glas,
1727 719 184 158 af
1819 719 337 158 hvilket
2064 719 245 158 gods
2187 719 245 158 teske¬-

499 829 284 132 darne
689 829 253 132 voro
847 829 316 132 märkte
1068 829 190 132 R.
1163 829 190 132 G.
1258 829 221 132 och
1384 829 442 132 misstankar
1732 829 379 132 uppstått
2016 829 316 132 derom,
2206 829 158 132 att

481 967 342 111 Hansen
720 967 239 111 och
857 967 410 111 Lindgren
1165 967 205 111 på
1267 967 376 111 oärligt
1541 967 274 111 sätt
1712 967 410 111 åtkommit
2020 967 239 111 det
2157 967 205 111 af
2225 967 171 111 dem

481 1030 403 194 hemförda
784 1030 370 194 godset;
1053 1030 202 194 så
1154 1030 235 194 har
1288 1030 740 194 detektivkonstapeln
1927 1030 202 194 C.
1994 1030 370 194 Hellström

487 1156 400 172 Fredagen
787 1156 233 172 den
920 1156 167 172 3
987 1156 334 172 dennes
1220 1156 200 172 på
1320 1156 267 172 f.m.
1487 1156 400 172 anhållit
1787 1156 500 172 ofvannämnde
2154 1156 267 172 Hansen

485 1251 220 187 och
610 1251 409 187 Lindgren,
925 1251 315 187 hvilka
1145 1251 220 187 vid
1271 1251 220 187 med
1397 1251 220 187 dem
1523 1251 378 187 anstäldt
1806 1251 315 187 förhör
1995 1251 378 187 uppgifvit:

481 1358 203 147 1o
583 1358 373 147 Hansen:
854 1358 237 147 att
989 1358 271 147 han,
1159 1358 237 147 som
1294 1358 271 147 vore
1463 1358 305 147 hemma
1667 1358 169 147 i
1734 1358 542 147 Christiania,
2141 1358 237 147 under

499 1465 395 129 sednaste
796 1465 231 129 tre
927 1465 329 129 veckor
1158 1465 264 129 haft
1323 1465 494 129 anställning
1718 1465 231 129 hos
1850 1465 297 129 Graf,
2048 1465 231 129 att
2179 1465 231 129 han
2278 1465 165 129 nå¬-

492 1582 210 169 gon
612 1582 210 169 dag
732 1582 150 169 i
792 1582 300 169 slutet
1002 1582 180 169 af
1092 1582 390 169 sistlidne
1392 1582 330 169 Augusti
1633 1582 300 169 månad,
1843 1582 180 169 då
1933 1582 210 169 han
2053 1582 180 169 på
2113 1582 270 169 aftonen

478 1664 363 219 bortgått
750 1664 242 219 från
901 1664 454 219 Lorensberg,
1264 1664 363 219 medtagit
1536 1664 302 219 filten
1748 1664 272 219 såsom
1929 1664 423 219 beklädnad;
2232 1664 151 219 att

490 1776 196 188 han
602 1776 336 188 dessutom
854 1776 196 188 vid
966 1776 392 188 åtskillige
1274 1776 392 188 tillfällen
1583 1776 336 188 derefter
1835 1776 224 188 till
1975 1776 196 188 sin
2087 1776 280 188 bostad
2255 1776 168 188 med¬-

463 1910 276 160 tagit
647 1910 460 160 teskedarne,
1015 1910 368 160 knifven,
1291 1910 429 160 handduken,
1628 1910 521 160 dricksglasen,
2027 1910 368 160 punschgla¬-

463 2034 232 155 sen
596 2034 232 155 och
728 2034 498 155 tallrikarna
1127 2034 232 155 för
1259 2034 232 155 att
1392 2034 232 155 der
1525 2034 365 155 använda
1791 2034 266 155 dem;
1956 2034 266 155 samt
2122 2034 232 155 att
2222 2034 166 155 han

487 2119 239 210 icke
636 2119 239 210 haft
785 2119 209 210 för
905 2119 298 210 afsigt
1114 2119 358 210 tillegna
1382 2119 209 210 sig
1501 2119 268 210 dessa
1680 2119 298 210 saker,
1889 2119 239 210 utan
2038 2119 268 210 ämnat
2187 2119 209 210 efter

481 2253 514 165 begagnandet
892 2253 411 165 återbära
1200 2253 240 165 dem
1303 2253 171 165 och

472 2342 186 193 2o
565 2342 402 193 Lindgren;
874 2342 216 193 att
998 2342 247 193 han,
1152 2342 216 193 som
1276 2342 402 193 tillhörde
1585 2342 278 193 Clara
1771 2342 433 193 församling
2111 2342 155 193 i
2142 2342 247 193 Stock¬-

466 2454 258 175 holm
627 2454 226 175 och
756 2454 290 175 under
949 2454 226 175 sex
1078 2454 322 175 aftnar
1304 2454 258 175 haft
1465 2454 483 175 anställning
1851 2454 226 175 hos
1980 2454 290 175 Graf,
2173 2454 226 175 den
2270 2454 129 175 24

479 2551 410 193 sistlidne
794 2551 347 193 Augusti
1046 2551 189 193 på
1140 2551 347 193 aftonen
1392 2551 221 193 vid
1518 2551 473 193 bortgåendet
1896 2551 252 193 från
2022 2551 378 193 Lorensberg

480 2671 247 182 till
634 2671 216 182 sin
758 2671 309 182 bostad
974 2671 370 182 medtagit
1252 2671 185 182 en
1344 2671 185 182 s.
1437 2671 185 182 k.
1530 2671 525 182 gradkaraffin,
1962 2671 247 182 fyld
2116 2671 216 182 med
2209 2671 185 182 kon¬-

469 2776 270 194 jak,
638 2776 372 194 hvilken
909 2776 338 194 konjak
1145 2776 237 194 han
1280 2776 304 194 förut
1483 2776 338 194 betalt
1720 2776 270 194 samt
1889 2776 237 194 att
2024 2776 270 194 han,
2159 2776 237 194 efter

475 2913 246 167 att
615 2913 316 167 hafva
826 2913 456 167 urdruckit
1177 2913 456 167 konjaken,
1528 2913 316 167 ämnat
1739 2913 421 167 återbära
2020 2913 386 167 karafinen

474 3008 277 164 men
633 3008 633 164 dessförinnan
1147 3008 356 164 råkat
1384 3008 514 164 sönderslå
1740 3008 435 164 densamma.

625 3126 579 158 Restauratören
1102 3126 272 158 Graf
1272 3126 238 158 har
1408 3126 409 158 värderat
1715 3126 341 158 filten
1953 3126 272 158 till
2124 3126 170 158 1
2158 3126 238 158 Krona

481 3221 176 166 50
569 3221 235 166 öre,
715 3221 381 166 handduken
1008 3221 235 166 till
1155 3221 176 166 30
1243 3221 235 166 öre,
1389 3221 498 166 drickesglasen
1800 3221 235 166 till
1946 3221 176 166 33
2034 3221 205 166 öre
2122 3221 264 166 stycket

457 3341 474 166 punschglasen
842 3341 237 166 till
990 3341 178 166 25
1079 3341 207 166 öre
1197 3341 355 166 stycket,
1464 3341 414 166 teskedarne
1789 3341 237 166 till
1937 3341 178 166 50
2026 3341 207 166 öre
2115 3341 296 166 stycket,

471 3462 634 134 desertknifvarne
971 3462 200 134 till

1092 3431 185 83 En
1154 3431 215 83 Krona

1151 3448 175 143 50
1238 3448 204 143 öre
1355 3448 350 143 stycket,
1618 3448 438 143 tallrikarne
1968 3448 233 143 till
2114 3448 175 143 25
2172 3448 146 143 öre

474 3553 364 177 stycket
739 3553 232 177 och
871 3553 431 177 karafinen
1202 3553 265 177 till
1368 3553 199 177 En
1467 3553 298 177 Krona
1666 3553 199 177 25
1732 3553 199 177 öre.

578 3667 404 162 Samtlige
882 3667 371 162 sakerna
1151 3667 303 162 hafva
1353 3667 371 162 blifvit
1623 3667 270 162 till
1791 3667 337 162 egaren
1993 3667 472 162 återlemnade.

2760 229 222 186 På
2871 229 332 186 grund
3093 229 222 186 af
3203 229 296 186 hvad
3388 229 406 186 sålunda
3684 229 554 186 förekommit,
4127 229 332 186 komma
4311 229 259 186 Juli¬-

2576 363 215 216 us
2684 363 393 216 Hanssen
2970 363 250 216 och
3113 363 286 216 Carl
3291 363 358 216 August
3542 363 429 216 Lindgren
3863 363 250 216 att
4006 363 322 216 denna
4221 363 250 216 dag
4328 363 179 216 för

2599 470 258 202 PKn
2747 470 516 202 inställas.
3152 470 442 202 Göteborg
3483 470 258 202 den
3631 470 184 202 3
3704 470 479 202 September
4036 470 258 202 1880.

4510 564 258 187 No
4596 564 258 187 189.

4515 685 255 163 Gerda
4657 685 255 163 Elonora

4477 825 362 128 Strandberg.

2676 603 301 174 Sedan
2876 603 535 174 Månadskarlen
3311 603 334 174 Petrus
3545 603 401 174 Jönsson,
3846 603 334 174 boende
4080 603 167 174 i
4147 603 301 174 huset
4347 603 201 174 No
4414 603 134 174 27

2611 704 203 220 vid
2727 704 407 220 Bergsgatan
3047 704 349 220 lördagen
3308 704 203 220 den
3425 704 145 220 4
3483 704 291 220 dennes
3686 704 320 220 anmält,
3919 704 203 220 att
4035 704 203 220 vid
4151 704 262 220 något
4297 704 203 220 till¬-

2584 828 303 206 fälle
2786 828 303 206 sedan
2988 828 336 206 början
3223 828 202 206 af
3324 828 437 206 sistlidne
3660 828 269 206 Juni
3829 828 303 206 månad
4030 828 168 206 i
4098 828 269 206 hans
4232 828 269 206 bostad

2596 926 255 214 från
2755 926 287 214 honom
2947 926 478 214 tillgripits
3329 926 191 214 en
3425 926 605 214 vinteröfverrock
3935 926 191 214 af
4030 926 287 214 mörk,
4189 926 351 214 grånoppig

2596 1034 331 188 doffel
2828 1034 232 188 med
2960 1034 431 188 smårutigt
3291 1034 331 188 foder,
3523 1034 265 188 värd
3689 1034 199 188 15
3788 1034 364 188 Kronor;
4053 1034 199 188 så
4153 1034 232 188 har
4252 1034 265 188 detek¬-

2589 1140 589 229 tivkonstapeln
3074 1140 208 229 E.
3178 1140 450 229 Hellström
3525 1140 312 229 samma
3733 1140 243 229 dag
3871 1140 243 229 för
4010 1140 312 229 detta
4183 1140 381 229 tillgrepp

2611 1262 391 225 anhållit
2905 1262 326 225 ogifta
3133 1262 293 225 Gerda
3329 1262 359 225 Elonora
3589 1262 489 225 Strandberg,
3980 1262 326 225 boende
4209 1262 163 225 i
4241 1262 261 225 ofvan¬-

2596 1384 364 167 nämnde
2850 1384 291 167 hus;
3032 1384 255 167 och
3178 1384 255 167 har
3324 1384 510 167 Strandberg
3724 1384 255 167 vid
3870 1384 255 167 det
4015 1384 255 167 med
4161 1384 328 167 henne
4343 1384 182 167 an¬-

2599 1462 337 202 ställda
2844 1462 306 202 förhör
3059 1462 368 202 vidgått,
3334 1462 214 202 att
3457 1462 214 202 hon
3580 1462 214 202 den
3702 1462 184 202 19
3794 1462 276 202 sist.
3978 1462 245 202 Juni
4131 1462 153 202 i
4192 1462 276 202 köket
4345 1462 184 202 till

2612 1586 483 232 Målsegarens
2998 1586 322 232 bostad
3224 1586 451 232 tillgripit
3578 1586 386 232 Jönssons
3868 1586 290 232 rock,
4061 1586 225 232 som
4190 1586 225 232 han
4287 1586 225 232 samma

2603 1688 232 245 dag
2736 1688 232 245 för
2868 1688 265 245 åtta
3034 1688 332 245 Kronor
3266 1688 398 245 pantsatt
3565 1688 232 245 hos
3698 1688 498 245 Pantlånaren
4096 1688 199 245 J.
4195 1688 332 245 Olsson
4394 1688 100 245 i

2580 1785 330 231 huset
2800 1785 220 231 No
2910 1785 183 231 4
2984 1785 257 231 vid
3130 1785 293 231 Öfra
3313 1785 550 231 Husargatan;
3753 1785 293 231 samt
3937 1785 257 231 att
4083 1785 257 231 han
4193 1785 330 231 användt

2589 1938 510 216 penningarne
2997 1938 272 216 till
3167 1938 238 216 att
3303 1938 340 216 utlösa
3541 1938 272 216 egna
3712 1938 238 216 hos
3848 1938 374 216 bemälde
4120 1938 340 216 Olsson
4324 1938 238 216 pant¬-

2605 2087 289 166 satta
2766 2087 578 166 klädespersedlar.

2737 2123 356 220 Rocken
2987 2123 214 220 är
3094 2123 499 220 återfunnen
3486 2123 214 220 på
3593 2123 249 220 det
3735 2123 214 220 af
3842 2123 499 220 Strandberg
4199 2123 356 220 uppgifne

2574 2312 583 156 pantlånekontor.

2738 2331 235 250 På
2855 2331 352 250 grund
3090 2331 235 250 af
3207 2331 313 250 hvad
3403 2331 430 250 sålunda
3716 2331 548 250 förekommit
4146 2331 235 250 är
4224 2331 274 250 Gerda

2624 2446 385 227 Eleonra
2904 2446 490 227 Strandberg
3289 2446 350 227 kallad
3534 2446 280 227 till
3709 2446 525 227 inställelse
4129 2446 315 227 inför
4304 2446 175 227 PKn

2639 2588 346 236 denna
2869 2588 308 236 dag.
3062 2588 462 236 Göteborg
3408 2588 269 236 den
3562 2588 192 236 6
3639 2588 346 236 Sept.
3832 2588 269 236 1880.

4513 2679 242 182 No
4593 2679 242 182 190.

4476 2830 300 152 Augusta
4667 2830 273 152 Josefina

4457 2904 284 184 Börjesson

2776 2726 781 168 Detektivkonstaplarne
3460 2726 195 168 P.
3557 2726 390 168 Lindgren
3850 2726 228 168 och
3980 2726 195 168 J.
4078 2726 195 168 M.
4143 2726 325 168 Rönnbäck

2617 2874 268 146 hafva
2796 2874 358 146 Lördagen
3064 2874 209 146 den
3184 2874 149 146 4
3243 2874 179 146 ds
3333 2874 209 146 kl.
3452 2874 179 146 10
3542 2874 239 146 f.m.
3691 2874 358 146 anhållit
3959 2874 209 146 för
4078 2874 298 146 första
4257 2874 209 146 resan

2626 2963 388 189 snatteri
2917 2963 291 189 dömda
3111 2963 356 189 hustrun
3370 2963 356 189 Augusta
3629 2963 388 189 Josefina
3920 2963 453 189 Börjesson,
4244 2963 259 189 boende

2621 3082 160 199 i
2685 3082 288 199 huset
2877 3082 192 199 No
2973 3082 192 199 17
3069 3082 511 199 Slottsberget
3484 3082 160 199 i
3548 3082 320 199 Tredje
3772 3082 288 199 roten
3964 3082 160 199 å
4027 3082 448 199 Lindholmen
4347 3082 128 199 på

2618 3219 377 208 Hisingen,
2908 3219 203 208 för
3024 3219 203 208 det
3141 3219 203 208 hon
3257 3219 232 208 kort
3402 3219 261 208 förut
3576 3219 232 208 från
3721 3219 203 208 ett
3837 3219 581 208 försäljningsbord
4331 3219 145 208 å
4360 3219 232 208 Kungs¬-

2624 3334 311 214 torget
2842 3334 249 214 från
2997 3334 467 214 Månglerskan
3371 3334 405 214 Albertina
3682 3334 436 214 Börjesson,
4025 3334 311 214 boende
4243 3334 156 214 i
4274 3334 218 214 huset

2618 3456 190 187 No
2713 3456 190 187 13
2808 3456 253 187 Litt
2966 3456 158 187 U
3029 3456 158 187 i
3092 3456 253 187 12te
3250 3456 284 187 roten
3440 3456 442 187 tillgripit
3787 3456 190 187 en
3882 3456 284 187 kokad
4071 3456 347 187 komule,
4292 3456 190 187 värd

2614 3613 391 173 Sjutton
2862 3613 213 173 öre.

2779 3625 337 218 Hustru
3015 3625 471 218 Börjesson,
3385 3625 370 218 hvilken
3655 3625 236 218 vid
3789 3625 505 218 anhållandet
4159 3625 337 218 innehade
