4968 4034
507 164 386 174 anhållit
796 164 225 174 att
925 164 418 174 Carlsson,
1246 164 225 174 som
1375 164 193 174 är
1472 164 289 174 under
1665 164 257 174 åtal
1825 164 225 174 vid
1954 164 289 174 Rådh.
2147 164 225 174 Rns
2243 164 129 174 2a

474 302 255 138 Afd.
633 302 223 138 för
761 302 287 138 annat
952 302 382 138 olofligt
1238 302 446 138 tillgrepp,
1589 302 287 138 måtte
1780 302 287 138 genom
1971 302 255 138 Pkns
2098 302 287 138 försorg

499 388 269 171 varda
678 388 359 171 inställd
947 388 209 171 hos
1067 388 239 171 Rådh
1216 388 179 171 Rn
1306 388 359 171 Lördagen
1575 388 209 171 den
1695 388 179 171 24
1784 388 179 171 ds
1874 388 179 171 kl
1963 388 179 171 12
2053 388 179 171 på
2113 388 239 171 dagen,

472 540 237 125 då
591 540 356 125 målet
829 540 277 125 mot
987 540 475 125 Carlsson
1343 540 317 125 ånyo
1501 540 515 125 förekommer.

543 608 241 165 På
663 608 361 165 grund
904 608 241 165 af
1024 608 321 165 hvad
1224 608 441 165 sålunda
1545 608 601 165 förekommit,
1986 608 321 165 kommer

460 725 315 183 Johan
670 725 349 183 Alfred
914 725 419 183 Carlsson
1229 725 245 183 att
1369 725 315 183 denna
1578 725 245 183 dag
1718 725 245 183 för
1858 725 245 183 PKn
1963 725 419 183 inställas.

801 826 439 196 Göteborg
1130 826 256 196 den
1277 826 219 196 21
1386 826 329 196 April
1569 826 256 196 1880.

52 936 328 138 No
162 936 273 138 93.

51 1098 268 91 August
212 1098 295 91 Andersson

23 1174 287 98 Brandt.

535 937 299 184 Sedan
734 937 465 184 Handlanden
1099 937 199 184 C.
1199 937 199 184 J.
1298 937 365 184 Björck,
1564 937 232 184 som
1697 937 232 184 har
1830 937 365 184 salubod
2095 937 166 184 i
2129 937 232 184 huset

510 1047 204 220 No
612 1047 204 220 44
714 1047 238 220 vid
850 1047 441 220 Sillgatan
1189 1047 407 220 Lördagen
1494 1047 238 220 den
1630 1047 204 220 24
1732 1047 339 220 dennes
1970 1047 373 220 anmält,
2207 1047 170 220 att

460 1165 219 189 en
570 1165 256 189 för
716 1165 329 189 honom
936 1165 402 189 obekant
1228 1165 512 189 mansperson
1630 1165 329 189 sagde
1850 1165 256 189 dag
1959 1165 366 189 infunnit

460 1284 245 226 sig
600 1284 175 226 i
670 1284 631 226 handelslokalen
1196 1284 245 226 och
1336 1284 280 226 till
1511 1284 280 226 salu
1686 1284 385 226 utbjudt
1932 1284 420 226 åtskilliga

461 1381 620 189 metallkranar,
971 1381 365 189 hvilka
1226 1381 365 189 Björck
1481 1381 547 189 misstänkte,
1919 1381 255 189 att
2065 1381 255 189 han
2174 1381 146 189 på

475 1501 379 208 oärligt
750 1501 276 208 sätt
922 1501 448 208 åtkommit,
1267 1501 241 208 har
1405 1501 758 208 detektivkonstapeln
2059 1501 207 208 V.
2128 1501 241 208 Bruun

478 1625 391 199 berörde
763 1625 249 199 dag
905 1625 427 199 anhållit
1225 1625 533 199 ofvannämnde
1652 1625 533 199 mansperson,
2043 1625 320 199 hvilken

483 1742 437 190 befunnits
819 1742 269 190 vara
987 1742 571 190 arbetskarlen,
1457 1742 302 190 förre
1659 1742 571 190 Artilleristen
2095 1742 269 190 August

466 1866 446 191 Andersson
809 1866 378 191 Brandt,
1084 1866 343 191 boende
1324 1866 172 191 i
1393 1866 309 191 huset
1599 1866 206 191 No
1702 1866 206 191 14
1805 1866 240 191 vid
1908 1866 446 191 Spannemåls¬-

471 1998 358 200 gatan;
722 1998 250 200 och
865 1998 250 200 har
1008 1998 358 200 Brandt
1258 1998 250 200 vid
1402 1998 250 200 det
1545 1998 250 200 med
1688 1998 322 200 honom
1903 1998 179 200 i
1938 1998 394 200 anledning

468 2104 295 199 häraf
665 2104 426 199 anställde
993 2104 328 199 förhör
1223 2104 459 199 uppgifvit,
1584 2104 230 199 att
1715 2104 230 199 han
1846 2104 394 199 fredagen
2141 2104 230 199 den
2240 2104 131 199 23

483 2219 354 203 dennes
730 2219 212 203 på
836 2219 318 203 afton
1048 2219 212 203 ur
1154 2219 212 203 en
1260 2219 318 203 olåst
1473 2219 601 203 jernvägsvagn,
1967 2219 247 203 som
2074 2219 247 203 varit

480 2314 367 231 stående
746 2314 267 231 inom
913 2314 733 231 jernvägsstationens
1546 2314 333 231 område
1779 2314 467 231 tillgripit
2146 2314 167 231 5
2179 2314 167 231 st.

469 2433 600 201 metallkranar,
963 2433 247 201 som
1104 2433 247 201 han
1246 2433 424 201 medtagit
1563 2433 283 201 till
1740 2433 247 201 sin
1881 2433 388 201 bostad,
2128 2433 177 201 der

472 2568 242 190 han
611 2568 415 190 förvarat
922 2568 242 190 dem
1061 2568 277 190 till
1234 2568 484 190 påföljande
1614 2568 277 190 dag,
1787 2568 208 190 då
1891 2568 242 190 han
2030 2568 277 190 sökt
2168 2568 173 190 att

481 2673 425 246 försälja
800 2673 248 246 dem
941 2673 284 246 till
1119 2673 496 246 Handlanden
1473 2673 319 246 Björck.

613 2782 522 199 Wagnmästaren
1037 2782 196 199 B.
1135 2782 457 199 Landqvist,
1494 2782 391 199 anställd
1788 2782 228 199 vid
1918 2782 359 199 Statens
2147 2782 228 199 jern¬-

498 2917 296 163 vägal
695 2917 230 163 och
827 2917 329 163 boende
1057 2917 164 163 i
1123 2917 296 163 huset
1320 2917 197 163 No
1419 2917 197 163 15
1517 2917 230 163 vid
1649 2917 657 163 Spannemålsgatan,
2175 2917 164 163 har

473 3009 337 203 anmält
709 3009 236 203 sig
844 3009 236 203 som
979 3009 438 203 Målsegare
1316 3009 270 203 till
1485 3009 202 203 de
1586 3009 202 203 af
1687 3009 337 203 Brandt
1889 3009 405 203 tillgripne

489 3125 646 210 metallkranarne,
1033 3125 306 210 under
1237 3125 408 210 uppgift,
1544 3125 238 210 att
1680 3125 238 210 de,
1816 3125 238 210 som
1918 3125 442 210 tillsammans

471 3285 286 215 vägde
662 3285 191 215 38
757 3285 191 215 ℔,
853 3285 254 215 voro
1012 3285 286 215 värde
1202 3285 191 215 50
1298 3285 222 215 öre
1393 3285 127 215 ℔.

598 3309 426 212 Kranarne
917 3309 319 212 hafva
1130 3309 390 212 blifvit
1414 3309 284 212 till
1591 3309 532 212 Wagnmästare
1982 3309 390 212 Landqvist

429 3475 583 143 återlemnade.

611 3468 204 266 På
713 3468 306 266 grund
917 3468 204 266 af
1019 3468 272 266 hvad
1188 3468 374 266 sålunda
1460 3468 509 266 förekommit,
1868 3468 204 266 är
1969 3468 340 266 August
2173 3468 170 266 An¬-

497 3622 344 202 dersson
747 3622 313 202 Brandt
966 3622 313 202 kallad
1185 3622 250 202 till
1342 3622 470 202 inställelse
1718 3622 282 202 inför
1905 3622 219 202 PKn
2031 3622 282 202 denna
2187 3622 188 202 dag.

820 3738 452 190 Göteborg
1160 3738 264 190 den
1310 3738 226 190 26
1424 3738 339 190 April
1612 3738 264 190 1880.

4431 135 279 191 No
4524 135 233 191 94.

4418 299 328 101 Anna
4582 299 287 101 Brita

4388 415 442 103 Andersson

2617 205 886 151 Charkuterihandl.
3370 205 266 151 J.
3503 205 266 151 A.
3636 205 399 151 Lenk,
3901 205 310 151 som
4079 205 310 151 har
4212 205 222 151 sin

2614 332 502 181 salubod
2980 332 228 181 i
3071 332 411 181 huset
3345 332 274 181 No
3482 332 228 181 3
3573 332 320 181 vid
3710 332 731 181 Landsvägsgatan

2613 454 329 164 har
2801 454 564 164 Fredagen
3224 454 329 164 den
3412 454 282 164 23
3553 454 282 164 ds
3693 454 517 164 anmält,
4069 454 329 164 att
4210 454 235 164 vid

2621 575 643 135 åtskilliga
3126 575 643 135 tillfällen
3631 575 413 135 under
3861 575 597 135 innevarande

2600 642 264 171 år
2732 642 220 171 i
2820 642 397 171 boden
3085 642 353 171 från
3305 642 397 171 honom
3569 642 661 171 tillgripits
4054 642 485 171 penningar

2600 719 378 219 till
2836 719 425 219 okänd
3120 719 662 219 myckenhet;
3640 719 378 219 samt
3876 719 331 219 att
4065 719 331 219 han
4207 719 236 219 för

2589 876 411 167 detta
2864 876 594 167 tillgrepp
3321 876 640 167 misstänkte
3823 876 320 167 hos
4006 876 411 167 honom
4235 876 229 167 an¬-

2582 971 539 182 stälde
2959 971 485 182 pigan
3283 971 431 182 Anna
3552 971 485 182 Brita
3821 971 593 182 Andersson

2596 1090 446 164 enär
2875 1090 558 164 denna,
3265 1090 390 164 som
3488 1090 335 164 på
3656 1090 613 164 sednare
4046 1090 390 164 tiden

2604 1189 476 178 inköpt
2938 1189 905 178 klädespersedlar
3700 1189 381 178 till
3890 1189 524 178 betydligt

2604 1283 428 187 värde
2890 1283 333 187 den
3080 1283 285 187 21
3222 1283 285 187 ds
3365 1283 523 187 afvikit
3745 1283 285 187 ur
3840 1283 523 187 tjensten.

2584 1385 245 152 I
2682 1385 636 152 anledning
3171 1385 440 152 häraf
3465 1385 342 152 har
3611 1385 783 152 detektivkonst.

2611 1517 488 163 Andrén
2953 1517 341 163 den
3148 1517 293 163 24
3294 1517 293 163 ds
3440 1517 585 163 anhållit
3830 1517 634 163 ofvannämnda

2617 1649 698 109 Andersson,
3165 1649 548 109 hvilken
3564 1649 349 109 vid
3763 1649 349 109 det
3963 1649 349 109 med
4112 1649 349 109 henne

2627 1741 560 183 anstälda
3047 1741 466 183 förhör
3373 1741 560 183 vidgått;
3793 1741 326 183 att
3980 1741 326 183 hon
4120 1741 326 183 sedan

2615 1840 318 131 den
2796 1840 272 131 14
2932 1840 409 131 sist.
3205 1840 499 131 Januari
3568 1840 409 131 varit
3840 1840 499 131 anstäld
4158 1840 227 131 hos

2587 1952 391 178 Lenk
2831 1952 342 178 och
3027 1952 538 178 biträdt
3418 1952 342 178 vid
3613 1952 831 178 försäljningen
4249 1952 195 178 så

2597 2058 346 160 väl
2794 2058 247 160 i
2893 2058 494 160 boden,
3239 2058 346 160 som
3437 2058 247 160 i
3536 2058 297 160 en
3684 2058 396 160 Lenk
3882 2058 544 160 tillhörig

2615 2169 221 201 å
2703 2169 662 201 Kungstorget
3232 2169 485 201 stående
3585 2169 397 201 vagn,
3850 2169 309 201 att
4026 2169 309 201 hon
4158 2169 265 201 der¬-

2611 2293 415 146 under
2888 2293 323 146 vid
3072 2293 415 146 olika
3349 2293 646 146 tillfällen
3856 2293 369 146 dels
4087 2293 231 146 i
4133 2293 323 146 boden

2605 2417 347 175 dels
2822 2417 217 175 i
2908 2417 868 175 charkuterivagnen
3646 2417 607 175 tillgripit
4123 2417 260 175 31
4210 2417 217 175 Kr,

2612 2526 321 172 för
2796 2526 459 172 hvilka
3117 2526 597 172 penningar
3576 2526 321 172 hon
3760 2526 367 172 köpt
3989 2526 321 172 ett
4127 2526 321 172 svart

2611 2623 754 183 klädningstyg
3223 2623 330 183 för
3412 2623 283 183 10
3553 2623 330 183 Kr,
3741 2623 283 183 en
3883 2623 471 183 gammal
4165 2623 283 183 bom¬-

2605 2736 706 200 ullsklädning
3178 2736 309 200 för
3355 2736 221 200 3
3443 2736 309 200 Kr,
3619 2736 309 200 ett
3796 2736 309 200 par
3928 2736 485 200 tygkänger

2600 2875 304 168 för
2773 2875 217 168 5
2860 2875 304 168 Kr,
3034 2875 304 168 ett
3208 2875 434 168 dussin
3512 2875 652 168 fotografier
4033 2875 304 168 för
4207 2875 217 168 5
4250 2875 174 168 Kr

2609 3026 321 107 och
2793 3026 459 107 betalt
3114 3026 230 107 i
3206 3026 643 107 sömnadslön
3711 3026 321 107 för
3895 3026 321 107 den
4033 3026 367 107 svarta

2610 3084 632 148 klädningen
3106 3084 226 148 7
3197 3084 316 148 Kr,
3377 3084 587 148 hvarjemte
3828 3084 316 148 hon
4009 3084 361 148 till
4189 3084 181 148 en

2607 3177 336 188 hos
2799 3177 384 188 Lenk
3039 3177 528 188 anstäld
3423 3177 432 188 dräng
3712 3177 336 188 vid
3904 3177 384 188 numn
4096 3177 384 188 Alfred

2601 3312 603 139 Johansson
3064 3312 464 139 gifvit
3389 3312 278 139 en
3528 3312 464 139 Krona;
3853 3312 371 139 samt
4085 3312 325 139 att
4224 3312 232 139 hon

2617 3395 497 173 dessutom
2989 3395 290 173 vid
3155 3395 580 173 åtskilliga
3610 3395 580 173 tillfällen
4065 3395 331 173 till
4231 3395 207 173 två

2600 3502 748 142 fruntimmer
3188 3502 428 142 båda
3455 3502 374 142 med
3669 3502 535 142 namnet
3989 3502 428 142 Maria,

2586 3585 477 186 hvilka
2920 3585 429 186 förut
3206 3585 381 186 haft
3444 3585 715 186 anställning
4016 3585 334 186 hos
4159 3585 286 186 Lenk
