4937 4057
441 190 293 182 någon
637 190 390 182 guldsmed
929 190 228 182 för
1059 190 228 182 att
1189 190 358 182 erhålla
1450 190 358 182 visshet
1710 190 195 182 om
1807 190 358 182 ringens
2035 190 390 182 beskaffen¬-

425 306 252 176 het;
583 306 252 176 samt
741 306 221 176 att
867 306 221 176 hon
993 306 284 176 derpå
1182 306 378 176 begifvit
1466 306 221 176 sig
1592 306 252 176 till
1750 306 189 176 en
1844 306 410 176 guldsmed,
2128 306 284 176 hvilken

425 435 364 128 upplyst
690 435 298 128 henne
889 435 331 128 derom,
1121 435 232 128 att
1253 435 331 128 ringen
1485 435 265 128 vore
1651 435 199 128 af
1717 435 331 128 messing.

570 502 286 195 Efter
761 502 413 195 anvisning
1078 502 191 195 af
1174 502 349 195 hustrun
1428 502 413 195 Mattsson,
1745 502 222 195 har
1840 502 540 195 Poliskonstapeln

439 616 183 193 No
531 616 183 193 73
623 616 397 193 Johansson
928 616 244 193 kort
1081 616 366 193 derefter
1356 616 366 193 anhållit
1631 616 366 193 Larsson,
1905 616 336 193 hvilken
2150 616 214 193 vid
2241 616 153 193 det

431 734 225 181 med
560 734 290 181 honom
753 734 418 181 anställde
1074 734 322 181 förhör
1300 734 386 181 förnekat
1589 734 290 181 såväl
1783 734 225 181 att
1911 734 225 181 han
2008 734 386 181 tillförene

421 890 262 97 sett
585 890 458 97 Magnusson,
945 890 229 97 som
1076 890 229 97 ock
1207 890 229 97 att
1338 890 229 97 han
1469 890 262 97 till
1632 890 295 97 henne
1829 890 262 97 sålt
1992 890 295 97 någon
2156 890 229 97 ring.

532 948 489 133 Arbetskarlen
930 948 306 133 Victor
1144 948 306 133 Alfred
1358 948 367 133 Hansson,
1633 948 306 133 boende
1847 948 153 133 i
1909 948 275 133 huset
2092 948 184 133 No
2184 948 184 133 16
2245 948 153 133 vid

446 1084 295 161 Stora
643 1084 557 161 Landalagatan,
1102 1084 229 161 har
1233 1084 393 161 upplyst;
1528 1084 229 161 att
1659 1084 229 161 han
1790 1084 393 161 tisdagen
2085 1084 229 161 den
2216 1084 164 161 8
2249 1084 131 161 ds

420 1172 204 196 på
522 1172 272 196 f.m.
692 1172 204 196 på
794 1172 374 196 begäran
1066 1172 204 196 af
1168 1172 510 196 ofvannämnde
1577 1172 408 196 Larsson,
1883 1172 238 196 hos
1985 1172 408 196 Handlanden

425 1295 192 157 J.
521 1295 447 157 Schenlund,
872 1295 224 157 som
1000 1295 224 157 har
1128 1295 288 157 butik
1320 1295 160 157 i
1384 1295 288 157 huset
1575 1295 192 157 No
1671 1295 160 157 3
1735 1295 224 157 vid
1863 1295 479 157 Kungstorget
2214 1295 160 157 för

441 1440 475 141 tillsammans
821 1440 190 141 20
916 1440 221 141 öre
1042 1440 253 141 köpt
1201 1440 158 141 2
1264 1440 601 141 messingsringar;
1770 1440 221 141 att
1897 1440 221 141 han
1991 1440 380 141 igenkänner

443 1530 225 163 den
571 1530 193 163 af
668 1530 321 163 hustru
893 1530 386 163 Mattsson
1182 1530 353 163 inköpta
1439 1530 321 163 ringen
1664 1530 257 163 vara
1825 1530 193 163 en
1921 1530 193 163 af
2018 1530 225 163 de,
2114 1530 257 163 hvilka

441 1624 216 198 han
564 1624 216 198 för
688 1624 370 198 Larssons
965 1624 339 198 räkning
1212 1624 339 198 inköpt;
1458 1624 216 198 att
1582 1624 216 198 han
1705 1624 185 198 på
1797 1624 247 198 e.m.
1951 1624 154 198 å
1982 1624 401 198 Kungstorget

447 1778 580 149 sammanträffat
924 1778 239 149 med
1061 1778 409 149 Larsson,
1367 1778 375 149 hvilken
1640 1778 205 149 då
1742 1778 239 149 för
1879 1778 307 149 honom
2049 1778 307 149 omtalat

441 1852 219 203 att
566 1852 219 203 han
691 1852 344 203 försålt
942 1852 219 203 den
1067 1852 219 203 ene
1192 1852 313 203 ringen
1411 1852 219 203 för
1537 1852 188 203 En
1631 1852 282 203 Krona
1818 1852 188 203 50
1912 1852 250 203 öre;
2069 1852 250 203 samt
2194 1852 188 203 att,

440 1982 205 170 då
542 1982 341 170 hustru
781 1982 410 170 Mattsson
1089 1982 171 170 å
1157 1982 376 170 berörde
1430 1982 273 170 torg
1601 1982 580 170 sammanträffat
2079 1982 239 170 med
2181 1982 205 170 dem,

436 2103 226 159 hon
565 2103 258 159 bedt
726 2103 355 159 Larsson
984 2103 419 159 återlemna
1306 2103 484 159 penningarne
1693 2103 258 159 emot
1854 2103 355 159 ringen,
2080 2103 322 159 hvaremot

460 2196 289 160 denne
653 2196 386 160 hänvisat
942 2196 289 160 henne
1135 2196 225 160 att
1264 2196 225 160 hos
1392 2196 193 160 en
1489 2196 386 160 guldsmed
1778 2196 386 160 förvissa
2067 2196 225 160 sig
2164 2196 225 160 derom

468 2341 214 148 att
591 2341 305 148 ringen
804 2341 244 148 vore
957 2341 183 148 af
1018 2341 214 148 guld.

557 2394 202 200 På
658 2394 303 200 grund
860 2394 202 200 af
961 2394 269 200 hvad
1129 2394 370 200 sålunda
1399 2394 505 200 förekommit,
1802 2394 336 200 kommer
2038 2394 303 200 Johan
2206 2394 202 200 Ale¬-

450 2509 321 198 xander
675 2509 353 198 Larsson
932 2509 225 198 att
1060 2509 289 198 denna
1253 2509 225 198 dag
1382 2509 225 198 för
1510 2509 225 198 PKn
1606 2509 386 198 inställas.

963 2635 401 159 Göteborg
1263 2635 234 159 den
1397 2635 167 159 9
1464 2635 267 159 Juni
1597 2635 234 159 1880.

34 2727 279 104 No
126 2727 279 104 129.

64 2801 271 197 Charles
237 2801 222 197 Lauren¬-

65 2953 229 81 tius
180 2953 286 81 Lundberg

480 2713 329 203 Efter
700 2713 512 203 angifvelse
1102 2713 219 203 af
1211 2713 694 203 Mureriarbetaren
1796 2713 365 203 Samuel
2016 2713 365 203 Larsson,

476 2817 406 152 boende
761 2817 203 152 i
842 2817 365 152 huset
1085 2817 244 152 No
1207 2817 203 152 7
1288 2817 284 152 vid
1451 2817 609 152 Kungsgatan,
1938 2817 284 152 har
2059 2817 325 152 Polis¬-

463 2915 596 187 konstapeln
932 2915 255 187 No
1060 2915 255 187 61
1187 2915 511 187 Lundgren
1571 2915 511 187 Onsdagen
1954 2915 298 187 den
2124 2915 213 187 9
2167 2915 170 187 ds

474 2997 268 165 kl.
627 2997 268 165 1/4
818 2997 230 165 4.
933 2997 192 165 e
1010 2997 192 165 m
1087 2997 460 165 anhållit
1431 2997 268 165 för
1585 2997 345 165 andra
1814 2997 345 165 resan
2006 2997 383 165 snatteri

477 3131 517 137 straffade
875 3131 278 137 fre
1034 3131 835 137 Kronoarbetskarlen
1749 3131 437 137 Charles
2027 3131 358 137 Lauren¬-

473 3210 323 150 tius
675 3210 525 150 Lundberg,
1079 3210 404 150 boende
1362 3210 202 150 i
1443 3210 364 150 huset
1685 3210 242 150 No
1806 3210 242 150 20
1927 3210 283 150 vid
2049 3210 323 150 Bergs¬-

469 3277 405 216 gatan
739 3277 315 216 för
919 3277 315 216 det
1099 3277 315 216 han
1279 3277 360 216 kort
1503 3277 405 216 förut
1773 3277 270 216 ur
1908 3277 315 216 ett
2043 3277 315 216 olåst

462 3378 533 224 brygghus
862 3378 356 224 till
1084 3378 400 224 huset
1351 3378 267 224 No
1484 3378 222 224 2
1573 3378 311 224 vid
1751 3378 400 224 Lilla
1973 3378 400 224 Nygatan

477 3497 356 179 från
700 3497 490 179 Larsson
1056 3497 579 179 olofligen
1501 3497 623 179 tillgripit
1991 3497 312 179 ett
2124 3497 223 179 par

481 3561 471 201 stöflar
824 3561 385 201 värde
1081 3561 214 201 7
1166 3561 300 201 Kr,
1337 3561 428 201 hvilka
1637 3561 471 201 stöflar
1937 3561 428 201 Lundberg

2603 227 249 171 då
2727 227 290 171 han
2893 227 332 171 sett
3100 227 290 171 sig
3266 227 539 171 eftersatt
3681 227 415 171 kastat
3971 227 373 171 ifrån
4220 227 290 171 sig
4345 227 124 171 i

2578 340 628 190 portgången
3071 340 359 190 till
3296 340 314 190 ett
3475 340 314 190 vid
3654 340 807 190 Trädgårdsgatan
4282 340 224 190 be¬-

2591 474 365 150 läget
2793 474 243 150 hus.

2610 565 333 114 Vid
2801 565 333 114 det
2991 565 333 114 med
3182 565 571 114 Lundberg
3610 565 238 114 i
3705 565 619 114 anledning
4134 565 333 114 häraf

2581 654 569 196 anstälde
3007 654 474 196 förhör
3339 654 332 196 har
3529 654 332 196 han
3718 654 569 196 vidgått,
4145 654 332 196 att
4287 654 237 196 han

2588 766 325 153 som
2773 766 325 153 den
2959 766 278 153 30
3098 766 418 153 Sept.
3376 766 371 153 1878
3608 766 278 153 af
3748 766 278 153 R.
3887 766 278 153 Rn
3980 766 510 153 härstädes

2578 871 500 192 blifvit
2941 871 318 192 för
3123 871 409 192 andra
3396 871 409 192 resan
3668 871 545 192 snatteri
4077 871 364 192 dömd
4259 871 273 192 till

2593 964 295 188 en
2740 964 492 188 månads
3085 964 640 188 fängelse,
3577 964 541 188 hvilken
3922 964 541 188 bestraff¬-

2568 1050 383 201 ning
2807 1050 335 201 han
2999 1050 670 201 undergått,
3526 1050 670 201 tillgripit
4004 1050 479 201 Larssons

2594 1175 537 200 stöflar
2985 1175 293 200 på
3131 1175 391 200 sätt
3376 1175 488 200 anmäld
3669 1175 488 200 blifvit.

2561 1283 588 228 Stöflarne
3013 1283 407 228 hafva
3285 1283 498 228 blifvit
3647 1283 362 228 till
3873 1283 452 228 egaren
4144 1283 317 228 åter¬-

2531 1470 506 97 lemnade.

2580 1473 321 229 På
2740 1473 481 229 grund
3061 1473 321 229 af
3221 1473 428 229 hvad
3489 1473 588 229 sålunda
3863 1473 642 229 förekommit

2592 1603 420 175 kommer
2886 1603 462 175 Charles
3222 1603 588 175 Laurentius
3684 1603 546 175 Lundberg,
4104 1603 294 175 att
4230 1603 294 175 denna

2590 1696 310 204 dag
2767 1696 398 204 inför
3032 1696 354 204 Pken
3253 1696 619 204 inställas.
3739 1696 531 204 Göteborg
4137 1696 310 204 den
4270 1696 177 204 10

2574 1853 380 119 Juni
2764 1853 333 119 1880.

4442 1890 279 133 No
4536 1890 279 133 130.

4460 2052 298 143 Anders
4639 2052 239 143 Swens¬-

4417 2169 255 90 son

2585 1969 663 146 Månadskarlen
3123 1969 248 146 A.
3247 1969 580 146 Andersson,
3703 1969 414 146 boende
3993 1969 207 146 i
4075 1969 373 146 huset
4282 1969 166 146 No

2583 2074 259 152 16
2712 2074 303 152 vid
2885 2074 692 152 Westergatan,
3448 2074 303 152 har
3621 2074 519 152 Onsdagen
4010 2074 303 152 den
4183 2074 216 152 9
4226 2074 173 152 ds

2593 2165 420 187 anmält
2887 2165 294 187 att
3055 2165 463 187 berörde
3392 2165 294 187 dag
3560 2165 252 187 på
3686 2165 210 187 f
3770 2165 210 187 m
3854 2165 210 187 i
3896 2165 589 187 trappuppgång

2589 2277 319 162 till
2789 2277 359 162 huset
3028 2277 239 162 No
3148 2277 239 162 17
3268 2277 279 162 vid
3427 2277 519 162 Sillgatan
3826 2277 319 162 från
4026 2277 359 162 honom
4226 2277 279 162 till¬-

2595 2383 473 184 gripits
2939 2383 258 184 en
3068 2383 559 184 stortröja
3498 2383 258 184 af
3626 2383 430 184 tjockt
3927 2383 387 184 blått
4142 2383 301 184 kläde

2585 2484 321 156 med
2769 2484 413 156 brunt
3044 2484 321 156 och
3228 2484 597 156 rödrutigt
3687 2484 597 156 yllefoder
4147 2484 367 156 värd
4330 2484 138 156 5

2565 2636 392 116 Kronor.

2623 2673 429 198 Sedan
2909 2673 715 198 ifrågakomne
3481 2673 620 198 stortröja
3958 2673 429 198 samma
4197 2673 238 198 dag

2576 2753 506 195 blifvit
2944 2753 644 195 återfunnen
3450 2753 552 195 pantsatt
3863 2753 322 195 för
4047 2753 230 195 1
4093 2753 322 195 Krona

2585 2889 335 163 hos
2777 2889 718 163 pantlånaren
3351 2889 287 163 W.
3495 2889 431 163 Karth
3782 2889 239 163 i
3877 2889 431 163 huset
4165 2889 287 163 No
4260 2889 144 163 5

2580 2964 329 188 vid
2768 2964 611 188 Wallgatan
3238 2964 329 188 och
3426 2964 658 188 upplysning
3897 2964 517 188 erhållits

2604 3037 320 232 att
2787 3037 641 232 pantsedeln
3291 3037 412 232 samma
3565 3037 320 232 dag
3748 3037 503 232 blifvit
4068 3037 412 232 försåld

2614 3131 298 205 för
2785 3131 255 205 50
2912 3131 298 205 öre
3082 3131 340 205 till
3295 3131 680 205 Arbetskarlen
3847 3131 383 205 Johan
4060 3131 425 205 Larsson,

2616 3240 466 188 boende
2943 3240 233 188 i
3036 3240 420 188 huset
3316 3240 280 188 No
3456 3240 280 188 21
3596 3240 326 188 vid
3782 3240 560 188 Sörliden
4202 3240 280 188 af
4295 3240 187 188 en

2599 3357 702 152 arbetskarl
3150 3357 351 152 vid
3351 3357 401 152 namn
3601 3357 501 152 Anders
3902 3357 551 152 Swensson,

2601 3431 258 189 så
2730 3431 301 189 har
2902 3431 816 189 Poliskonstapeln
3588 3431 258 189 No
3717 3431 258 189 34
3846 3431 429 189 Dahlin
4104 3431 343 189 Thors-

2608 3519 374 225 dagen
2858 3519 291 225 den
3024 3519 250 225 10
3149 3519 250 225 ds
3274 3519 291 225 för
3440 3519 374 225 detta
3690 3519 541 225 tillgrepp
4064 3519 416 225 anhållit
