5076 4040
541 153 509 99 klädnings
933 153 313 99 lif,
1128 153 274 99 och
1285 153 235 99 en
1403 153 470 99 fiskdörj
1755 153 274 99 för
1912 153 431 99 åtkomst
2186 153 274 99 hvar¬-

517 275 315 109 till
713 275 275 109 han
871 275 315 109 icke
1067 275 393 109 kunnat
1303 275 433 109 redogöra.

593 397 301 129 Vid
765 397 301 129 det
937 397 301 129 med
1109 397 473 129 Jansson
1453 397 215 129 i
1540 397 559 129 anledning
1970 397 387 129 häraf
2185 397 215 129 an¬-

524 513 398 136 stälda
803 513 438 136 förhör,
1122 513 279 136 har
1281 513 279 136 han
1440 513 558 136 uppgifvit,
1878 513 279 136 att
2038 513 279 136 han
2157 513 239 136 Ons¬-

510 631 382 132 dagen
764 631 297 132 den
934 631 255 132 10
1061 631 425 132 dennes
1359 631 255 132 af
1486 631 594 132 härvarande
1911 631 509 132 RådhusRätt

509 749 195 123 å
587 749 312 123 2dra
782 749 586 123 afdelningen
1251 749 429 123 blifvit
1563 749 312 123 dömd
1758 749 273 123 att
1915 749 273 123 för
2032 749 312 123 första

510 857 340 127 resan
737 857 453 127 snatteri
1077 857 302 127 böta
1265 857 227 127 20
1379 857 415 127 kronor,
1681 857 264 127 att
1832 857 264 127 han
1983 857 264 127 den
2134 857 227 127 15
2209 857 151 127 ds

515 975 232 115 på
631 975 310 115 e.m.
825 975 194 115 i
902 975 387 115 afsigt
1173 975 271 115 att
1328 975 387 115 stjäla
1599 975 426 115 uppgått
1909 975 194 115 å
1986 975 271 115 den
2102 975 310 115 olåsta

522 1103 376 101 vinden
786 1103 301 101 till
974 1103 339 101 huset
1200 1103 226 101 No
1313 1103 188 101 7
1388 1103 263 101 vid
1538 1103 527 101 Fredsgatan
1952 1103 414 101 hvarest
2216 1103 188 101 han

521 1214 450 100 medelst
848 1214 286 100 att
1012 1214 368 100 krypa
1257 1214 368 100 genom
1503 1214 245 100 en
1626 1214 450 100 öppning
1912 1214 450 100 befintlig

510 1330 323 96 öfver
725 1330 358 96 dörren
976 1330 287 96 till
1155 1330 215 96 en
1263 1330 502 96 afskrankad
1657 1330 287 96 låst
1836 1330 287 96 vids
2016 1330 358 96 skrubb
2231 1330 179 96 be¬-

537 1461 281 101 redt
713 1461 246 101 sig
853 1461 387 101 inträde
1134 1461 246 101 dit
1275 1461 246 101 ock
1416 1461 457 101 derstädes
1767 1461 211 101 ur
1873 1461 211 101 en
1978 1461 316 101 olåst
2154 1461 246 101 kista

554 1592 505 94 tillgripit
950 1592 216 94 de
1059 1592 216 94 af
1167 1592 324 94 honom
1383 1592 469 94 innehafde
1743 1592 541 94 persedlarne
2140 1592 252 94 jemte

565 1731 234 105 ett
698 1731 234 105 par
832 1731 268 105 höga
1000 1731 402 105 stöflar,
1301 1731 234 105 och
1435 1731 234 105 ett
1569 1731 234 105 par
1703 1731 569 105 skinnskängor,
2172 1731 234 105 att
2273 1731 167 105 han

559 1859 408 109 försålt
856 1859 482 109 stöflarne
1227 1859 260 109 för
1375 1859 186 109 3
1449 1859 371 109 Kronor
1709 1859 297 109 till
1895 1859 223 109 en
2006 1859 371 109 sjöman
2228 1859 186 109 an¬-

553 1989 351 123 stäld
787 1989 390 123 ombord
1060 1989 195 123 å
1138 1989 390 123 Jakten
1411 1989 507 123 Nikolina,
1802 1989 273 123 som
1958 1989 390 123 ligger
2192 1989 234 123 för¬-

557 2129 295 109 töjd
741 2129 258 109 vid
889 2129 442 109 Elfgatan
1220 2129 258 109 och
1368 2129 442 109 kängerna
1700 2129 258 109 för
1847 2129 184 109 1
1921 2129 332 109 Krona
2105 2129 221 109 till

557 2253 290 93 ett
722 2253 414 93 okändt
1012 2253 621 93 fruntimmer,
1509 2253 290 93 som
1675 2253 290 93 han
1841 2253 456 93 träffat
2131 2253 207 93 vid

529 2386 371 94 Lilla
776 2386 454 94 Bommen,
1106 2386 330 94 samt
1312 2386 289 94 att
1477 2386 289 94 han
1642 2386 412 94 tappat
1931 2386 247 94 de
2013 2386 289 94 genom

516 2498 583 120 försäljningen
995 2498 411 120 erhållne
1304 2498 480 120 penninngar
1681 2498 240 120 med
1818 2498 411 120 undantag
2126 2498 206 120 af
2195 2498 137 120 en

560 2636 228 98 En
674 2636 342 98 Krona
902 2636 266 98 som
1054 2636 266 98 han
1206 2636 266 98 vid
1358 2636 570 98 anhållandet
1776 2636 418 98 innehade.

509 2750 520 96 Styrmannen
917 2750 297 96 Lars
1103 2750 483 96 Andersson
1475 2750 409 96 anstäld
1772 2750 371 96 ombord
2032 2750 186 96 å
2069 2750 297 96 Jakten

512 2874 483 98 Nikolina
874 2874 322 98 från
1075 2874 523 98 Köpstadsö
1477 2874 282 98 ock
1638 2874 282 98 som
1799 2874 402 98 ligger
2040 2874 362 98 förtöjd

516 3003 249 95 vid
659 3003 462 95 Elfgatan,
1014 3003 249 95 att
1156 3003 249 95 han
1298 3003 213 95 af
1405 3003 391 95 Jansson
1689 3003 533 95 oftaberörde
2080 3003 178 95 dag

507 3131 284 91 Köpt
684 3131 248 91 ett
826 3131 248 91 par
967 3131 390 91 stöflar
1251 3131 248 91 för
1393 3131 248 91 Tre
1499 3131 319 91 Kronor.

513 3269 525 93 Handlanden
925 3269 225 93 M.
1038 3269 225 93 J.
1150 3269 525 93 Harmansson
1563 3269 375 93 boende
1825 3269 188 93 i
1900 3269 338 93 huset
2125 3269 225 93 No
2200 3269 150 93 7.

504 3395 295 101 vid
673 3395 591 101 Fredsgatan
1137 3395 295 101 har
1306 3395 422 101 anmält
1601 3395 295 101 sig
1770 3395 380 101 såsom
1981 3395 295 101 egare

487 3535 315 91 till
684 3535 710 91 sidenkläningen
1275 3535 276 91 det
1433 3535 355 91 bruna
1630 3535 670 91 kläningslifvet,

488 3663 538 87 stöflarne,
910 3663 461 87 Kängerna
1256 3663 269 87 ock
1410 3663 538 87 fiskdörjen
1832 3663 346 87 under
2024 3663 346 87 uppgift

2689 229 284 107 att
2852 229 366 107 dessa
3096 229 569 107 persedlar,
3543 229 284 107 som
3705 229 325 107 vore
3868 229 284 107 värde

2625 366 663 96 Sidenkläningen

4095 396 247 98 40
4177 396 329 98 Kronor

2657 504 713 100 Kläningslifvet

4117 540 206 96 4
4158 540 330 96 Kronor

2638 646 528 98 Stöflarne

4097 682 209 96 12
4167 682 279 96 Kronor

2567 796 778 94 Kängerna

4098 822 203 92 5
4138 822 324 92 Kronor

2686 934 251 96 och
2794 934 430 96 fiskdörjen

4086 962 130 104 2
4138 962 260 104 Kronor
4320 962 156 104 50
4372 962 130 104 öre

2715 1090 295 118 från
2900 1090 332 118 honom
3121 1090 553 118 tillgripits
3563 1090 221 118 på
3674 1090 295 118 sätt
3858 1090 406 118 Jansson
4116 1090 406 118 uppgifvit

2710 1218 612 122 Handlanden
3191 1218 612 122 Harmansson
3673 1218 306 122 har
3848 1218 262 122 af
3935 1218 525 122 Styrmannen

2733 1356 504 124 Andersson
3121 1356 272 124 mot
3276 1356 194 124 3
3354 1356 388 124 Kronor
3626 1356 466 124 återlöst
3975 1356 233 124 de
4091 1356 233 124 af
4169 1356 349 124 Jansson

2759 1500 422 118 försålde
3075 1500 457 118 stöflarne
3427 1500 246 118 och
3568 1500 422 118 återfått
3884 1500 211 118 de
3989 1500 352 118 öfrige
4200 1500 352 118 persedl¬-

2736 1636 363 126 arne,
2977 1636 322 126 utom
3179 1636 483 126 kängerna
3541 1636 282 126 som
3702 1636 242 126 ej
3783 1636 725 126 tillrättakommit.

2735 1774 224 140 På
2847 1774 336 140 grund
3071 1774 224 140 af
3183 1774 299 140 hvad
3370 1774 411 140 sålunda
3669 1774 560 140 förekommit,
4117 1774 374 140 kommer
4341 1774 187 140 Em¬-

2752 1924 342 107 anuel
2980 1924 418 107 Jansson
3284 1924 266 107 att
3436 1924 342 107 denna
3664 1924 266 107 dag
3816 1924 266 107 för
3930 1924 570 107 Poliskammaren

2748 2066 533 101 inställas.
3167 2066 457 101 Göteborg
3510 2066 267 101 den
3662 2066 267 101 17.
3815 2066 305 101 Mars
3967 2066 267 101 1880.

4541 2191 280 62 No
4635 2191 233 62 66.

4552 2310 173 56 Axel
4661 2310 216 56 Conrad
4790 2310 152 56 Lars¬-

4552 2386 141 58 son
4633 2386 141 58 och
4713 2386 162 58 Bror
4794 2386 162 58 Paulus

4526 2468 304 51 Constantin
4743 2468 217 51 Wulffha¬-

4522 2533 168 50 gen.

2732 2197 480 88 Följande
3092 2197 480 88 personer
3452 2197 360 88 hafva
3652 2197 360 88 anmält:

2663 2279 174 110 1o
2750 2279 378 110 Ynglingen
3041 2279 174 110 A.
3128 2279 349 110 Sjöberg,
3390 2279 291 110 boende
3593 2279 145 110 i
3652 2279 262 110 huset
3826 2279 174 110 No
3913 2279 204 110 105
4030 2279 233 110 Litt
4175 2279 145 110 A
4233 2279 145 110 i
4262 2279 262 110 Stadens

2654 2387 224 133 12te
2794 2387 252 133 rote,
2962 2387 196 133 att
3074 2387 196 133 den
3187 2387 168 133 18
3271 2387 280 133 sistl.
3467 2387 308 133 Oktober
3691 2387 168 133 kl
3775 2387 308 133 emellan
3999 2387 140 133 6
4056 2387 196 133 och
4168 2387 140 133 9
4224 2387 168 133 på
4280 2387 224 133 afton,

2664 2493 302 139 under
2866 2493 235 139 det
3000 2493 235 139 han
3134 2493 470 139 uppehållit
3503 2493 235 139 sig
3638 2493 168 139 i
3705 2493 671 139 Slöjdföreningens
4242 2493 268 139 skola,

2660 2603 158 142 i
2724 2603 379 142 tamburen
3008 2603 410 142 derstädes
3323 2603 252 142 från
3481 2603 284 142 honom
3670 2603 473 142 tillgripits
4049 2603 189 142 en
4112 2603 442 142 vinteröfver¬-

2667 2716 249 144 rock
2822 2716 186 144 af
2915 2716 342 144 mörkgrå
3164 2716 311 144 noppig
3381 2716 342 144 doffel,
3630 2716 373 144 äfvensom
3910 2716 155 144 i
3972 2716 373 144 fickorna
4251 2716 249 144 till
4376 2716 186 144 den¬-

2645 2837 282 155 samma
2833 2837 407 155 förvarade
3146 2837 219 155 ett
3271 2837 501 155 cigarrfodral
3678 2837 219 155 och
3803 2837 219 155 ett
3928 2837 219 155 par
4053 2837 407 155 handskar,
4335 2837 219 155 allt¬-

2646 2981 393 117 sammans
2932 2981 321 117 värdt
3146 2981 214 117 25
3253 2981 393 117 Kronor;
3503 2981 179 117 och

2650 3053 203 164 2o
2752 3053 474 164 Handlanden
3124 3053 203 164 C.
3225 3053 203 164 G.
3327 3053 338 164 Meyer,
3563 3053 237 164 som
3699 3053 237 164 har
3834 3053 237 164 sin
3969 3053 338 164 handel
4206 3053 169 164 i
4240 3053 338 164 Bazarbo¬-

2671 3169 216 163 den
2795 3169 185 163 No
2887 3169 185 163 11
2980 3169 216 163 vid
3104 3169 495 163 Kungstorget,
3506 3169 216 163 att
3629 3169 216 163 vid
3753 3169 278 163 något
3939 3169 402 163 tillfälle
4248 3169 278 163 under
4402 3169 124 163 de

2664 3291 303 149 sista
2866 3291 370 149 dagarna
3135 3291 370 149 inbrott
3405 3291 437 149 föröfvats
3741 3291 168 149 i
3808 3291 269 149 hans
3976 3291 505 149 magasinsrum
4380 3291 168 149 i
4414 3291 168 149 an¬-

2670 3403 225 145 dra
2799 3403 386 145 våningen
3088 3403 258 145 till
3250 3403 290 145 huset
3443 3403 193 145 No
3539 3403 161 145 3
3604 3403 225 145 vid
3733 3403 515 145 Smedjegatan,
4151 3403 354 145 hvarvid
4409 3403 225 145 se¬

2641 3525 258 125 dan
2789 3525 406 125 krampan
3084 3525 184 125 å
3158 3525 406 125 dörren,
3453 3525 406 125 hvarmed
3748 3525 480 125 hänglåset
4117 3525 258 125 var
4227 3525 369 125 fästadt,

2662 3648 542 109 frånstulits
3095 3648 289 109 inne
3276 3648 181 109 i
3348 3648 470 109 magasinet
3709 3648 289 109 från
3890 3648 325 109 honom
4070 3648 470 109 tillgripits
