4952 4070
111 165 256 130 No
197 165 256 130 197.

97 266 238 133 Lovisa
240 266 261 133 Christina

102 387 314 136 Johansson.

584 131 483 248 Kamereraren
970 131 226 248 vid
1099 131 451 248 härvarande
1421 131 967 248 Fattigförsörjningsinrättning

486 301 180 148 W.
576 301 300 148 Reuter
786 301 210 148 har
907 301 210 148 den
1027 301 180 148 15
1117 301 180 148 ds
1207 301 331 148 anmält,
1447 301 210 148 att
1568 301 210 148 vid
1688 301 270 148 något
1868 301 391 148 tillfälle
2169 301 150 148 i
2199 301 240 148 början

478 433 200 187 af
578 433 300 187 denna
778 433 300 187 månad
978 433 267 187 från
1145 433 534 187 Inrättningen
1578 433 500 187 tillgripits
1978 433 200 187 en
2078 433 233 187 grå
2179 433 233 187 filt¬-

486 533 355 209 kjortel,
753 533 237 209 värd
901 533 148 209 4
960 533 296 209 Kronor
1168 533 207 209 och
1286 533 207 209 ett
1405 533 326 209 lintyg,
1642 533 267 209 värdt
1819 533 178 209 En
1908 533 296 209 Krona,
2115 533 237 209 samt
2234 533 148 209 att

474 641 213 213 han
595 641 213 213 för
717 641 273 213 detta
899 641 395 213 tillgrepp
1203 641 425 213 misstänkte
1537 641 304 213 ogifta
1750 641 304 213 Lovisa
1963 641 395 213 Christina
2236 641 152 213 Jo¬-

480 794 388 176 hansson,
771 794 227 176 som
900 794 194 176 en
997 794 227 176 tid
1127 794 291 176 varit
1321 794 356 176 intagen
1580 794 162 176 å
1645 794 518 176 insättningen
2065 794 227 176 och
2195 794 227 176 den
2292 794 97 176 9

473 888 321 167 dennes
698 888 385 167 derifrån
955 888 450 167 utskrifvits.

620 1017 717 124 Detektivkonstapeln
1240 1017 196 124 E.
1338 1017 424 124 Hellström
1664 1017 228 124 har
1794 1017 294 124 samma
1990 1017 228 124 dag
2088 1017 326 124 anhållit

482 1102 479 214 ofvannämnda
865 1102 447 214 Johansson,
1217 1102 224 214 som
1344 1102 224 214 vid
1472 1102 319 214 förhör
1695 1102 383 214 vidgått,
1983 1102 224 214 att
2111 1102 224 214 hon
2206 1102 192 214 sam¬-

435 1251 196 145 ma
533 1251 229 145 dag
664 1251 229 145 hon
795 1251 262 145 från
959 1251 524 145 inrättningen
1385 1251 426 145 utskrefs,
1712 1251 458 145 tillgripit
2040 1251 327 145 kjorteln

487 1308 212 198 och
608 1308 212 198 ett
729 1308 334 198 lintyg,
972 1308 182 198 af
1063 1308 304 198 hvilka
1276 1308 273 198 plagg
1458 1308 212 198 hon
1579 1308 304 198 gifvit
1792 1308 364 198 kjorteln
2065 1308 243 198 till
2187 1308 212 198 enkan

483 1438 366 174 Kristina
757 1438 366 174 Nilsson,
1031 1438 305 174 boende
1244 1438 152 174 i
1305 1438 274 174 huset
1488 1438 183 174 No
1579 1438 183 174 78
1670 1438 213 174 vid
1792 1438 548 174 Skräddaregatan
2219 1438 152 174 och

479 1564 280 183 sjelf
665 1564 373 183 behållit
914 1564 342 183 lintyget.

601 1625 314 203 Kjolen
820 1625 220 203 och
946 1625 377 203 lintyget
1229 1625 283 203 hafva
1417 1625 345 203 blifvit
1668 1625 251 203 till
1825 1625 471 203 Kamereraren
2171 1625 251 203 Reuter

427 1760 548 130 återlemnade.

588 1817 223 207 Det
716 1817 318 207 skulle
938 1817 446 207 antecknas,
1289 1817 223 207 att
1416 1817 223 207 PKn
1543 1817 287 207 genom
1734 1817 446 207 resolution
2085 1817 223 207 den
2212 1817 191 207 30
2276 1817 159 207 Maj

486 1957 253 184 1879
645 1957 253 184 till
803 1957 222 184 RRn
930 1957 222 184 här
1057 1957 158 184 i
1120 1957 317 184 staden
1342 1957 475 184 öfverlemnat
1722 1957 190 184 en
1817 1957 253 184 till
1975 1957 222 184 PKn
2070 1957 317 184 ingifven

485 2081 374 148 rapport,
765 2081 374 148 angående
1046 2081 312 148 Lovisa
1264 2081 405 148 Christina
1575 2081 436 148 Johansson,
1918 2081 218 148 som
2042 2081 312 148 jemväl
2229 2081 125 148 då

473 2150 376 185 angifvits
762 2150 203 185 för
878 2150 347 185 olofligt
1139 2150 376 185 tillgrepp
1428 2150 174 185 af
1515 2150 318 185 kläder,
1746 2150 232 185 samt
1891 2150 203 185 att
2007 2150 232 185 hon,
2152 2150 174 185 då
2209 2150 203 185 målet

661 2281 404 200 angående
964 2281 303 200 henne
1166 2281 236 200 hos
1301 2281 337 200 Rådhus
1537 2281 202 200 Rn
1638 2281 168 200 å
1705 2281 337 200 Tredje
1907 2281 438 200 Afdelningen

463 2413 211 183 den
584 2413 151 183 5
644 2413 362 183 påföljde
915 2413 241 183 Juni
1066 2413 241 183 till
1217 2413 483 183 handläggning
1609 2413 392 183 företogs,
1911 2413 241 183 icke
2032 2413 392 183 tillstädes¬-

457 2515 414 150 kommit,
758 2515 376 150 hvadan
1022 2515 339 150 målet
1248 2515 376 150 kommit
1511 2515 263 150 att
1662 2515 301 150 bero
1850 2515 226 150 på
1963 2515 414 150 anmälan
2226 2515 151 150 om

415 2637 518 137 fullföljd.

571 2684 217 219 På
679 2684 326 219 grund
896 2684 217 219 af
1005 2684 289 219 hvad
1186 2684 398 219 sålunda
1475 2684 543 219 förekommit,
1909 2684 362 219 kommer
2127 2684 289 219 Lovisa

457 2795 425 196 Christina
784 2795 425 196 Johansson
1110 2795 229 196 att
1241 2795 294 196 denna
1437 2795 229 196 dag
1568 2795 229 196 för
1698 2795 229 196 PKn
1796 2795 392 196 inställas.

918 2914 445 172 Göteborg
1252 2914 260 172 den
1400 2914 222 172 16
1511 2914 334 172 Sept.
1696 2914 260 172 1880.

107 3031 250 155 No
191 3031 250 155 198.

77 3140 244 126 Johan
212 3140 298 126 Alexander

13 3278 334 135 Larsson.

530 2973 431 228 Skepparen
862 2973 199 228 P.
961 2973 199 228 A.
1061 2973 498 228 Berndtsson,
1459 2973 365 228 förande
1725 2973 332 228 jakten
1957 2973 299 228 Linde
2123 2973 199 228 från

486 3130 305 177 Smögen
699 3130 152 177 i
760 3130 305 177 Askims
973 3130 335 177 socken,
1217 3130 213 177 har
1339 3130 213 177 den
1461 3130 152 177 2
1522 3130 305 177 dennes
1735 3130 335 177 anmält,
1979 3130 213 177 att
2071 3130 335 177 derförut¬-

439 3233 361 206 gångne
692 3233 289 206 natt
872 3233 217 206 på
980 3233 361 206 däcket
1233 3233 361 206 ombord
1486 3233 180 206 å
1558 3233 361 206 nämnde
1811 3233 253 206 båt
1955 3233 289 206 från
2099 3233 253 206 honom

440 3345 477 162 tillgripits
821 3345 191 162 en
917 3345 477 162 kafferittel
1298 3345 191 162 af
1393 3345 349 162 koppar,
1648 3345 349 162 rymande
1902 3345 349 162 omkring
2156 3345 191 162 en
2219 3345 191 162 kan¬-

437 3479 190 154 na
532 3479 221 154 och
659 3479 253 154 värd
817 3479 158 154 5
848 3479 285 154 Kronor.

583 3535 472 199 Förenämnde
954 3535 236 199 dag
1089 3535 236 199 den
1224 3535 169 199 2
1291 3535 337 199 dennes
1527 3535 202 199 på
1628 3535 337 199 fmidd,
1864 3535 270 199 blef
1999 3535 371 199 Smedarbe¬-

433 3663 293 194 taren
629 3663 293 194 Anton
824 3663 326 194 Robert
1052 3663 358 194 Larsson
1312 3663 195 194 af
1410 3663 618 194 Poliskonstapeln
1931 3663 195 194 No
2028 3663 163 194 5
2061 3663 358 194 Thornberg

2553 268 419 177 anhållen,
2875 268 226 177 för
3004 268 226 177 det
3133 268 355 177 Larsson
3391 268 387 177 innehaft
3682 268 226 177 och
3811 268 258 177 till
3972 268 258 177 salu
4133 268 387 177 utbjudit
4391 268 129 177 en

2542 370 473 187 kaffelittel,
2927 370 207 187 för
3045 370 325 187 åtkomst
3282 370 355 187 hvartill
3548 370 207 187 han
3666 370 177 187 ej
3755 370 296 187 kundet
3962 370 355 187 redogöra
4228 370 207 187 och
4317 370 207 187 hvil¬-

2554 479 223 197 ken
2681 479 414 197 sedermera
3000 479 414 197 befunnits
3318 479 255 197 vara
3477 479 223 197 den
3604 479 255 197 från
3763 479 445 197 Berndtsson
4081 479 382 197 tillgripne

2535 607 369 196 kitteln;
2812 607 215 196 och
2935 607 215 196 har
3058 607 339 196 Larsson
3305 607 215 196 vid
3428 607 369 196 anstäldt
3705 607 308 196 förhör
3920 607 431 196 uppgifvit,
4259 607 215 196 att
4351 607 154 196 han

2537 748 252 151 den
2681 748 180 151 2
2753 748 216 151 ds
2861 748 216 151 på
2968 748 431 151 morgonen
3292 748 216 151 af
3400 748 216 151 en
3508 748 252 151 för
3651 748 324 151 honom
3867 748 395 151 obekant
4119 748 431 151 mansperson

2536 873 392 174 emottagit
2837 873 331 174 kitteln
3078 873 211 174 för
3168 873 422 174 försäljning.

2727 937 308 229 Öfver
2932 937 274 229 hvad
3104 937 377 229 sålunda
3378 937 514 229 förekommit,
3789 937 240 229 har
3926 937 240 229 den
4063 937 171 229 3
4132 937 343 229 dennes
4337 937 206 229 rap¬-

2553 1083 268 185 port
2720 1083 435 185 ingifvits
3054 1083 268 185 till
3222 1083 268 185 PKn,
3389 1083 234 185 som
3523 1083 301 185 genom
3723 1083 435 185 reslotion
4058 1083 301 185 samma
4258 1083 234 185 dag
4359 1083 167 185 öf¬-

2543 1195 426 212 verlemnat
2871 1195 426 212 rapporten
3198 1195 262 212 till
3362 1195 360 212 stadens
3624 1195 327 212 RRätt,
3853 1195 426 212 hvarjemte
4181 1195 360 212 Larsson
4410 1195 98 212 i

2546 1346 372 218 afbidan
2817 1346 203 218 på
2918 1346 473 218 ransakning
3290 1346 541 218 införpassats
3730 1346 271 218 till
3865 1346 541 218 cellfängelset.

2704 1461 305 196 Sedan
2907 1461 474 196 upplysning
3280 1461 373 196 vunnits
3551 1461 339 196 derom;
3788 1461 237 196 att
3923 1461 373 196 Larsson
4194 1461 237 196 vid
4296 1461 203 196 ran¬-

2557 1579 467 198 sakningen
2916 1579 323 198 inför
3132 1579 251 198 RRn
3275 1579 323 198 såsom
3491 1579 251 198 sin
3634 1579 467 198 fångesman
3993 1579 467 198 uppgifvit
4316 1579 180 198 för

2546 1693 353 216 fjerde
2793 1693 318 216 resan
3005 1693 318 216 stöld
3217 1693 459 216 straffade
3570 1693 565 216 manspersonen
4029 1693 318 216 Johan
4206 1693 318 216 Alexan¬-

2550 1809 232 227 der
2682 1809 365 227 Larsson
2948 1809 232 227 har
3080 1809 962 227 detektivpoliskonstaplarne
3942 1809 199 227 C.
4042 1809 199 227 G.
4141 1809 332 227 Andren
4340 1809 166 227 och

2551 1941 199 184 C.
2650 1941 431 184 Hellström
2982 1941 232 184 den
3114 1941 199 184 11
3214 1941 199 184 ds
3313 1941 398 184 anhållit
3611 1941 365 184 bemälde
3876 1941 431 184 Alexander
4175 1941 331 184 Larsson,

2535 2058 351 203 hvilken
2791 2058 224 203 vid
2918 2058 320 203 förhör
3142 2058 383 203 förnekat
3430 2058 192 203 så
3526 2058 224 203 väl
3653 2058 224 203 att
3781 2058 224 203 han
3909 2058 192 203 af
4005 2058 383 203 innehaft
4260 2058 224 203 ifrå¬-

2538 2186 367 203 gakomne
2805 2186 367 203 kittel,
3072 2186 234 203 som
3205 2186 234 203 och
3338 2186 234 203 att
3472 2186 234 203 han
3605 2186 200 203 om
3706 2186 501 203 tillgreppet
4106 2186 267 203 egde
4239 2186 234 203 någon

2559 2347 399 176 vetskap,
2858 2347 300 176 under
3058 2347 499 176 medgifvande
3457 2347 300 176 dock,
3657 2347 233 176 att
3790 2347 233 176 han
3923 2347 233 176 vid
4023 2347 433 176 ifrågakomne

2532 2402 450 275 tillfälle
2879 2402 485 275 sällskapat
3260 2402 242 275 med
3398 2402 312 275 Anton
3606 2402 346 275 Robert
3849 2402 381 275 Larsson
4126 2402 312 275 jemte
4299 2402 173 275 nå¬-

2561 2567 240 219 gra
2698 2567 309 219 andra
2904 2567 343 219 karlar
3145 2567 240 219 och
3282 2567 343 219 dervid
3522 2567 481 219 iakttagit,
3900 2567 240 219 att
4038 2567 309 219 Anton
4209 2567 275 219 Robert

2557 2688 402 182 Larsson,
2859 2688 235 182 som
2993 2688 302 182 burit
3194 2688 302 182 något
3396 2688 369 182 föremål
3664 2688 302 182 under
3865 2688 235 182 sin
3999 2688 402 182 påhafvde
4267 2688 235 182 rock,

2533 2805 172 209 å
2601 2805 240 209 den
2739 2805 206 209 s.
2841 2805 206 209 k.
2944 2805 412 209 Hultmans
3253 2805 309 209 holme
3459 2805 377 209 blifvit
3733 2805 206 209 af
3836 2805 617 209 Polisbetjening
4316 2805 172 209 an¬-

2506 2988 319 116 hållen.

2651 3013 462 213 Följande
2997 3013 462 213 personer
3343 3013 346 213 hafva
3535 3013 385 213 upplyst:

2537 3151 222 165 1o
2648 3151 592 165 Arbetskarlen
3129 3151 333 165 Johan
3351 3151 370 165 Edvard
3609 3151 481 165 Niklasson
3979 3151 333 165 Käck:
4201 3151 259 165 att
4312 3151 148 165 då

2535 3245 265 195 han
2687 3245 265 195 den
2838 3245 190 195 2
2914 3245 190 195 i
2990 3245 341 195 denna
3218 3245 341 195 månad
3445 3245 228 195 på
3559 3245 303 195 f.m.
3749 3245 190 195 i
3824 3245 455 195 sällskap
4166 3245 265 195 med
4279 3245 190 195 ar¬-

2543 3359 498 177 betskarlen
2935 3359 320 177 Johan
3148 3359 463 177 Svensson,
3504 3359 427 177 Bernhard
3825 3359 498 177 Zachrisson
4180 3359 214 177 samt

2536 3475 329 143 Anton
2756 3475 365 143 Robert
3011 3475 402 143 Larsson
3303 3475 365 143 kommit
3559 3475 365 143 gående
3815 3475 183 143 å
3888 3475 329 143 Södra
4070 3475 402 143 Larmgatan

2546 3623 206 138 de
2649 3623 172 138 i
2718 3623 413 138 närheten
3027 3623 206 138 af
3131 3623 757 138 Artilleristallarne
3784 3623 275 138 mött
3956 3623 447 138 Alexarder
4266 3623 241 138 Lars¬-

2533 3730 217 149 on
2641 3730 326 149 jemte
2858 3730 217 149 en
2967 3730 326 149 annan
3184 3730 181 149 i
3256 3730 289 149 hans
3437 3730 434 149 sällskap
3762 3730 398 149 varande
4052 3730 398 149 obekant
4305 3730 217 149 karl
