4974 4039
99 244 316 155 No
205 244 263 155 206

78 382 314 112 Frans
253 382 244 112 Bern¬-

78 472 240 115 hard
198 472 300 115 Henriks¬-

41 560 227 115 son.

580 178 751 146 Månadskarlen
1190 178 282 146 P.
1331 178 610 146 Svensson,
1800 178 469 146 boende
2128 178 235 146 i
2175 178 235 146 hu¬-

497 280 301 225 set
669 280 258 225 No
798 280 215 225 3
884 280 301 225 vid
1056 280 602 225 Kyrkogatan
1528 280 301 225 har
1700 280 516 225 Fredagen
2087 280 301 225 den
2216 280 172 225 17

501 491 447 117 dennes
814 491 447 117 anmält
1127 491 313 117 att
1306 491 402 117 sagde
1574 491 313 117 dag
1752 491 268 117 på
1886 491 357 117 f.m.
2110 491 268 117 ur
2199 491 179 117 en

476 549 372 211 olåst
723 549 496 211 förstuga
1095 549 330 211 till
1302 549 372 211 huset
1549 549 248 211 No
1673 549 206 211 8
1756 549 289 211 vid
1880 549 454 211 Sillgatan

453 682 365 201 från
681 682 410 201 honom
955 682 638 201 tillgripit
1456 682 273 201 en
1593 682 410 201 kavaj
1866 682 273 201 af
2003 682 410 201 blått
2231 682 228 201 tyg

485 820 331 164 värd
691 820 248 164 15
774 820 331 164 konor.

490 943 399 205 Sagde
756 943 310 205 dag
933 943 310 205 vid
1110 943 709 205 middagstiden
1686 943 310 205 har
1819 943 621 205 Poliskonsta¬-

482 1104 366 174 peln
711 1104 274 174 No
848 1104 274 174 45
985 1104 594 174 Jakobsson
1442 1104 366 174 till
1625 1104 777 174 Polisvaktkonto¬-

480 1228 292 192 ret
647 1228 209 192 i
731 1228 459 192 Bazaren
1065 1228 417 192 infört
1357 1228 292 192 för
1524 1228 376 192 andra
1774 1228 376 192 resan
1983 1228 417 192 snatteri

480 1323 550 221 straffade
903 1323 254 221 fe
1030 1323 889 221 Kronoarbetskarlen
1791 1323 381 221 Frans
2003 1323 423 221 Bernhard

487 1497 575 181 Herriksson
939 1497 287 181 för
1103 1497 452 181 fylleri
1431 1497 205 181 å
1472 1497 575 181 Kungstorget.

495 1585 619 218 Henriksson,
990 1585 454 218 hvilken
1320 1585 289 218 vid
1485 1585 619 218 anhållandet
1980 1585 206 218 f
2021 1585 330 218 befans

512 1720 312 227 vara
707 1720 390 227 aklädd
980 1720 273 227 den
1136 1720 312 227 från
1331 1720 468 227 Svensson
1681 1720 546 227 tillgripne
2071 1720 351 227 kavajen

467 1867 309 195 har
643 1867 309 195 vid
820 1867 309 195 det
996 1867 309 195 med
1173 1867 397 195 honom
1437 1867 221 195 i
1526 1867 574 195 anledning
1967 1867 397 195 häraf
2187 1867 221 195 an¬-

464 1978 435 226 stälda
768 1978 435 226 förhör
1073 1978 609 226 uppgifvit,
1551 1978 305 226 att
1725 1978 305 226 han
1899 1978 305 226 som
2030 1978 392 226 oftabe¬-

475 2112 396 222 rörde
739 2112 308 222 dag
915 2112 396 222 varit
1179 2112 484 222 berusad
1531 2112 264 222 ej
1663 2112 308 222 kan
1839 2112 440 222 erinra
2147 2112 308 222 sig
2279 2112 176 222 på

456 2273 349 205 hvad
674 2273 349 205 sätt
892 2273 305 205 han
1067 2273 436 205 kommit
1372 2273 218 205 i
1459 2273 610 205 besittning
1939 2273 262 205 af
2026 2273 392 205 kavajen

455 2385 473 237 Kavajen
799 2385 301 237 har
971 2385 473 237 blifvit
1315 2385 344 237 till
1529 2385 430 237 egaren
1787 2385 516 237 återlemnad

498 2561 275 193 På
636 2561 413 193 grund
911 2561 275 193 af
1048 2561 367 193 hvad
1278 2561 504 193 sålunda
1644 2561 642 193 forekommit
2103 2561 275 193 kom¬-

486 2670 327 208 mer
673 2670 420 208 Frans
953 2670 560 208 Bernhard
1373 2670 654 208 Henriksson
1887 2670 327 208 att
2027 2670 327 208 denna

493 2800 303 204 dag
666 2800 303 204 för
839 2800 735 204 Poliskammaren
1401 2800 519 204 inställas.

1095 2896 475 179 Göteborg
1452 2896 277 179 den
1610 2896 238 179 22
1729 2896 515 179 September
2086 2896 277 179 1880.

89 3049 280 156 No
183 3049 233 156 207

67 3167 382 138 Mathilda
322 3167 159 138 Jo¬-

67 3272 280 145 sefina
235 3272 252 145 Peters¬-

0 3304 260 189 son

606 2993 534 232 Följande
1006 2993 534 232 personer
1406 2993 400 232 hafva
1629 2993 400 232 anmält:

480 3092 265 261 1o
612 3092 442 261 Ogifta
922 3092 398 261 Sofia
1187 3092 530 261 Bergman,
1584 3092 442 261 boende
1893 3092 221 261 i
1982 3092 398 261 huset
2202 3092 177 261 No

488 3281 197 169 5
566 3281 275 169 vid
724 3281 354 169 Södra
960 3281 550 169 Allégatan,
1392 3281 275 169 att
1549 3281 472 169 Lördagen
1903 3281 275 169 den
2060 3281 236 169 18
2139 3281 236 169 den¬-

463 3411 286 191 nes
627 3411 204 191 i
708 3411 286 191 ett
872 3411 368 191 olåst
1117 3411 286 191 kök
1281 3411 204 191 i
1363 3411 409 191 hennes
1649 3411 409 191 bostad
1935 3411 327 191 från
2099 3411 286 191 henne

455 3535 613 202 tillgripits
946 3535 245 202 en
1068 3535 368 202 svart
1313 3535 286 202 och
1477 3535 327 202 hvit
1681 3535 572 202 yllescharl
2090 3535 245 202 värd

441 3697 292 186 6
557 3697 583 186 kronor
907 3697 292 186 och

2554 161 415 202 Enkan
2831 161 369 202 Anna
3061 161 553 202 Jansson,
3476 161 461 202 boende
3799 161 231 202 i
3891 161 415 202 huset
4168 161 277 202 No
4260 161 231 202 55.

2585 324 259 195 af
2714 324 519 195 Majornas
3103 324 259 195 1a
3233 324 389 195 rote,
3492 324 303 195 att
3665 324 519 195 Måndagen
4054 324 303 195 den
4227 324 259 195 20
4314 324 259 195 den¬-

2561 448 299 182 nes
2732 448 214 182 å
2818 448 257 182 en
2946 448 385 182 olåst
3203 448 342 182 vind
3417 448 342 182 till
3630 448 428 182 hennes
3930 448 428 182 bostad
4186 448 257 182 från

2582 572 388 213 henne
2841 572 647 213 tillgripits
3358 572 259 213 en
3488 572 431 213 mindre
3790 572 388 213 svart
4048 572 302 213 och
4178 572 345 213 rödru¬-

2575 729 266 206 tig
2727 729 494 206 yllesjal,
3107 729 304 206 värd
3297 729 190 206 1
3373 729 342 206 krona
3601 729 228 206 50
3677 729 190 206 öre

2638 827 413 212 Sedan
2914 827 413 212 Sofia
3189 827 551 212 Bergmans
3602 827 367 212 sjal
3832 827 505 212 blifvit
4154 827 321 212 åter¬-

2562 968 478 207 funnits
2909 968 521 207 pantsatt
3300 968 304 207 den
3474 968 261 207 18
3604 968 434 207 dennes
3908 968 304 207 för
4082 968 217 207 1
4125 968 304 207 krona

2554 1074 314 202 hos
2734 1074 673 202 pantlånaren
3272 1074 269 202 C.
3407 1074 269 202 H.
3541 1074 539 202 Hallberg
3945 1074 224 202 i
4035 1074 404 202 huset
4259 1074 180 202 No

2545 1202 271 247 14
2680 1202 316 247 vid
2861 1202 678 247 Husargatan,
3403 1202 316 247 har
3539 1202 903 247 detektivkonstapeln

2566 1343 271 232 V.
2701 1343 406 232 Bruun
2972 1343 541 232 Lördagen
3378 1343 316 232 den
3558 1343 271 232 25
3693 1343 451 232 dennes
4009 1343 316 232 för
4144 1343 316 232 dessa

2581 1483 511 241 tillgrepp
2974 1483 472 241 anhållit
3327 1483 275 241 för
3485 1483 236 241 1a
3602 1483 354 241 resan
3838 1483 354 241 stöld
4035 1483 432 241 straffade

2569 1603 426 313 ogifta
2867 1603 511 313 Mathilda
3251 1603 596 313 Josesefina
3719 1603 596 313 Pettersson
4145 1603 255 313 utan

2568 1737 518 290 bestämd
2945 1737 471 290 bostad
3275 1737 518 290 hvilken
3652 1737 330 290 vid
3793 1737 613 290 anhållandet

2566 1881 522 268 innehade
2957 1881 609 268 pantsedeln
3435 1881 217 268 å
3522 1881 304 268 den
3696 1881 348 268 från
3913 1881 391 268 Sofia
4131 1881 391 268 Bergman

2586 2129 481 193 tillgripne
2929 2129 275 193 sjalen

2599 2102 509 286 Petterson
2990 2102 196 286 i
3068 2102 509 286 anledning
3460 2102 352 286 häraf
3694 2102 352 286 hörd,
3929 2102 274 286 här
4086 2102 274 286 vid
4203 2102 274 286 gått,

2569 2296 297 243 att
2738 2296 297 243 hun
2908 2296 510 243 Lördagen
3290 2296 255 243 18
3418 2296 425 243 dennes
3715 2296 595 243 tillgripit
4140 2296 297 243 Sofia

2571 2422 523 275 Bergmans
2964 2422 349 275 sjal
3181 2422 305 275 och
3356 2422 523 275 derefter
3748 2422 436 275 genast
4009 2422 436 275 pantsatt

2591 2606 573 222 densamma
3021 2606 334 222 för
3212 2606 239 222 1
3307 2606 430 222 krona
3594 2606 334 222 hos
3785 2606 286 222 en
3880 2606 573 222 pantlånare

2608 2676 338 305 vid
2801 2676 725 305 Husargatan;
3381 2676 387 305 samt
3623 2676 338 305 att
3816 2676 338 305 hun
3961 2676 484 305 Måndagen

2616 2842 307 204 den
2791 2842 263 204 20
2923 2842 438 204 dennes
3229 2842 219 204 å
3317 2842 263 204 en
3448 2842 394 204 olåst
3711 2842 350 204 vind
3886 2842 526 204 tillgripit

2595 2970 406 265 Enkan
2866 2970 361 265 Anna
3091 2970 542 265 Jonssons
3498 2970 361 265 sjal
3724 2970 497 265 hvilken
4085 2970 316 265 hon
4220 2970 271 265 sam¬-

2593 3146 237 230 ma
2711 3146 276 230 dag
2869 3146 276 230 för
3026 3146 237 230 75
3145 3146 276 230 öre
3303 3146 197 230 å
3381 3146 552 230 Fisktorget
3815 3146 434 230 försålt
4131 3146 316 230 till
4289 3146 197 230 ett

2601 3295 574 149 obekant
2966 3295 627 149 fruntimmer

2626 3359 416 232 Sofia
2903 3359 509 232 Bergman
3273 3359 324 232 har
3458 3359 462 232 utlöst
3782 3359 324 232 den
3966 3359 370 232 från
4151 3359 324 232 henne

2627 3537 503 140 tillgripne
2987 3537 324 140 sjalen.

2614 3570 265 199 På
2746 3570 398 199 grund
3012 3570 265 199 af
3145 3570 354 199 hvad
3366 3570 487 199 sålunda
3720 3570 619 199 förekommit
4162 3570 354 199 kommer

2589 3688 353 159 Mathilda
2853 3688 353 159 Josefina
3118 3688 383 159 Petersson
3413 3688 206 159 att
3530 3688 265 159 denna
3707 3688 206 159 dag
3824 3688 206 159 för
3942 3688 265 159 Pkren
4089 3688 324 159 inställas

3434 3777 379 171 Göteborg
3718 3777 221 171 den
3845 3777 189 171 28
3939 3777 410 171 September
4223 3777 221 171 1880.
