5112 4057
109 202 292 100 No
207 202 243 100 69.

92 338 215 66 Johan
235 338 215 66 Adolf
355 338 191 66 Ferdi¬-

93 410 219 60 nand
229 410 273 60 Olsson
393 410 137 60 och

87 460 184 100 Carl
202 460 231 100 August
341 460 207 100 Olsson.

653 224 424 111 Ynglingen
980 224 261 111 Carl
1143 224 326 111 August
1371 224 359 111 Edgren,
1633 224 326 111 boende
1861 224 163 111 i
1926 224 294 111 huset
2122 224 196 111 No
2220 224 163 111 5
2253 224 163 111 vid

582 323 414 127 Torggatan
900 323 223 127 har
1028 323 382 127 tisdagen
1314 323 223 127 den
1441 323 191 127 10
1537 323 318 127 sistl.
1760 323 382 127 Februari
2046 323 350 127 anmält,
2269 323 159 127 att

567 431 588 140 derförutgångne
1058 431 262 140 natt
1221 431 360 140 inbrott
1483 431 425 140 föröfvats
1810 431 163 140 i
1875 431 262 140 hans
2038 431 163 140 å
2071 431 327 140 Fabrikör

552 529 421 152 Sundbergs
875 529 259 152 tomt
1037 529 194 152 på
1134 529 485 152 Qvarnberget
1522 529 453 152 befintlige
1878 529 388 152 dufslag,
2137 529 291 152 hvarvid

565 657 293 133 dörren
770 657 235 133 till
917 657 381 133 dufslaget
1210 657 499 133 sönderslagits
1621 657 205 133 och
1738 657 264 133 derur
1914 657 440 133 tillgripits
2266 657 147 133 6
2295 657 147 133 st.

550 767 405 131 lefvande
854 767 371 131 dufvor,
1124 767 506 131 tillsammans
1529 767 304 131 värde
1731 767 202 131 10
1798 767 304 131 Kronor.

685 887 317 121 Sedan
896 887 492 121 upplysning
1283 887 457 121 erhållits
1634 887 246 121 att
1740 887 668 121 Smedhandtlangarne

557 991 312 139 Johan
766 991 312 139 Adolf
974 991 451 139 Ferdinand
1321 991 347 139 Olsson
1564 991 243 139 och
1703 991 278 139 Carl
1876 991 347 139 August
2084 991 278 139 Olsson

550 1117 269 127 båda
719 1117 336 127 boende
954 1117 168 127 i
1021 1117 336 127 Åkaren
1257 1117 370 127 Olssons
1526 1117 236 127 hus
1661 1117 202 127 No
1762 1117 236 127 105
1896 1117 168 127 i
1963 1117 336 127 Westra
2165 1117 303 127 Brandt¬-

541 1233 279 133 dala
715 1233 418 133 innehade
1029 1233 313 133 några
1238 1233 209 133 af
1342 1233 522 133 Målsegarens
1760 1233 348 133 dufvor
2004 1233 244 133 och
2143 1233 244 133 vid
2248 1233 174 133 un¬-

541 1343 386 147 sökning
821 1343 175 147 i
892 1343 316 147 deras
1102 1343 351 147 bostad
1347 1343 491 147 påträffats
1733 1343 280 147 fyra
1908 1343 245 147 st.
2048 1343 210 147 af
2154 1343 210 147 de
2224 1343 210 147 från

535 1461 347 151 Edgren
778 1461 485 151 tillgripne
1159 1461 451 151 dufvorna,
1506 1461 312 151 hafva
1679 1461 763 151 detektivkonstaplarne

531 1585 438 147 Rönnbäck
860 1585 256 147 och
1006 1585 365 147 Andrén
1262 1585 256 147 den
1408 1585 219 147 22
1518 1585 365 147 dennes
1773 1585 438 147 anhållit
2065 1585 329 147 bemälde

524 1727 304 125 Johan
727 1727 304 125 Adolf
929 1727 439 125 Ferdinand
1267 1727 338 125 Olsson
1504 1727 236 125 och
1639 1727 270 125 Carl
1807 1727 338 125 August
2010 1727 304 125 Olsson.

663 1841 229 115 Wid
794 1841 229 115 det
925 1841 229 115 med
1056 1841 294 115 Johan
1252 1841 294 115 Adolf
1448 1841 425 115 Ferdinand
1776 1841 327 115 Olsson
2005 1841 229 115 och
2136 1841 262 115 Carl
2266 1841 164 115 Au¬-

541 1951 264 129 gust
706 1951 330 129 Olsson
937 1951 165 129 i
1003 1951 429 129 anledning
1333 1951 297 129 häraf
1532 1951 429 129 anställda
1862 1951 330 129 förhör
2093 1951 297 129 hafva
2258 1951 132 129 de

522 2073 402 131 förnekat
824 2073 235 131 all
958 2073 402 131 kännedom
1260 2073 201 131 om
1361 2073 503 131 ifrågakomne
1763 2073 470 131 tillgrepp,
2099 2073 335 131 hvarjem¬-

526 2187 203 135 te
628 2187 305 135 Johan
831 2187 441 135 Ferdinand
1170 2187 339 135 Olsson
1407 2187 474 135 uppgifvit,
1780 2187 237 135 att
1916 2187 169 135 i
1983 2187 271 135 hans
2119 2187 271 135 bostad

532 2311 360 127 funnes
784 2311 324 127 några
1000 2311 396 127 dufvor,
1289 2311 360 127 hvilka
1541 2311 432 127 tillhöra
1865 2311 360 127 honom;
2118 2311 252 127 med
2226 2311 180 127 un¬-

534 2433 341 127 dantag
773 2433 205 127 af
875 2433 239 127 en,
1011 2433 239 127 som
1148 2433 273 127 eges
1318 2433 205 127 af
1421 2433 273 127 Carl
1591 2433 341 127 August
1830 2433 375 127 Olsson;
2103 2433 273 127 samt
2239 2433 171 127 att

528 2543 254 129 han
673 2543 290 129 köpt
854 2543 217 129 en
963 2543 254 129 del
1108 2543 217 129 af
1216 2543 326 129 dessa
1434 2543 399 129 dufvor,
1724 2543 435 129 hvaremot
2050 2543 217 129 de
2122 2543 254 129 andre

516 2669 374 115 blifvit
788 2669 204 115 af
890 2669 272 115 hans
1059 2669 340 115 dufvor
1297 2669 475 115 uppfångade
1671 2669 238 115 och
1807 2669 408 115 medföljt
2112 2669 238 115 dem
2214 2669 204 115 till

526 2813 259 73 hans
655 2813 291 73 bostad.

729 2877 524 99 Ynglingarne
1148 2877 279 99 Carl
1323 2877 279 99 Axel
1498 2877 489 99 Andersson,
1882 2877 349 99 boende
2127 2877 175 99 i
2161 2877 245 99 huset

543 2982 197 120 No
642 2982 197 120 27
740 2982 230 120 vid
872 2982 428 120 Långgatan
1201 2982 164 120 i
1267 2982 362 120 Landala
1530 2982 230 120 och
1661 2982 296 120 Fritz
1859 2982 395 120 Waldemar
2122 2982 296 120 Olsson,

538 3073 357 139 boende
788 3073 178 139 i
859 3073 321 139 huset
1074 3073 214 139 No
1181 3073 178 139 7
1252 3073 250 139 vid
1395 3073 535 139 Mellangatan
1823 3073 178 139 i
1894 3073 393 139 Landala
2144 3073 250 139 hafva

516 3188 412 135 upplyst,
825 3188 241 135 att
962 3188 309 135 Johan
1169 3188 309 135 Adolf
1375 3188 447 135 Ferdinand
1719 3188 344 135 Olsson
1959 3188 412 135 söndagen
2234 3188 172 135 den

526 3326 202 99 21
627 3326 337 99 dennes
863 3326 168 99 i
930 3326 303 99 deras
1132 3326 370 99 närvaro
1402 3326 370 99 omtalat
1671 3326 236 99 att
1806 3326 202 99 en
1907 3326 202 99 af
2008 3326 202 99 de
2075 3326 303 99 dufvor,

510 3428 253 111 som
655 3428 362 111 funnes
908 3428 181 111 i
980 3428 290 111 hans
1162 3428 398 111 bostad,
1451 3428 471 111 tillhörde
1813 3428 290 111 Carl
1958 3428 326 111 Edgren.

567 3533 223 121 På
678 3533 335 121 grund
902 3533 223 121 af
1013 3533 298 121 hvad
1200 3533 409 121 sålunda
1497 3533 558 121 förekommit,
1944 3533 261 121 äro
2093 3533 335 121 Johan
2279 3533 149 121 A¬-

536 3643 254 105 dolf
695 3643 412 105 Ferdinand
1012 3643 317 105 Olsson
1234 3643 222 105 och
1361 3643 254 105 Carl
1520 3643 317 105 August
1742 3643 317 105 Olsson
1964 3643 349 105 kallade
2186 3643 190 105 till

524 3731 481 107 inställelse
908 3731 288 107 inför
1101 3731 224 107 PKn
1229 3731 288 107 denna
1421 3731 256 107 dag.
1581 3731 384 107 Göteborg
1869 3731 224 107 den
1998 3731 192 107 23
2094 3731 256 107 Mars
2222 3731 224 107 1880.

4584 262 288 76 No
4680 262 240 76 70.

4554 386 289 70 Anna
4699 386 289 70 Helena

4576 477 333 70 Andersson
4833 477 154 70 m.
4884 477 128 70 fl.

2751 245 404 82 Hustrun
3045 245 367 82 Rachel
3302 245 477 82 Abramsky,
3669 245 367 82 boende
3926 245 184 82 i
3999 245 330 82 huset
4220 245 220 82 No
4330 245 184 82 1
4366 245 184 82 vid

2722 355 404 116 Enggatan
3026 355 236 116 har
3160 355 404 116 Söndagen
3464 355 236 116 den
3598 355 202 116 21
3699 355 337 116 dennes
3935 355 371 116 anmält;
4205 355 236 116 att
4306 355 202 116 från

2722 463 304 114 henne
2925 463 506 114 tillgripits
3330 463 270 114 dels
3498 463 304 114 under
3701 463 202 114 de
3802 463 405 114 sednaste
4106 463 236 114 två
4207 463 371 114 månaderna

2729 587 220 116 vid
2854 587 283 116 flera
3043 587 440 116 tillfällen
3388 587 188 116 ur
3482 587 188 116 en
3576 587 251 116 låst
3734 587 345 116 vedbod,
3985 587 377 116 hvartill
4267 587 188 116 en
4330 587 220 116 bräda

2718 697 152 140 i
2778 697 488 140 skiljeväggen
3175 697 244 140 till
3327 697 183 140 en
3418 697 457 140 närliggande
3784 697 305 140 vedbod
3997 697 488 140 frånbrutits,
4363 697 183 140 sön¬-

2710 817 442 144 derhuggen
3050 817 238 144 ved
3186 817 170 144 i
3255 817 340 144 mindre
3493 817 374 144 partier
3765 817 238 144 och
3901 817 272 144 dels
4071 817 170 144 i
4140 817 306 144 denna
4310 817 238 144 månad

2712 925 223 156 vid
2840 925 287 156 olika
3031 925 446 156 tillfällen
3381 925 159 156 i
3445 925 319 156 hennes
3668 925 350 156 bostad,
3923 925 191 156 en
4018 925 478 156 guldbrosch,
4369 925 191 156 värd

2709 1039 212 162 30
2815 1039 354 162 kronor
3063 1039 283 162 samt
3240 1039 248 162 två
3381 1039 248 162 nya
3523 1039 460 162 vaxdukar,
3877 1039 248 162 ett
4019 1039 248 162 par
4160 1039 248 162 nya
4267 1039 283 162 waxdu¬-

2716 1157 258 154 kar,
2877 1157 225 154 ett
3006 1157 225 154 par
3135 1157 225 154 nya
3263 1157 483 154 manchetter,
3650 1157 225 154 ett
3779 1157 225 154 par
3908 1157 644 154 manchettknappar,
4423 1157 161 154 två

2709 1265 363 164 kragar,
2973 1265 198 164 en
3072 1265 560 164 sidenhalsduk,
3533 1265 231 164 två
3665 1265 231 164 nya
3797 1265 560 164 bomullsdukar,
4258 1265 165 164 7
4291 1265 231 164 alnar

2700 1369 270 176 hvit
2869 1369 438 176 domestik,
3206 1369 236 176 ett
3341 1369 303 176 lakan
3543 1369 202 176 af
3644 1369 472 176 bomullsväf
4015 1369 236 176 och
4150 1369 202 176 en
4217 1369 337 176 handduk,

2701 1518 521 130 tillsammans
3118 1518 313 130 värdt
3326 1518 278 130 Åtta
3465 1518 313 130 Kronor.

2862 1588 291 150 Såsom
3056 1588 420 150 misstänkt
3379 1588 226 150 för
3508 1588 291 150 dessa
3702 1588 420 150 tillgrepp
4025 1588 291 150 hafva
4187 1588 355 150 detektiv¬-

2713 1686 533 175 konstaplarne
3146 1686 400 175 Lindgren
3446 1686 233 175 och
3579 1686 300 175 Bruun
3779 1686 233 175 den
3913 1686 200 175 23
4013 1686 333 175 dennes
4213 1686 333 175 anhållit

2703 1803 247 170 hos
2844 1803 494 170 Målsegaren
3232 1803 459 170 anställda
3585 1803 318 170 pigan
3797 1803 282 170 Anna
3974 1803 353 170 Helena
4186 1803 388 170 Andersson

2705 1907 278 190 från
2879 1907 278 190 Carl
3053 1907 383 190 Gustafs
3332 1907 348 190 Socken
3575 1907 174 190 i
3645 1907 313 190 Marks
3854 1907 348 190 härad,
4098 1907 383 190 hustrun
4341 1907 209 190 Sara

2710 2015 436 214 Johansson
3046 2015 235 214 och
3180 2015 335 214 hennes
3414 2015 335 214 syster
3649 2015 369 214 hustrun
3917 2015 369 214 Johanna
4152 2015 402 214 Johansson,

2701 2121 244 214 och
2841 2121 244 214 har
2980 2121 244 214 vid
3120 2121 209 214 af
3225 2121 314 214 samme
3434 2121 489 214 Konstaplar
3818 2121 419 214 anställd
4097 2121 489 214 undersökning

2706 2230 178 223 i
2778 2230 463 223 hustrurna
3134 2230 499 223 Johanssons
3526 2230 499 223 gemensamma
3918 2230 356 223 bostad
4167 2230 178 223 i
4203 2230 427 223 ofvannämn¬-

2719 2366 187 187 de
2812 2366 218 187 hus
2937 2366 437 187 påträffats
3280 2366 499 187 ofvanberörde
3686 2366 468 187 manchetter,
4060 2366 343 187 kragar,
4279 2366 343 187 manchett¬-

2708 2477 370 196 knappar
2977 2477 235 196 och
3112 2477 538 196 sidenhalsduk
3548 2477 269 196 samt
3716 2477 168 196 3
3784 2477 235 196 st.
3918 2477 470 196 pantsedlar
4288 2477 168 196 å
4355 2477 202 196 de
4422 2477 168 196 öf¬-

2685 2597 266 198 rige
2851 2597 266 198 från
3017 2597 399 198 Abramsky
3316 2597 465 198 tillgripne
3681 2597 465 198 persedlar,
4047 2597 233 198 med
4179 2597 399 198 undantag
4445 2597 133 198 af

2720 2707 358 206 broschen
2988 2707 209 206 och
3108 2707 179 206 en
3197 2707 387 206 pantsedel
3495 2707 149 206 å
3555 2707 209 206 ett
3674 2707 298 206 lakan,
3883 2707 358 206 belånadt
4151 2707 209 206 med
4270 2707 179 206 50
4360 2707 209 206 öre
4449 2707 149 206 den

2703 2825 164 198 5
2769 2825 328 198 dennes
2998 2825 230 198 hos
3130 2825 492 198 Pantlånaren
3523 2825 197 198 J.
3622 2825 328 198 Olsson
3851 2825 164 198 i
3917 2825 295 198 huset
4114 2825 197 198 No
4212 2825 197 198 13
4311 2825 230 198 vid
4409 2825 197 198 Öfra

2718 2955 455 171 Husargatan
3075 2955 227 171 och
3205 2955 357 171 hvilket
3465 2955 292 171 lakan
3660 2955 260 171 icke
3822 2955 357 171 tillhör
4082 2955 325 171 hustru
4277 2955 357 171 Abramsky.

2901 3069 231 143 Wid
3033 3069 231 143 det
3165 3069 231 143 med
3297 3069 264 143 Anna
3461 3069 330 143 Helena
3692 3069 461 143 Andersson,
4055 3069 264 143 Sara
4219 3069 231 143 och
4318 3069 264 143 Johan¬-

2696 3159 202 180 na
2797 3159 437 180 Johansson
3134 3159 168 180 i
3201 3159 437 180 anledning
3537 3159 303 180 häraf
3739 3159 437 180 anställde
4076 3159 336 180 förhör
4311 3159 303 180 hafva
4479 3159 135 180 de

2673 3363 367 88 uppgifvit:

2722 3399 183 146 1o
2813 3399 427 146 Andersson:
3149 3399 214 146 att
3271 3399 275 146 sedan
3454 3399 305 146 sistl.
3667 3399 366 146 Februari
3942 3399 275 146 månad
4125 3399 275 146 såväl
4308 3399 244 146 Sara
4430 3399 153 146 som

2713 3504 343 166 Johanna
2962 3504 406 166 Johansson
3275 3504 218 166 vid
3399 3504 281 166 flera
3587 3504 468 166 tillfällen,
3961 3504 187 166 då
4055 3504 312 166 hennes
4242 3504 312 166 matmoder

2708 3638 289 127 varit
2901 3638 321 127 borta,
3126 3638 289 127 under
3319 3638 418 127 yttrande,
3640 3638 225 127 det
3769 3638 225 127 det
3897 3638 289 127 ingen
4090 3638 257 127 synd
4251 3638 257 127 vore
4379 3638 161 127 att

2697 3743 347 100 stjäla
2940 3743 277 100 från
3113 3743 347 100 judar,
3356 3743 416 100 uppmanat
3668 3743 312 100 henne
3876 3743 451 100 tillgripa
4223 3743 208 100 så
4293 3743 277 100 mycket
