5064 4051
513 188 261 126 två
662 188 261 126 nya
811 188 857 126 Fruntimmerspaletåer
1555 188 223 126 af
1667 188 410 126 doffel,
1928 188 484 126 tillsammans

523 304 317 130 värda
734 304 211 130 20
839 304 387 130 Kronor,
1121 304 422 130 äfvensom
1438 304 317 130 några
1613 304 493 130 underkläder.

676 420 478 100 Målsegaren
1051 420 409 100 Sjöbergs
1358 420 444 100 öfverrock
1699 420 239 100 har
1836 420 512 100 återfunnits
2211 420 239 100 pant¬-

523 521 280 134 satt
698 521 245 134 den
838 521 210 134 18
943 521 455 134 sistlidne
1294 521 385 134 Oktober
1574 521 245 134 hos
1714 521 526 134 Pantlånaren
2135 521 210 134 W.
2205 521 245 134 Karth

517 634 233 138 för
650 634 166 138 6
716 634 332 138 Kronor
949 634 233 138 och
1082 634 366 138 blifvit
1348 634 199 138 af
1447 634 332 138 egaren
1647 634 299 138 utlöst.

672 722 409 146 Tisdagen
979 722 239 146 den
1115 722 205 146 16
1218 722 341 146 dennes
1457 722 239 146 kl.
1593 722 375 146 omkring
1866 722 171 146 9
1934 722 273 146 e.m.
2105 722 239 146 har
2207 722 239 146 pigan

515 828 314 156 Maria
724 828 488 156 Andersson,
1108 828 418 156 anställd
1422 828 244 156 hos
1561 828 488 156 Handlanden
1945 828 209 156 C.
2049 828 209 156 G.
2119 828 279 156 Meyer,

529 940 463 147 tillkallat
893 940 628 147 Poliskonstapeln
1421 940 198 147 No
1521 940 198 147 18
1620 940 463 147 Gustafsson
1983 940 231 147 för
2115 940 297 147 honom
2281 940 165 147 an¬-

534 1042 302 155 mält,
736 1042 235 155 att
870 1042 268 155 kort
1038 1042 335 155 förut,
1272 1042 201 155 då
1373 1042 235 155 hon
1507 1042 168 155 i
1574 1042 302 155 något
1775 1042 335 155 ärende
2010 1042 335 155 skulle
2211 1042 235 155 besö¬-

513 1168 185 146 ka
606 1168 494 146 ofvanberörde
1008 1168 371 146 magazin,
1286 1168 216 146 hon
1409 1168 525 146 varseblifvit,
1842 1168 216 146 att
1965 1168 402 146 hänglåset
2244 1168 155 146 för

540 1264 297 143 dörren
748 1264 208 143 var
867 1264 446 143 frånbrutet,
1224 1264 327 143 hvarför
1462 1264 208 143 hon
1581 1264 387 143 förmodade
1879 1264 208 143 att
1998 1264 327 143 tjufvar
2206 1264 208 143 uppe¬-

539 1425 243 92 hölle
701 1425 189 92 sig
782 1425 270 92 derinne.

716 1481 183 115 Då
807 1481 427 115 Gustafsson
1143 1481 153 115 i
1204 1481 397 115 anledning
1509 1481 275 115 häraf
1692 1481 366 115 infunnit
1966 1481 214 115 sig
2088 1481 153 115 i
2119 1481 336 115 Magasinet

510 1571 226 160 har
639 1571 226 160 han
768 1571 226 160 der
897 1571 420 160 anträffat
1220 1571 226 160 och
1349 1571 387 160 anhållit
1639 1571 484 160 ynglingarne
2027 1571 258 160 Axel
2156 1571 258 160 Conrad

511 1677 344 168 Larsson,
769 1677 229 168 född
912 1677 200 168 den
1027 1677 172 168 22
1113 1677 258 168 Sept.
1284 1677 229 168 1864
1427 1677 200 168 och
1542 1677 286 168 boende
1742 1677 200 168 hos
1857 1677 200 168 sin
1971 1677 258 168 fader
2114 1677 344 168 Jernsvarf¬-

532 1807 274 140 varen
714 1807 183 140 L.
806 1807 183 140 M.
897 1807 335 140 Larsson
1141 1807 152 140 i
1202 1807 274 140 huset
1385 1807 183 140 No
1507 1807 183 140 20
1599 1807 213 140 vid
1721 1807 274 140 Östra
1904 1807 427 140 Skansgatan
2239 1807 244 140 samt

537 1913 246 138 Bror
691 1913 308 138 Paulus
906 1913 431 138 Constantin
1245 1913 462 138 Wulffhagen,
1614 1913 246 138 född
1768 1913 215 138 den
1891 1913 185 138 18
1983 1913 246 138 Juni
2137 1913 246 138 1865
2260 1913 154 138 och

537 2032 312 134 boende
755 2032 219 134 hos
880 2032 219 134 sin
1005 2032 281 134 fader
1193 2032 750 134 Bildhuggeriarbetaren
1849 2032 250 134 Jöns
2005 2032 312 134 Paulus
2192 2032 250 134 Wulff¬-

534 2162 288 112 hagen
758 2162 160 112 i
822 2162 288 112 huset
1014 2162 192 112 No
1110 2162 192 112 33
1206 2162 224 112 vid
1302 2162 544 112 Drottninggatan.

679 2276 215 90 Wid
802 2276 215 90 det
925 2276 215 90 med
1048 2276 246 90 Axel
1201 2276 307 90 Conrad
1416 2276 338 90 Larsson
1662 2276 215 90 och
1785 2276 246 90 Bror
1939 2276 307 90 Paulus
2123 2276 307 90 Constan¬-

535 2391 232 98 tin
667 2391 464 98 Wulffhagen
1032 2391 166 98 i
1098 2391 431 98 anledning
1429 2391 298 98 häraf
1628 2391 431 98 anställde
1959 2391 331 98 förhör
2158 2391 232 98 hafva

542 2511 192 76 de
606 2511 384 76 uppgifvit:

509 2612 199 85 1o
608 2612 497 85 Wulffhagen:
1006 2612 232 85 att
1139 2612 265 85 han,
1304 2612 232 85 som
1437 2612 298 85 under
1636 2612 431 85 sistlidne
1967 2612 265 85 höst
2100 2612 298 85 stundom

537 2713 312 96 plägat
755 2713 312 96 besöka
974 2713 624 96 Slöjdföreningens
1505 2713 281 96 Skola
1692 2713 219 96 och
1817 2713 343 96 biträdt
2067 2713 281 96 andre
2223 2713 187 96 yng¬-

541 2828 291 89 lingar
745 2828 204 89 med
861 2828 350 89 ritning,
1123 2828 204 89 den
1240 2828 175 89 18
1327 2828 291 89 sistl.
1531 2828 350 89 Oktober,
1793 2828 175 89 då
1881 2828 204 89 han
1997 2828 204 89 för
2114 2828 291 89 sådant
2288 2828 146 89 än¬-

534 2950 226 80 mål
663 2950 453 80 uppehållit
1019 2950 226 80 sig
1148 2950 162 80 i
1212 2950 356 80 skolan,
1471 2950 226 80 vid
1600 2950 517 80 aflägsnandet
2020 2950 388 80 derifrån
2279 2950 97 80 i

545 3046 373 104 tamburen
825 3046 435 104 tillgripit
1167 3046 373 104 Sjöbergs
1446 3046 622 104 vinteröfverrock,
1975 3046 218 104 som
2099 3046 218 104 han
2192 3046 218 104 samma

560 3154 222 114 dag
687 3154 380 114 pantsatt
972 3154 222 114 för
1099 3154 222 114 Sex
1226 3154 317 114 Kronor
1448 3154 222 114 hos
1574 3154 475 114 Pantlånaren
1955 3154 317 114 Karth;
2176 3154 222 114 att
2272 3154 158 114 han

531 3286 214 104 och
654 3286 244 104 Axel
806 3286 305 104 Konrad
1020 3286 366 104 Larsson,
1294 3286 305 104 hvilka
1508 3286 275 104 begge
1691 3286 214 104 äro
1813 3286 397 104 anställde
2118 3286 214 104 hos
2210 3286 244 104 Litho¬-

519 3402 310 108 grafen
736 3402 186 108 A.
829 3402 372 108 Glitzman
1108 3402 155 108 i
1170 3402 279 108 huset
1356 3402 186 108 No
1449 3402 155 108 3
1512 3402 217 108 vid
1636 3402 496 108 Smedjegatan,
2039 3402 372 108 Tisdagen
2287 3402 155 108 den

528 3524 150 112 9
588 3524 301 112 dennes
799 3524 211 112 kl.
919 3524 211 112 3/4
1040 3524 150 112 7
1100 3524 181 112 på
1190 3524 391 112 morgonen,
1491 3524 181 112 då
1581 3524 181 112 de
1672 3524 301 112 skulle
1882 3524 181 112 gå
1972 3524 241 112 till
2123 3524 241 112 sitt
2243 3524 211 112 arbe¬-

503 3642 261 96 te,
652 3642 372 96 kommit
912 3642 447 96 öfverens
1247 3642 261 96 att
1396 3642 409 96 föröfva
1694 3642 186 96 i
1768 3642 521 96 Målsegaren
2140 3642 298 96 Meyers

2597 219 363 91 Magasin
2861 219 429 91 hvarefter
3190 219 363 91 Larsson
3454 219 231 91 med
3586 219 330 91 handen
3817 219 363 91 uttagit
4080 219 363 91 märlan,
4311 219 231 91 hvar¬-

2615 333 219 103 med
2740 333 406 103 hänglåset
3052 333 219 103 för
3177 333 313 103 dörren
3396 333 219 103 var
3521 333 375 103 fästadt,
3802 333 219 103 att
3927 333 188 103 de
4021 333 469 103 emellertid,
4365 333 125 103 då

2619 447 249 105 icke
2774 447 435 105 tillgripit
3116 447 311 105 något,
3333 447 249 105 utan
3489 447 311 105 väntat
3706 447 311 105 dermed
3924 447 249 105 till
4048 447 466 105 frukostrasten

2626 559 211 107 kl.
2747 559 332 107 emellan
2988 559 211 107 1/2
3109 559 151 107 9
3169 559 211 107 och
3290 559 151 107 9
3351 559 181 107 på
3441 559 272 107 f.m.,
3622 559 181 107 då
3713 559 181 107 de
3803 559 302 107 ingått
4015 559 151 107 i
4075 559 393 107 magasinet
4347 559 151 107 och

2616 663 444 121 tillgripit
2965 663 190 121 en
3061 663 698 121 fruntimmerspaletå,
3663 663 222 121 som
3790 663 444 121 Wulffhagen
4139 663 317 121 genast
4330 663 222 121 pant¬-

2617 767 249 147 satt
2773 767 218 147 för
2897 767 156 147 2
2960 767 312 147 Kronor
3178 767 218 147 hos
3302 767 530 147 Pantlånerskan
3738 767 187 147 J.
3832 767 343 147 Jonsson
4081 767 156 147 i
4143 767 280 147 huset
4330 767 187 147 No
4393 767 93 147 6

2628 881 222 157 vid
2755 881 540 157 Eklundsgatan;
3200 881 222 157 att
3327 881 191 157 de
3422 881 381 157 Fredagen
3708 881 222 157 den
3835 881 191 157 12
3931 881 318 157 dennes
4153 881 191 157 på
4216 881 318 157 enahanda

2611 995 264 165 sätt
2776 995 165 165 i
2842 995 297 165 samma
3041 995 364 165 magasin
3305 995 463 165 tillgripit
3669 995 198 165 en
3768 995 231 165 blå
3867 995 661 165 Fruntimmerspaletå,

2627 1105 358 173 hvilken
2888 1105 456 173 Wulffhagen
3246 1105 293 173 äfven
3442 1105 293 173 samma
3637 1105 228 173 dag
3767 1105 391 173 pantsatt
4061 1105 228 173 för
4191 1105 163 173 2
4223 1105 261 173 Kronor

2624 1223 191 163 50
2720 1223 223 163 öre
2847 1223 223 163 hos
2974 1223 477 163 Pantlånaren
3356 1223 191 163 P.
3452 1223 191 163 J.
3547 1223 318 163 Osberg
3770 1223 159 163 i
3834 1223 286 163 huset
4025 1223 191 163 No
4120 1223 159 163 3
4184 1223 223 163 vid
4279 1223 223 163 Jern¬-

2623 1341 320 179 torget,
2856 1341 233 179 samt
3001 1341 204 179 att
3117 1341 174 179 de
3204 1341 349 179 tisdagen
3466 1341 204 179 den
3582 1341 174 179 16
3670 1341 291 179 dennes
3873 1341 204 179 kl.
3990 1341 320 179 omkring
4222 1341 204 179 1/2
4338 1341 145 179 9
4368 1341 174 179 e.m.

2645 1463 276 179 ånyo
2818 1463 311 179 ämnat
3025 1463 173 179 i
3094 1463 449 179 Magazinet
3440 1463 380 179 föröfva
3716 1463 484 179 tillgrepp,
4096 1463 242 179 men
4234 1463 242 179 att
4338 1463 138 179 de

2652 1590 259 162 icke
2813 1590 323 162 hunnit
3039 1590 259 162 taga
3201 1590 259 162 mera
3363 1590 194 162 än
3460 1590 291 162 några
3653 1590 420 162 cigarrer,
3977 1590 194 162 då
4074 1590 194 162 de
4171 1590 323 162 blefvo
4364 1590 162 162 an¬-

2597 1766 345 80 hållna.

2656 1790 406 165 Larsson:
2961 1790 271 165 lika
3130 1790 237 165 med
3265 1790 474 165 Wolffhagen
3638 1790 169 165 i
3706 1790 271 165 hvad
3875 1790 237 165 det
4010 1790 305 165 honom
4179 1790 339 165 anginge.

2817 1901 198 169 På
2916 1901 298 169 grund
3115 1901 198 169 af
3214 1901 265 169 hvad
3379 1901 364 169 sålunda
3644 1901 496 169 förekommit,
4041 1901 298 169 komma
4239 1901 265 169 Axel
4372 1901 198 169 Kon¬-

2656 1999 221 205 rad
2783 1999 348 205 Larsson
3036 1999 221 205 och
3162 1999 253 205 Bror
3321 1999 316 205 Paulus
3542 1999 411 205 Wolfhagen
3858 1999 221 205 att
3985 1999 285 205 denna
4174 1999 221 205 dag
4301 1999 221 205 för
4396 1999 158 205 PKn

2668 2166 450 139 inställas.
3021 2166 385 139 Göteborg
3310 2166 225 139 den
3438 2166 193 139 18
3535 2166 257 139 Mars
3663 2166 225 139 1880.

4527 2226 284 74 No
4621 2226 237 74 67.

4508 2345 223 65 Carl
4647 2345 251 65 Johan
4787 2345 139 65 Ja¬-

4507 2429 275 61 kobsson.

2783 2245 207 171 Då
2887 2245 587 171 Jernarbetaren
3370 2245 276 171 Carl
3543 2245 311 171 Johan
3750 2245 449 171 Jakobsson
4096 2245 276 171 från
4234 2245 276 171 Kalmar

2658 2357 405 191 Onsdagen
2962 2357 236 191 den
3097 2357 169 191 3
3165 2357 338 191 dennes
3401 2357 236 191 här
3536 2357 405 191 häktades
3840 2357 236 191 för
3975 2357 236 191 det
4110 2357 236 191 han
4246 2357 236 191 den
4347 2357 135 191 24

2660 2469 318 189 sistl.
2883 2469 350 189 Januari
3138 2469 255 189 från
3297 2469 318 189 ogifta
3519 2469 318 189 Lovisa
3742 2469 382 189 Beckman,
4029 2469 318 189 boende
4251 2469 159 189 i
4283 2469 223 189 huset

2657 2579 184 191 No
2749 2579 154 191 7
2811 2579 215 191 vid
2934 2579 399 191 Torggatan
3241 2579 399 191 olofligen
3548 2579 430 191 tillgripit
3886 2579 184 191 en
3978 2579 399 191 pinceniz,
4286 2579 184 191 om
4347 2579 215 191 hvil¬-

2649 2692 248 185 ket
2790 2692 460 185 tillgrepp
3144 2692 248 185 PKn
3285 2692 283 185 till
3462 2692 248 185 RRn
3603 2692 248 185 den
3745 2692 177 185 4
3815 2692 177 185 i
3886 2692 318 185 denna
4098 2692 318 185 månad
4275 2692 283 185 öfver¬-

2636 2799 340 186 lemnat
2874 2799 238 186 den
3010 2799 340 186 vidare
3248 2799 578 186 ransakningen,
3724 2799 408 186 innehade
4030 2799 442 186 Jakobsson
4336 2799 238 186 bland

2668 2907 304 184 annat
2871 2907 236 184 ett
3006 2907 472 184 cylinderur
3377 2907 202 184 af
3478 2907 371 184 silfver
3748 2907 236 184 med
3883 2907 506 184 vidhängande
4254 2907 236 184 kedja

2660 3022 238 180 och
2796 3022 204 180 en
2898 3022 340 180 kikare
3136 3022 204 180 af
3238 3022 408 180 messing,
3544 3022 340 180 hvilka
3782 3022 306 180 saker
3986 3022 238 180 han
4122 3022 340 180 uppgaf
4326 3022 204 180 vara

2665 3208 234 101 sin
2765 3208 501 101 tillhörighet.

2769 3228 283 175 Sedan
2957 3228 157 175 i
3020 3228 251 175 P.U.
3177 3228 220 175 för
3302 3228 220 175 den
3428 3228 157 175 9
3491 3228 314 175 dennes
3710 3228 188 175 B.
3805 3228 188 175 p.
3899 3228 157 175 3
3962 3228 440 175 meddelats,
4307 3228 220 175 att
4401 3228 157 175 Ja¬-

2648 3351 352 166 kobsson
2904 3351 352 166 blifvit
3159 3351 416 166 härstädes
3479 3351 320 166 häktad
3703 3351 224 166 och
3831 3351 320 166 dervid
4055 3351 384 166 innehaft
4310 3351 256 166 ofvan¬-

2647 3453 341 160 berörde
2895 3453 403 160 effekter,
3205 3453 217 160 har
3329 3453 527 160 Stadsfiskalen
3763 3453 186 160 G.
3856 3453 186 160 F.
3949 3453 186 160 W.
4042 3453 372 160 Ringblom
4321 3453 155 160 i
4352 3453 186 160 Fal¬-

2670 3556 315 158 köping
2891 3556 158 158 i
2954 3556 347 158 bilagde
3206 3556 441 158 skrifvelse
3553 3556 189 158 af
3648 3556 221 158 den
3774 3556 189 158 14
3868 3556 315 158 dennes
4089 3556 410 158 meddelat,
4372 3556 158 158 att

2670 3680 228 132 ett
2800 3680 195 132 ur
2897 3680 228 132 och
3027 3680 195 132 en
3125 3680 325 132 kikare
3352 3680 163 132 i
3417 3680 325 132 början
3645 3680 195 132 af
3742 3680 293 132 denna
3937 3680 293 132 månad
4100 3680 423 132 tillgripits
