5103 4056
645 164 405 93 Oskar
915 164 405 93 sagde
1185 164 315 93 dag
1365 164 270 93 på
1500 164 495 93 aftonen
1814 164 630 93 öfverenskom¬-

604 277 333 107 mit
795 277 619 107 tillgripa
1271 277 523 107 bomull,
1651 277 333 107 att
1841 277 285 107 de
1984 277 333 107 för
2127 277 333 107 detta

618 387 549 108 ändamål
1017 387 599 108 begifvit
1466 387 349 108 sig
1666 387 399 108 till
1915 387 449 108 kajen
2165 387 249 108 vid

596 518 365 105 Nya
804 518 730 105 Packhuset,
1326 518 261 105 der

1541 488 142 56 de

1625 511 348 86 ur
1799 511 581 86 balar,
2148 511 290 86 som

610 611 551 136 blifvit
1010 611 651 136 utlossade
1511 611 400 136 från
1711 611 651 136 ångfartyget

580 735 503 134 "Rollo"
946 735 640 134 tillgripit
1449 735 503 134 bomull,
1814 735 320 134 som
1997 735 274 134 de
2089 735 411 134 stoppat

597 855 275 128 i
707 855 330 128 en
872 855 330 128 af
1037 855 495 128 Oskar
1367 855 605 128 medförd
1807 855 495 128 säck;
2082 855 330 128 samt

581 981 360 136 att
786 981 309 136 då
941 981 309 136 de
1095 981 617 136 derefter
1558 981 514 136 skulle
1918 981 463 136 ämnat
2175 981 257 136 be¬-

592 1109 432 130 gifva
880 1109 336 130 sig
1072 1109 432 130 bort,
1361 1109 336 130 han
1553 1109 529 130 blifvit
1937 1109 288 130 af
2034 1109 384 130 Polis¬-

593 1229 719 132 konstapeln
1157 1229 513 132 Hagman
1517 1229 667 132 anhållen,
1979 1229 513 132 hvaremot

579 1351 517 130 Oskar
923 1351 632 130 lyckats
1326 1351 632 130 undkomma.

601 1461 269 158 Of
736 1461 628 158 Omförmälde
1229 1461 942 158 stufveriarbetaren
2037 1461 404 158 Oskar
2262 1461 224 158 har

583 1561 468 168 blifvit
924 1561 595 168 eftersökt,
1391 1561 298 168 men
1561 1561 255 168 ej
1689 1561 425 168 kunnat
1944 1561 510 168 anträffas.

565 1709 864 162 Handelsfirman
1277 1709 254 162 L
1379 1709 254 162 &
1480 1709 305 162 R.
1633 1709 559 162 Philip,
2039 1709 356 162 som
2192 1709 254 162 har

595 1817 377 158 sitt
831 1817 472 158 kontor
1161 1817 236 158 i
1255 1817 424 158 huset
1538 1817 283 158 No
1679 1817 236 158 4
1774 1817 330 158 vid
1915 1817 519 158 Magasins¬-

594 1939 654 151 qvarteret
1097 1939 352 151 har
1298 1939 503 151 anmält
1650 1939 352 151 sig
1851 1939 453 151 såsom
2102 1939 352 151 egare

607 2090 362 117 till
788 2090 497 117 bomullen,

589 2189 403 132 under
858 2189 493 132 uppgift
1217 2189 314 132 att
1351 2189 448 132 densamma

1284 2046 354 123 som
1487 2046 405 123 vore
1740 2046 405 123 värd
1993 2046 304 123 60
2144 2046 354 123 öre
2296 2046 152 123 ℔

1822 2168 600 100 tillgripits
2262 2168 160 100 ur

582 2282 462 161 firman
905 2282 647 161 tillhöriga
1413 2282 462 161 balar,
1737 2282 323 161 som
1922 2282 416 161 legat
2153 2282 277 161 upp¬-

567 2395 475 152 lagde
884 2395 264 152 å
990 2395 475 152 kajen
1307 2395 370 152 vid
1518 2395 370 152 Nya
1676 2395 634 152 Packhuset.

545 2520 272 151 På
681 2520 408 151 grund
953 2520 272 151 af
1089 2520 363 151 hvad
1316 2520 499 151 sålunda
1679 2520 680 151 förekommit,
2178 2520 272 151 kom¬-

558 2622 322 155 mer
742 2622 414 155 Johan
1018 2622 414 155 Oskar
1294 2622 644 155 Bengtsson,
1800 2622 322 155 att
1984 2622 414 155 denna
2214 2622 230 155 dag

579 2745 351 136 inför
813 2745 273 136 Pkm
969 2745 545 136 inställas.
1397 2745 467 136 Göteborg
1748 2745 273 136 den
1904 2745 195 136 8
1982 2745 351 136 April
2176 2745 273 136 1880.

178 2907 228 92 No
254 2907 190 92 78.

124 3019 270 101 Abraham
295 3019 245 101 Eriksson

608 2847 447 162 Sjömannen
951 2847 344 162 Berndt
1192 2847 378 162 Hansson
1467 2847 275 162 från
1639 2847 275 162 Låka
1811 2847 172 162 i
1880 2847 309 162 Valla
2086 2847 344 162 socken
2292 2847 138 162 på

567 2964 277 161 Tjörn
752 2964 216 161 har
875 2964 216 161 den
999 2964 154 161 8
1060 2964 308 161 dennes
1276 2964 339 161 anmält,
1523 2964 216 161 att
1646 2964 216 161 han
1769 2964 555 161 derförutgångne
2201 2964 185 161 dag,

555 3092 298 159 under
754 3092 232 159 det
886 3092 232 159 han
1018 3092 166 159 i
1085 3092 397 159 sällskap
1383 3092 232 159 med
1515 3092 199 159 en
1614 3092 232 159 för
1747 3092 298 159 honom
1945 3092 298 159 okänd
2111 3092 331 159 mansper¬-

533 3207 219 161 son
658 3207 187 161 på
751 3207 437 161 åtskilliga
1095 3207 344 161 ställen
1345 3207 219 161 här
1470 3207 156 161 i
1532 3207 312 161 staden
1751 3207 344 161 intagit
2001 3207 437 161 förtäring,
2313 3207 125 161 på

533 3323 337 145 obekant
778 3323 245 145 sätt
932 3323 306 145 mistat
1146 3323 153 145 2
1207 3323 153 145 £
1269 3323 184 145 10
1360 3323 214 145 sk.
1483 3323 153 145 i
1544 3323 368 145 engelskt
1820 3323 398 145 guldmynt,
2126 3323 184 145 15
2218 3323 245 145 Kro¬

540 3415 227 155 nor
669 3415 162 155 i
734 3415 357 155 Svenskt
994 3415 259 155 mynt
1156 3415 259 155 samt
1318 3415 227 155 tre
1448 3415 227 155 st.
1577 3415 486 155 Amerikanska
1934 3415 454 155 Sydstaternas

540 3543 333 127 Sedlar,
782 3543 182 127 en
873 3543 152 127 å
934 3543 182 127 10
1025 3543 333 127 Dollars
1267 3543 212 127 och
1388 3543 212 127 två
1509 3543 152 127 å
1570 3543 152 127 5
1631 3543 333 127 Dollars
1843 3543 333 127 hvardera.

652 3643 303 132 Sedan
855 3643 472 132 upplysning
1226 3643 405 132 vunnits,
1529 3643 236 132 att
1664 3643 540 132 arbetskarlen
2069 3643 303 132 Abraham

2717 227 376 81 Eriksson
2999 227 376 81 Onsdagen
3281 227 219 81 den
3406 227 157 81 7
3469 227 313 81 dennes
3688 227 188 81 på
3782 227 251 81 e.m.
3939 227 376 81 innehaft
4221 227 376 81 Engelska
4472 227 94 81 £

2716 321 267 97 jemte
2894 321 178 97 en
2983 321 267 97 sedel
3161 321 148 97 å
3221 321 178 97 10
3310 321 356 97 Dollars,
3577 321 178 97 så
3666 321 208 97 har
3785 321 356 97 Eriksson
4052 321 356 97 Fredagen
4319 321 208 97 den
4438 321 148 97 9
4467 321 119 97 ds

2718 433 325 98 blifvit
2955 433 355 98 anhållen
3221 433 207 98 och
3340 433 325 98 förhörd
3576 433 355 98 angående
3842 433 385 98 åtkomsten
4138 433 177 98 af
4197 433 385 98 ifrågakomne

2717 547 408 96 penningar,
3037 547 320 96 hvarvid
3270 547 204 96 han
3387 547 408 96 uppgifvit,
3707 547 204 96 att
3824 547 233 96 han,
3969 547 204 96 som
4086 547 175 96 är
4173 547 291 96 boende
4377 547 146 96 i
4406 547 204 96 huset

2706 659 180 102 No
2796 659 180 102 24
2886 659 210 102 vid
3007 659 391 102 Skolgatan
3307 659 361 102 Onsdagen
3578 659 210 102 den
3698 659 150 102 7
3758 659 301 102 dennes
3969 659 180 102 på
4059 659 361 102 middagen
4329 659 210 102 vid
4420 659 210 102 Grön¬-

2705 759 430 132 sakstorget
3043 759 522 132 sammanträffat
3473 759 215 132 med
3596 759 184 132 en
3688 759 215 132 för
3811 759 276 132 honom
3996 759 276 132 okänd
4180 759 338 132 sjöman,
4395 759 215 132 hvil¬-

2697 869 217 140 ken
2821 869 310 140 bjudit
3038 869 279 140 honom
3225 869 186 140 på
3318 869 434 140 förtäring;
3659 869 217 140 att
3783 869 434 140 Sjömannen,
4125 869 217 140 som
4249 869 279 140 något
4404 869 186 140 sed¬-

2697 969 249 156 nare
2852 969 187 156 på
2946 969 249 156 e.m.
3101 969 342 156 blifvit
3350 969 311 156 rusig,
3567 969 187 156 då
3661 969 342 156 anmodat
3909 969 373 156 Eriksson
4189 969 218 156 att
4282 969 280 156 förvara

2703 1091 409 156 penningar
3017 1091 220 156 för
3143 1091 283 156 honom
3332 1091 252 156 till
3489 1091 440 156 påföljande
3835 1091 252 156 dag,
3992 1091 189 156 då
4087 1091 189 156 de
4181 1091 315 156 skulle
4370 1091 220 156 träf¬-

2694 1199 226 156 fas
2823 1199 226 156 vid
2952 1199 550 156 Sjömanshuset;
3405 1199 226 156 att
3535 1199 420 156 Sjömannen
3858 1199 388 156 derefter
4149 1199 323 156 lemnat
4343 1199 259 156 Femton

2714 1307 315 146 Kronor
2935 1307 158 146 i
2998 1307 347 146 Svenskt
3250 1307 284 146 mynt,
3439 1307 158 146 2
3502 1307 221 146 1/2
3628 1307 158 146 £
3692 1307 158 146 i
3755 1307 378 146 Engelskt
4038 1307 252 146 mynt
4196 1307 252 146 samt
4353 1307 189 146 en
4416 1307 158 146 se¬-

2708 1411 223 166 del
2836 1411 159 166 å
2899 1411 191 166 10
2995 1411 351 166 Dollar;
3250 1411 223 166 att
3378 1411 383 166 Eriksson
3665 1411 223 166 som
3793 1411 415 166 emottagit
4111 1411 478 166 penningarne
4462 1411 96 166 i

2716 1527 353 168 förvar,
2973 1527 321 168 straxt
3197 1527 289 168 derpå
3390 1527 353 168 skiljts
3647 1527 289 168 ifrån
3840 1527 449 168 Sjömannen;
4193 1527 225 168 att
4321 1527 225 168 han
4417 1527 161 168 på¬-

2701 1633 372 176 följande
2980 1633 217 176 dag
3104 1633 186 176 på
3197 1633 186 176 f.
3290 1633 248 176 midd
3445 1633 372 176 infunnit
3725 1633 217 176 sig
3849 1633 217 176 vid
3973 1633 527 176 Sjömanshuset,
4407 1633 217 176 men

2714 1739 224 184 att
2842 1739 192 184 då
2938 1739 224 184 han
3066 1739 192 184 ej
3162 1739 224 184 der
3290 1739 352 184 träffat
3546 1739 416 184 Sjömannen
3866 1739 224 184 och
3994 1739 320 184 kunnat
4218 1739 256 184 till
4346 1739 224 184 denne

2699 1849 439 186 återställa
3043 1849 502 186 penningarne,
3451 1849 219 186 han
3576 1849 407 186 återvändt
3890 1849 251 186 till
4046 1849 345 186 staden,
4297 1849 219 186 der
4391 1849 157 186 han

2700 1969 516 186 sammanträffat
3124 1969 212 186 med
3246 1969 212 186 sin
3367 1969 303 186 broden
3579 1969 182 186 fe
3670 1969 516 186 Artilleristen
4095 1969 364 186 Johannes
4337 1969 243 186 Eriks¬-

2674 2081 226 192 son
2803 2081 322 192 Hedén,
3028 2081 226 192 för
3157 2081 355 192 hvilken
3415 2081 226 192 han
3544 2081 387 192 omtalat,
3834 2081 226 192 att
3963 2081 226 192 han
4092 2081 258 192 fått
4221 2081 355 192 penningar

2682 2199 204 188 af
2784 2199 204 188 en
2886 2199 341 188 sjöman
3125 2199 239 188 och
3261 2199 273 188 bedt
3432 2199 307 188 vexla
3636 2199 409 188 desamme;
3943 2199 273 188 samt
4113 2199 239 188 att
4249 2199 239 188 han
4352 2199 170 188 för

2682 2305 454 190 penningarne
3045 2305 242 190 köpt
3197 2305 212 190 ett
3318 2305 212 190 par
3439 2305 303 190 pjexor
3651 2305 212 190 för
3772 2305 182 190 10
3863 2305 303 190 Kronor
4075 2305 212 190 och
4166 2305 394 190 förskingrat

2689 2415 466 202 återstoden,
3061 2415 248 202 utom
3217 2415 186 202 19
3310 2415 341 202 Kronor,
3558 2415 310 202 hvilka
3775 2415 217 202 han
3899 2415 217 202 vid
4023 2415 466 202 anhållandet
4365 2415 217 202 inne¬-

2681 2527 245 198 hade
2834 2527 275 198 jemte
3018 2527 184 198 en
3110 2527 275 198 sedel
3293 2527 153 198 å
3354 2527 184 198 10
3446 2527 336 198 Dollar,
3691 2527 336 198 hvilken
3936 2527 336 198 blifvit
4180 2527 428 198 återfunnen
4486 2527 92 198 i

2666 2741 340 89 bostaden.

2794 2734 485 178 Ofvannämnde
3182 2734 324 178 Hedén,
3409 2734 324 178 boende
3635 2734 162 178 i
3700 2734 291 178 huset
3894 2734 194 178 No
3991 2734 162 178 6
4056 2734 227 178 vid
4185 2734 388 178 Nygatan,
4444 2734 162 178 har

2687 2841 427 200 vitsordat
3015 2841 427 200 Erikssons
3343 2841 459 200 berättelse
3704 2841 164 200 i
3770 2841 262 200 hvad
3934 2841 295 200 honom
4098 2841 328 200 anginge.

2811 2957 411 170 Målsegaren
3134 2957 323 170 Hansson
3369 2957 206 170 har
3487 2957 382 170 förnekat,
3780 2957 206 170 att
3898 2957 206 170 han
4016 2957 235 170 till
4163 2957 353 170 Eriksson
4398 2957 176 170 lem¬-

2678 3073 208 164 nat
2797 3073 267 164 några
2975 3073 385 164 penningar
3271 3073 208 164 att
3390 3073 326 164 förvara
3627 3073 237 164 samt
3775 3073 415 164 uppgifvit,
4102 3073 208 164 att
4220 3073 356 164 Eriksson
4457 3073 119 164 ur

2689 3165 353 179 Hanssons
2953 3165 353 179 byxficka
3218 3165 265 179 tagit
3394 3165 206 179 den
3512 3165 470 179 portmonnaie,
3894 3165 265 179 hvari
4070 3165 441 179 penningarne
4394 3165 176 179 för¬-

2692 3285 332 157 varades
2933 3285 211 157 och
3054 3285 272 157 sedan
3235 3285 211 157 han
3356 3285 181 157 ur
3447 3285 483 157 portmonnaien
3839 3285 423 157 tillgripit
4141 3285 423 157 penningarne,

2680 3392 446 147 återlagtnat
3037 3392 475 147 portmonnaien
3423 3392 357 147 tillbaka
3691 3392 149 147 i
3750 3392 416 147 byxfickan,
4077 3392 327 147 hvilket
4285 3392 297 147 Eriksson

2671 3514 289 119 kunnat
2873 3514 260 119 göra,
3047 3514 231 119 enär
3191 3514 318 119 Hansson
3423 3514 202 119 vid
3538 3514 405 119 tillfället
3856 3514 260 119 varit
4030 3514 173 119 af
4116 3514 289 119 starka
4290 3514 260 119 drycker

2652 3632 422 69 öfverlastad.

2715 3664 187 110 19
2808 3664 343 110 Kronor,
3058 3664 312 110 hvilka
3277 3664 374 110 Eriksson
3557 3664 218 110 vid
3682 3664 468 110 anhållandet
4057 3664 406 110 innehade,
4338 3664 218 110 jemte
