4970 4092
495 254 309 146 hafva
701 254 343 146 kastat
941 254 584 146 kaffekopparne
1422 254 240 146 och
1559 254 309 146 faten
1765 254 172 146 i
1834 254 412 146 kanalen,
2109 254 343 146 sprungit

471 343 274 171 bort
642 343 239 171 för
779 343 239 171 att
915 343 308 171 gömma
1120 343 239 171 sig
1257 343 308 171 bland
1462 343 410 171 buskarne
1770 343 239 171 vid
1873 343 581 171 gymnastikhuset,

497 486 217 101 men
621 486 217 101 der
745 486 186 101 af
838 486 186 101 en
931 486 558 101 Poliskonstapel
1396 486 434 101 påträffats
1738 486 217 101 och
1862 486 434 101 anhållits;
2203 486 217 101 att
2296 486 155 101 han

490 573 271 167 dock
659 573 372 167 lyckats
930 573 305 167 slita
1133 573 237 167 sig
1269 573 237 167 lös
1404 573 271 167 från
1574 573 339 167 denne,
1811 573 339 167 dervid
2048 573 237 167 han
2149 573 271 167 kastat

481 683 253 149 från
639 683 221 149 sig
766 683 474 149 Målsegarens
1144 683 316 149 kläder
1365 683 221 149 och
1492 683 284 149 tagit
1681 683 253 149 till
1839 683 379 149 flykten;
2123 683 253 149 samt
2249 683 158 149 att

481 783 227 184 han
610 783 324 184 tappat
837 783 356 184 kaffet,
1096 783 389 184 sockret,
1388 783 551 184 bomullsväfven
1841 783 227 184 och
1938 783 486 184 jernskedarne.

588 891 483 123 Målsegaren,
974 891 226 123 som
1103 891 322 123 lemnat
1329 891 387 123 fullmakt
1619 891 226 123 för
1748 891 548 123 innehafvaren,
2166 891 226 123 hvil¬-

490 997 221 169 ken
617 997 379 169 fullmakt
901 997 316 169 härmed
1122 997 411 169 vidfogas,
1438 997 221 169 har
1564 997 505 169 återbekommit
1975 997 190 169 de
2070 997 190 169 af
2133 997 284 169 Konsta¬-

476 1106 265 171 peln
642 1106 398 171 Lundgren
940 1106 431 171 återfunna
1239 1106 663 171 klädespersedlarne.

647 1190 210 167 På
752 1190 316 167 grund
962 1190 210 167 af
1068 1190 280 167 hvad
1243 1190 386 167 sålunda
1523 1190 526 167 förekommit,
1944 1190 351 167 kommer
2155 1190 245 167 Char¬-

502 1301 228 168 les
633 1301 326 168 Ludvig
861 1301 326 168 Olsson
1090 1301 228 168 att
1220 1301 294 168 denna
1416 1301 228 168 dag
1547 1301 228 168 för
1677 1301 228 168 PKn
1775 1301 392 168 inställas.

839 1397 427 169 Göteborg
1160 1397 249 169 den
1302 1397 214 169 14
1409 1397 320 169 Sept.
1587 1397 249 169 1880.

115 1460 238 180 No
195 1460 238 180 196.

94 1614 223 160 Johan
243 1614 198 160 Emil
342 1614 149 160 Hyl-

54 1726 250 110 lengren.

552 1462 256 233 Sedan
722 1462 483 233 Föreståndaren
1120 1462 199 233 för
1234 1462 256 233 Oskar
1405 1462 341 233 Josefina
1661 1462 427 233 Föreningens
2002 1462 370 233 stiftelse
2258 1462 142 233 för

503 1607 372 206 vanartig
782 1607 341 206 ungdom,
1029 1607 650 206 Åkerbrukskolonien
1587 1607 248 206 Hall
1742 1607 217 206 vid
1866 1607 434 206 Södertelge
2175 1607 217 206 Johan

481 1730 322 180 Robbert
715 1730 146 180 i
774 1730 410 180 skrifvelse
1096 1730 234 180 till
1242 1730 205 180 Pkn
1360 1730 205 180 den
1477 1730 176 180 17
1565 1730 264 180 sist.
1740 1730 322 180 Augusti
1975 1730 205 180 med
2063 1730 322 180 förmälan,

486 1824 200 197 att
601 1824 371 197 ynglingen
886 1824 257 197 Johan
1058 1824 228 197 Emil
1200 1824 428 197 Hyllengren,
1543 1824 200 197 som
1657 1824 257 197 varit
1829 1824 314 197 intagen
2057 1824 143 197 å
2086 1824 314 197 kolonien,

467 1964 374 137 Söndagen
747 1964 218 137 den
872 1964 187 137 15
966 1964 156 137 i
1028 1964 281 137 samma
1215 1964 281 137 månad
1402 1964 374 137 derifrån
1683 1964 281 137 rymt,
1870 1964 374 137 anhållit
2151 1964 218 137 att
2244 1964 156 137 PKn

474 2055 280 124 ville,
670 2055 280 124 derest
866 2055 308 124 bemälde
1090 2055 420 124 Hyllengren,
1426 2055 252 124 hvars
1593 2055 364 124 föräldrar
1873 2055 224 124 vore
2013 2055 280 124 boende
2209 2055 196 124 här
2293 2055 84 124 i

452 2165 320 186 staden,
684 2165 465 186 anträffades,
1062 2165 291 186 häktas
1266 2165 203 186 och
1382 2165 233 186 till
1527 2165 349 186 kolonien
1789 2165 436 186 återsändas,
2138 2165 174 186 så
2196 2165 145 186 har

462 2275 442 175 Hyllengrens
815 2275 295 175 fader,
1021 2275 177 175 fe
1110 2275 501 175 Artilleristen
1522 2275 236 175 Erik
1669 2275 412 175 Hyllengren
1994 2275 206 175 den
2111 2275 177 175 13
2200 2275 177 175 ds
2259 2275 147 175 här

464 2394 375 116 inställt
745 2394 219 116 sin
870 2394 344 116 bemälde
1121 2394 250 116 son;
1277 2394 219 116 och
1402 2394 282 116 sedan
1590 2394 188 116 af
1684 2394 250 116 PKns
1840 2394 501 116 minnesböcker
2216 2394 156 116 in¬-

465 2492 340 125 hemtats,
719 2492 198 125 att
833 2492 255 125 Johan
1002 2492 226 125 Emil
1144 2492 425 125 Hyllengren,
1484 2492 198 125 som
1597 2492 198 125 den
1710 2492 170 125 13
1795 2492 311 125 Oktober
2021 2492 226 125 1873
2135 2492 226 125 anhål¬-

460 2586 221 194 lits
598 2586 193 194 för
709 2586 331 194 olofligt
957 2586 359 194 tillgrepp
1233 2586 165 194 af
1315 2586 165 194 12
1398 2586 303 194 Kronor,
1619 2586 138 194 i
1674 2586 359 194 anledning
1950 2586 248 194 deraf
2088 2586 248 194 afförts

443 2687 229 177 till
586 2687 400 177 härvarande
901 2687 572 177 afsöndringsskola
1387 2687 200 177 och
1501 2687 172 177 år
1587 2687 229 177 1876
1730 2687 343 177 intagits
1987 2687 143 177 å
2016 2687 343 177 Räddnings¬-

455 2822 441 132 institutet
802 2822 189 132 på
897 2822 410 132 Hisingen,
1212 2822 378 132 derifrån
1495 2822 221 132 han
1621 2822 410 132 upprepade
1936 2822 315 132 gånger
2125 2822 221 132 rymt;

448 2931 203 125 att
564 2931 203 125 han
680 2931 203 125 den
797 2931 174 125 23
884 2931 320 125 Januari
1116 2931 232 125 1877
1262 2931 203 125 vid
1378 2931 407 125 härvarande
1698 2931 262 125 Rådh.
1872 2931 232 125 Rätt
2017 2931 262 125 varit
2163 2931 203 125 till¬-

454 3024 248 188 talad
620 3024 193 188 för
730 3024 331 188 olofligt
979 3024 386 188 tillgrepp;
1282 3024 221 188 samt
1420 3024 221 188 att,
1558 3024 248 188 sedan
1724 3024 193 188 Pkn
1834 3024 469 188 föreskrifvit,
2193 3024 138 188 att

431 3112 399 156 Hyllengren
745 3112 285 156 skulle
945 3112 342 156 förvaras
1201 3112 143 156 å
1258 3112 969 156 fattigförsörjningsinsättningen
2113 3112 257 156 härstä¬-

445 3234 232 132 des,
590 3234 203 132 han
706 3234 203 132 den
822 3234 174 132 17
909 3234 232 132 Mars
1053 3234 232 132 1877
1198 3234 377 132 beviljats
1488 3234 377 132 intagning
1778 3234 145 132 å
1836 3234 406 132 förenämnde
2125 3234 261 132 koloni.

571 3338 220 181 Wid
696 3338 220 181 med
822 3338 440 181 Hyllengren
1168 3338 377 181 anstäldt
1451 3338 314 181 förhör
1671 3338 220 181 har
1796 3338 220 181 han
1922 3338 409 181 uppgifvit
2205 3338 157 181 och

443 3454 416 153 förklarat:
770 3454 208 153 att
889 3454 208 153 han
1008 3454 208 153 som
1127 3454 267 153 innan
1305 3454 208 153 han
1424 3454 297 153 intogs
1632 3454 208 153 vid
1751 3454 386 153 kolonien,
2048 3454 238 153 lärt
2167 3454 208 153 smed¬-

420 3553 269 173 yrket
600 3553 209 173 och
719 3553 389 173 derstädes
1018 3553 239 173 fått
1168 3553 449 173 sysselsatta
1527 3553 209 173 sig
1646 3553 209 173 med
1766 3553 508 173 tegelslagning
2155 3553 179 173 samt

424 3690 557 93 mureriarbete,
883 3690 360 93 ansett,
1145 3690 229 93 att
1276 3690 262 93 han,
1440 3690 229 93 som
1571 3690 328 93 numera
1801 3690 328 93 hunnit
2030 3690 197 93 en
2096 3690 229 93 ålder

407 3763 185 165 af
500 3763 247 165 nära
654 3763 185 165 18
746 3763 185 165 år
839 3763 247 165 samt
993 3763 247 165 hade
1147 3763 216 165 god
1270 3763 277 165 helsa
1455 3763 216 165 och
1579 3763 247 165 goda
1733 3763 555 165 kroppskrafter,
2164 3763 216 165 kunde

2545 211 197 161 med
2658 211 197 161 den
2770 211 564 161 yrkesskicklighet
3250 211 197 161 han
3362 211 423 161 förvärfvat,
3701 211 338 161 försörja
3954 211 197 161 sig
4067 211 254 161 sjelf
4236 211 197 161 och
4349 211 141 161 i
4377 211 141 161 an¬-

2550 333 315 191 ledning
2779 333 258 191 deraf
2951 333 200 191 hos
3065 333 486 191 Föreståndaren
3466 333 315 191 Robbert
3695 333 229 191 gång
3838 333 258 191 efter
4010 333 258 191 annan
4181 333 229 191 dels
4296 333 200 191 sjelf

2541 446 246 180 dels
2695 446 277 180 genom
2879 446 246 180 sina
3033 446 400 180 föräldrar
3340 446 369 180 anhållit
3617 446 215 180 att
3740 446 184 180 få
3832 446 277 180 lemna
4017 446 400 180 kolonien,
4293 446 154 180 men

2558 559 319 144 städse
2781 559 383 144 erhållit
3069 559 223 144 ett
3196 559 351 144 nekande
3451 559 287 144 svar;
3643 559 223 144 att
3770 559 191 144 då
3866 559 351 144 härtill
4121 559 351 144 kommit,
4345 559 160 144 att

2549 656 556 182 beskaffenheten
3013 656 185 182 af
3105 656 216 182 den
3229 656 278 182 kost,
3414 656 216 182 som
3538 656 216 182 vid
3662 656 371 182 Kolonien
3940 656 402 182 beståtts,
4249 656 278 182 varit
4403 656 93 182 i

2568 761 227 201 hög
2697 761 259 201 grad
2859 761 259 201 både
3021 761 162 201 i
3086 761 324 201 saknad
3313 761 195 201 af
3411 761 421 201 egentligt
3735 761 519 201 näringsvärde
4156 761 227 201 och
4253 761 195 201 ofta

2556 889 240 197 full
2706 889 180 197 af
2796 889 450 197 orenlighet,
3157 889 210 197 hos
3277 889 420 197 Hyllengren
3607 889 360 197 beslutet
3877 889 210 197 att
3997 889 390 197 olofligen
4268 889 240 197 begif¬-

2572 959 203 226 va
2674 959 237 226 sig
2809 959 271 226 bort
2979 959 271 226 från
3148 959 440 226 kolonien,
3487 959 271 226 allt
3656 959 237 226 mer
3792 959 237 226 och
3927 959 237 226 mer
4063 959 339 226 mognat
4266 959 203 226 till

2568 1107 256 176 dess
2728 1107 224 176 han
2856 1107 416 176 slutligen
3176 1107 384 176 söndagen
3464 1107 224 176 den
3592 1107 192 176 15
3688 1107 256 176 Aug.
3848 1107 192 176 på
3944 1107 256 176 e.m.
4104 1107 160 176 i
4136 1107 320 176 sällskap

2571 1216 237 200 med
2707 1216 237 200 tre
2842 1216 305 200 andra
3046 1216 441 200 ynglingar
3385 1216 407 200 derifrån
3690 1216 305 200 rymt,
3894 1216 373 200 hvarvid
4165 1216 237 200 han
4267 1216 237 200 tagit

2572 1350 270 206 vägen
2752 1350 270 206 först
2932 1350 240 206 till
3082 1350 420 206 Stockholm,
3412 1350 210 206 der
3532 1350 210 206 han
3652 1350 420 206 uppehållit
3982 1350 210 206 sig
4102 1350 150 206 i
4192 1350 150 206 6
4222 1350 240 206 dagar,

2571 1445 203 171 och
2687 1445 348 171 derefter
2948 1445 261 171 öfver
3122 1445 406 171 Södertelge
3441 1445 319 171 vandrat
3673 1445 232 171 till
3818 1445 377 171 Nyköping,
4079 1445 377 171 Norrköping,

2556 1566 436 184 Finspong,
2892 1566 403 184 Halsberg
3194 1566 235 184 och
3328 1566 470 184 Askersund,
3698 1566 268 184 från
3865 1566 369 184 hvilken
4100 1566 403 184 sistnämnde

2558 1683 241 181 stad
2708 1683 211 181 han
2829 1683 361 181 begifvit
3100 1683 211 181 sig
3220 1683 241 181 till
3370 1683 542 181 Christinehamn;
3822 1683 211 181 att
3942 1683 271 181 sedan
4123 1683 211 181 han
4213 1683 301 181 derifrån

2571 1786 398 168 återvändt
2877 1786 245 168 till
3030 1786 428 168 Askersund,
3367 1786 214 168 han
3489 1786 367 168 alltjemt
3764 1786 245 168 till
3917 1786 245 168 fots
4070 1786 336 168 färdats
4284 1786 184 168 till

2562 1914 331 175 Sköfde,
2803 1914 422 175 Falköping,
3134 1914 361 175 Alingsås
3405 1914 211 175 och
3525 1914 361 175 Lördagen
3796 1914 211 175 den
3917 1914 181 175 11
4007 1914 181 175 ds
4097 1914 241 175 sent
4248 1914 181 175 på
4308 1914 211 175 afto¬-

2577 2008 236 202 nen
2712 2008 371 202 anländt
2982 2008 236 202 hit
3117 2008 270 202 till
3286 2008 371 202 staden,
3556 2008 203 202 då
3658 2008 270 202 han,
3826 2008 236 202 som
3961 2008 236 202 vid
4063 2008 371 202 rymningen

2576 2138 254 169 icke
2735 2138 381 169 innehaft
3020 2138 285 169 några
3211 2138 444 169 penningar,
3560 2138 254 169 utan
3718 2138 285 169 under
3908 2138 254 169 hela
4067 2138 285 169 vägen
4226 2138 285 169 bettlat

2551 2240 218 221 sig
2675 2240 280 221 fram,
2862 2240 373 221 befunnit
3141 2240 218 221 sig
3266 2240 155 221 i
3328 2240 435 221 utblottadt
3670 2240 435 221 tillstånd;
4012 2240 218 221 att
4105 2240 373 221 Hyllengren

2569 2347 230 194 vid
2701 2347 230 194 sin
2832 2347 361 194 ankomst
3095 2347 263 194 till
3259 2347 394 194 kolonien
3554 2347 394 194 innehaft
3850 2347 394 194 följande
4146 2347 230 194 nya
4244 2347 230 194 eller

2576 2430 289 206 nästan
2779 2430 203 206 nya
2894 2430 579 206 klädespersedlar,
3386 2430 347 206 nemligen
3647 2430 174 206 en
3734 2430 405 206 stortröja,
4052 2430 232 206 värd
4197 2430 174 206 17
4254 2430 232 206 Kronor

2574 2558 167 184 en
2658 2558 251 184 svart
2825 2558 335 184 bonjour,
3077 2558 223 184 värd
3216 2558 140 184 5
3272 2558 307 184 Kronor,
3495 2558 251 184 byxor
3663 2558 195 184 och
3774 2558 251 184 väst,
3942 2558 251 184 värde
4109 2558 167 184 14
4193 2558 279 184 Kronor
4361 2558 167 184 samt

2580 2668 363 190 dessutom
2852 2668 424 190 åtskillige
3185 2668 424 190 linneplagg
3518 2668 272 190 jemte
3699 2668 212 190 ett
3820 2668 212 190 par
3941 2668 333 190 skodon;
4183 2668 212 190 att
4274 2668 212 190 samt¬-

2559 2775 249 202 lige
2715 2775 280 202 dessa
2901 2775 405 202 persedlar
3213 2775 249 202 ännu
3368 2775 280 202 borde
3555 2775 311 202 finnas
3773 2775 249 202 qvar
3929 2775 156 202 å
3991 2775 405 202 Kolonien,
4271 2775 218 202 ehuru

2586 2864 441 213 Hyllengren
2932 2864 315 213 trodde
3152 2864 220 213 att
3278 2864 189 213 de
3372 2864 346 213 blifvit
3624 2864 409 213 försålde,
3939 2864 252 213 samt
4096 2864 220 213 att
4222 2864 220 213 han
4317 2864 157 213 vid

2564 2974 386 244 rymningen
2861 2974 237 244 haft
3009 2974 356 244 besparad
3277 2974 564 244 arbetsförtjenst
3751 2974 237 244 till
3900 2974 297 244 belopp
4108 2974 178 244 af
4197 2974 178 244 21
4256 2974 267 244 Kronor.

2547 3107 223 195 Och
2675 3107 223 195 har
2802 3107 447 195 Hyllengren
3153 3107 415 195 anhållit,
3472 3107 223 195 att
3600 3107 223 195 det
3727 3107 287 195 måtte
3919 3107 383 195 tillåtas
4206 3107 287 195 honom
4365 3107 160 195 an¬-

2579 3205 291 207 tingen
2783 3205 204 207 att
2899 3205 233 207 fara
3044 3205 233 207 till
3190 3205 233 207 sjös
3335 3205 262 207 eller
3510 3205 291 207 vistas
3714 3205 204 207 här
3830 3205 145 207 i
3888 3205 320 207 staden,
4121 3205 204 207 der
4237 3205 204 207 han
4324 3205 175 207 sagt

2573 3329 197 202 sig
2685 3329 253 202 vilja
2854 3329 169 202 på
2939 3329 281 202 ärligt
3136 3329 225 202 sätt
3277 3329 197 202 sig
3389 3329 366 202 försörja,
3671 3329 141 202 i
3727 3329 310 202 hvilken
3952 3329 310 202 begäran
4149 3329 366 202 Hyllengrens

2570 3449 379 173 föräldrar
2861 3449 204 173 sig
2949 3449 291 173 förenat.

2623 3546 312 177 Öfver
2831 3546 277 177 hvad
3004 3546 381 177 sålunda
3281 3546 519 177 förekommit,
3697 3546 346 177 skulle
3939 3546 381 177 rapport
4216 3546 277 177 till
4355 3546 173 177 PKn

2581 3666 395 225 afgifvas;
2884 3666 213 225 och
3006 3666 304 225 kommer
3218 3666 273 225 Johan
3400 3666 243 225 Emil
3552 3666 425 225 Hyllengren
3886 3666 213 225 att
4008 3666 273 225 denna
4190 3666 213 225 dag
4311 3666 213 225 för
4402 3666 152 225 Pkn

2580 3764 472 208 inställas.
2951 3764 404 208 Göteborg
3254 3764 236 208 den
3389 3764 202 208 15
3490 3764 438 208 September
3793 3764 236 208 1880.
