4968 4069
506 207 244 208 att
646 207 349 208 sofva;
890 207 244 208 att
1029 207 488 208 Målsegaren
1413 207 349 208 genast
1657 207 419 208 derefter
1971 207 349 208 kommit
2181 207 209 208 fram

495 326 262 215 till
659 326 393 215 skansen,
953 326 294 215 hvars
1150 326 262 215 dörr
1313 326 229 215 han
1444 326 360 215 stängt,
1706 326 229 215 och
1837 326 491 215 öfverlemnat
2197 326 196 215 Hel¬-

504 466 324 204 gesson
730 466 259 204 till
892 466 616 204 Poliskonstapeln
1379 466 356 204 Eliasson.

661 583 330 171 Sedan
882 583 514 171 upplysning
1285 583 441 171 vunnits,
1616 583 257 171 att
1763 583 257 171 den
1909 583 294 171 från
2056 583 294 171 Olsson

480 676 464 219 tillgripne
844 676 629 219 fårskinnsvästen
1374 676 199 219 af
1473 676 430 219 Helgesson
1804 676 397 219 försålts
2102 676 232 219 för
2202 676 132 219 En

505 781 295 209 Krona
702 781 197 209 50
800 781 230 209 öre
932 781 262 209 till
1096 781 689 209 Jernvägsarbetaren
1686 781 262 209 Aron
1850 781 328 209 Olsson
2080 781 164 209 å
2113 781 262 209 torpet

483 945 454 206 Torensborg
839 945 292 206 under
1034 945 422 206 Lerjeholm
1359 945 162 206 i
1424 945 389 206 Angereds
1716 945 324 206 Socken
1943 945 260 206 samt
2073 945 324 206 Nilssons

487 1075 397 185 stortröja
793 1075 459 185 återfunnits
1160 1075 367 185 pantsatt
1435 1075 214 185 den
1558 1075 183 185 24
1649 1075 306 185 dennes
1863 1075 214 185 för
1986 1075 153 185 5
2047 1075 306 185 Kronor
2230 1075 153 185 hos

489 1178 567 199 Pantlånerskan
955 1178 367 199 Johanna
1222 1178 367 199 Nilsson
1489 1178 167 199 i
1556 1178 300 199 huset
1756 1178 200 199 No
1856 1178 200 199 29
1956 1178 233 199 vid
2056 1178 333 199 Stampgtn

486 1292 365 187 hvilken
751 1292 398 187 upplyst,
1049 1292 232 187 att
1182 1292 398 187 densamma
1480 1292 365 187 blifvit
1745 1292 199 187 af
1845 1292 431 187 Helgesson
2143 1292 232 187 pant¬-

488 1398 290 231 satt;
681 1398 194 231 så
778 1398 226 231 har
907 1398 452 231 Helgesson,
1262 1398 290 231 härom
1456 1398 290 231 hörd,
1649 1398 387 231 förnekat
1940 1398 226 231 all
2037 1398 290 231 vetskap

497 1500 192 217 om
593 1500 192 217 de
689 1500 256 217 från
849 1500 320 217 Alfred
1073 1500 320 217 Olsson
1297 1500 224 217 och
1425 1500 256 217 Carl
1586 1500 352 217 Nilsson
1842 1500 416 217 föröfvade
2130 1500 224 217 till¬-

506 1612 367 218 greppen
772 1612 300 218 samt,
973 1612 367 218 rörande
1239 1612 233 218 sin
1373 1612 367 218 åtkomst
1640 1612 267 218 till
1806 1612 233 218 den
1940 1612 334 218 förres
2140 1612 200 218 får¬-

492 1749 411 190 skinnsväst
814 1749 205 190 och
932 1749 205 190 den
1049 1749 352 190 sednares
1313 1749 411 190 stortröja,
1636 1749 382 190 uppgifvit
1930 1749 205 190 och
2018 1749 352 190 förklarat:

491 1842 232 212 att
623 1842 232 212 han
756 1842 398 212 Lördagen
1054 1842 232 212 den
1187 1842 199 212 20
1286 1842 331 212 dennes
1518 1842 199 212 af
1618 1842 199 212 en
1717 1842 298 212 okänd
1883 1842 431 212 mansperson,

497 1953 228 216 som
628 1953 228 216 han
758 1953 359 216 träffat
1019 1953 163 216 å
1085 1953 294 216 vägen
1280 1953 228 216 vid
1411 1953 522 216 Gamlestaden,
1835 1953 228 216 för
1966 1953 163 216 2
2031 1953 326 216 Kronor
2227 1953 131 216 50

484 2071 219 243 öre
609 2071 250 243 köpt
765 2071 625 243 fårskinnsvästen,
1297 2071 219 243 som
1422 2071 219 243 han
1547 2071 469 243 derpåföljde
1922 2071 219 243 dag
2047 2071 250 243 åter
2172 2071 188 243 för¬-

482 2216 246 167 sålt
636 2216 215 167 för
759 2216 184 167 En
851 2216 276 167 Krona
1035 2216 184 167 50
1127 2216 215 167 öre
1250 2216 246 167 till
1403 2216 645 167 Jernvägsarbetaren
1956 2216 246 167 Aron
2079 2216 276 167 Olsson;

488 2316 260 187 samt
651 2316 228 187 att
781 2316 228 187 han
911 2316 228 187 den
1041 2316 195 187 24
1139 2316 325 187 dennes
1366 2316 195 187 af
1464 2316 195 187 en
1561 2316 423 187 likaledes
1886 2316 293 187 okänd
2049 2316 325 187 mansper¬-

464 2446 272 184 son,
634 2446 238 184 som
770 2446 238 184 han
907 2446 375 184 träffat
1179 2446 170 184 å
1247 2446 613 184 Magasinsgatan,
1758 2446 238 184 för
1894 2446 170 184 4
1962 2446 341 184 Kronor
2167 2446 204 184 köpt

470 2567 402 191 Nilssons
771 2567 469 191 stortröja,
1140 2567 369 191 hvilken
1408 2567 235 191 han
1542 2567 302 191 samma
1743 2567 235 191 dag
1877 2567 402 191 pantsatt
2145 2567 168 191 för

470 2652 232 230 Fem
602 2652 331 230 Kronor
834 2652 232 230 hos
966 2652 562 230 Pantlånerskan
1429 2652 397 230 Nilsson,
1727 2652 430 230 hvarefter
2024 2652 298 230 Helges¬-

481 2801 235 214 son
616 2801 235 214 för
750 2801 202 214 En
851 2801 303 214 Krona
1053 2801 202 214 50
1154 2801 235 214 öre
1288 2801 269 214 till
1456 2801 471 214 Hemmasonen
1826 2801 269 214 Nils
1960 2801 370 214 Petersson

475 2910 281 201 från
651 2910 352 201 gården
897 2910 422 201 Fjärhult
1213 2910 176 201 i
1284 2910 492 201 Starrkärrs
1671 2910 352 201 socken
1917 2910 387 201 försålt
2163 2910 176 201 den

471 3026 195 176 å
549 3026 547 176 stortröjan
979 3026 508 176 utfärdade
1330 3026 508 176 pantsedeln.

616 3147 239 168 På
736 3147 359 168 grund
975 3147 239 168 af
1095 3147 319 168 hvad
1294 3147 439 168 sålunda
1613 3147 598 168 förekommit,
2052 3147 319 168 kommer

473 3242 300 230 Olof
660 3242 487 230 Helgesson
1035 3242 262 230 att
1185 3242 337 230 denna
1410 3242 262 230 dag
1560 3242 262 230 för
1710 3242 262 230 PKn
1822 3242 450 230 inställas.

844 3362 448 194 Göteborg
1180 3362 262 194 den
1329 3362 224 194 29
1442 3362 448 194 November
1740 3362 262 194 1880.

95 3484 274 130 No
187 3484 274 130 252.

51 3597 244 157 Olaus
187 3597 298 157 Johansson

0 3685 265 180 m.fl.

569 3445 446 206 Följande
904 3445 446 206 personer
1238 3445 335 206 hafva
1424 3445 335 206 anmält:

474 3570 209 186 1o
579 3570 487 186 Handlanden
962 3570 209 186 C.
1066 3570 209 186 L.
1170 3570 453 186 Berggren,
1518 3570 244 186 som
1658 3570 244 186 har
1797 3570 348 186 kontor
2041 3570 174 186 i
2075 3570 244 186 huset

487 3680 225 190 No
599 3680 187 190 3
674 3680 262 190 vid
824 3680 637 190 Magasinsgatan
1349 3680 262 190 den
1499 3680 225 190 23
1611 3680 412 190 Januari
1874 3680 487 190 innevarande

2599 169 225 222 år,
2728 169 225 222 att
2856 169 225 222 han
2985 169 225 222 vid
3114 169 290 222 något
3307 169 419 222 tillfälle
3629 169 290 222 sedan
3822 169 193 222 14
3919 169 290 222 dagar
4080 169 354 222 derförin¬-

2610 313 235 232 nan
2745 313 302 232 genom
2946 313 402 232 olofligt
3247 313 436 232 tillgrepp
3583 313 335 232 mistat
3817 313 201 232 10
3918 313 235 232 st.
4052 313 168 232 å
4119 313 302 232 kajen
4286 313 168 232 vid

2600 432 301 218 Lille
2800 432 301 218 Bomen
3001 432 401 218 upplagde
3302 432 368 218 säckar,
3569 432 535 218 innehållande
4004 432 368 218 omkring
4271 432 201 218 23
4338 432 167 218 Ctr

2608 571 318 217 hafre,
2831 571 254 217 värd
2990 571 159 217 4
3054 571 318 217 Kronor
3276 571 191 217 50
3372 571 223 217 öre
3499 571 223 217 per
3626 571 382 217 centner,
3912 571 318 217 hvilka
4135 571 318 217 säckar
4326 571 159 217 va¬-

2603 702 218 186 rit
2727 702 311 186 märkte
2945 702 218 186 med
3069 702 280 186 orden
3256 702 311 186 "Lilla
3473 702 311 186 Edet";
3660 702 155 186 och

2591 810 196 186 2o
2689 810 653 186 Snickaremästaren
3244 810 196 186 E.
3342 810 392 186 Glasell,
3636 810 327 186 boende
3865 810 163 186 i
3930 810 294 186 huset
4126 810 196 186 No
4224 810 163 186 1
4257 810 163 186 vid

2617 934 315 161 Östra
2827 934 385 161 Nygatan
3107 934 175 161 å
3177 934 630 161 Restauratricen
3701 934 175 161 å
3771 934 385 161 Ångaren
4051 934 315 161 Sofia
4226 934 280 161 Lovisa

2621 1027 439 269 Jakobssons
2966 1027 345 269 vägnar,
3217 1027 220 269 den
3342 1027 188 269 15
3436 1027 282 269 sist.
3624 1027 282 269 Juli,
3812 1027 220 269 att
3938 1027 376 269 Fredagen
4220 1027 220 269 den
4346 1027 157 269 2
4377 1027 94 269 i

2601 1151 333 249 samma
2823 1151 370 249 månad,
3082 1151 222 249 då
3193 1151 407 249 Ångaren
3489 1151 333 249 legat
3712 1151 407 249 förtöjd
4008 1151 259 249 vid
4119 1151 370 249 Barlast¬-

2618 1247 306 279 kajen
2822 1247 272 279 från
2992 1247 238 279 bef
3127 1247 374 279 bemälda
3399 1247 340 279 Lovisa
3637 1247 442 279 Jakobsson
3977 1247 442 279 olofligen
4282 1247 238 279 till¬-

2652 1405 384 231 gripits
2931 1405 244 231 ett
3071 1405 628 231 damecylinderur
3594 1405 209 231 af
3699 1405 314 231 guld,
3908 1405 244 231 som
4047 1405 314 231 hängt
4257 1405 209 231 på
4326 1405 140 231 en

2639 1538 258 253 vägg
2800 1538 162 253 i
2865 1538 194 253 en
2962 1538 258 253 hytt
3123 1538 162 253 i
3156 1538 355 253 fartyget.

2790 1615 817 240 Detektivkonstaplarne
3505 1615 204 240 C.
3607 1615 204 240 G.
3709 1615 340 240 Andrén
3947 1615 238 240 och
4084 1615 306 240 Peter
4254 1615 238 240 Lind¬-

2637 1761 301 237 gren
2826 1761 339 237 hafva
3051 1761 452 237 Lördagen
3390 1761 263 237 den
3541 1761 226 237 20
3654 1761 376 237 dennes
3917 1761 188 237 å
3992 1761 339 237 Breda
4181 1761 263 237 vägen

2637 1846 410 249 anhållit
2944 1846 308 249 förre
3150 1846 444 249 Båtkarlen
3491 1846 308 249 Olaus
3697 1846 479 249 Johansson,
4073 1846 342 249 boende
4312 1846 171 249 i
4346 1846 171 249 hu¬-

2654 1965 239 235 set
2790 1965 204 235 No
2892 1965 204 235 42
2995 1965 204 235 af
3097 1965 409 235 Majornas
3404 1965 239 235 5te
3540 1965 273 235 rote
3710 1965 239 235 och
3847 1965 545 235 arbetskarlen
4255 1965 239 235 Johan

2648 2075 367 276 Hagman,
2914 2075 333 276 boende
3148 2075 167 276 i
3215 2075 300 276 huset
3415 2075 200 276 No
3515 2075 200 276 12
3615 2075 233 276 vid
3748 2075 500 276 Husargatan,
4148 2075 233 276 för
4282 2075 233 276 det
4382 2075 133 276 de

2638 2182 330 267 under
2859 2182 514 267 misstänkta
3263 2182 661 267 omständigheter
3813 2182 477 267 derstädes
4144 2182 367 267 innehaft

2642 2287 251 280 fem
2786 2287 359 280 säckar
3037 2287 251 280 med
3181 2287 359 280 hafre;
3432 2287 251 280 och
3576 2287 323 280 hafva
3791 2287 395 280 bemälde
4043 2287 395 280 Johansson

2639 2380 240 314 och
2776 2380 343 314 Hagman
3016 2380 240 314 vid
3154 2380 343 314 förhör
3394 2380 412 314 vidgått,
3703 2380 240 314 att
3840 2380 206 314 de
3943 2380 309 314 under
4115 2380 412 314 nästförut¬-

2645 2528 341 272 gångna
2884 2528 273 272 natt
3054 2528 443 272 olofligen
3395 2528 477 272 tillgripit
3770 2528 375 272 berörda
4043 2528 307 272 parti
4213 2528 239 272 hafre

2642 2654 209 246 ur
2747 2654 278 246 Båt-
2921 2654 244 246 och
3060 2654 731 246 Pråmaktiebolagets
3686 2654 244 246 båt
3826 2654 209 246 No
3930 2654 244 246 17,
4069 2654 209 246 då
4139 2654 313 246 förtöjd

2628 2781 193 221 i
2706 2781 348 221 Stora
2937 2781 579 221 Hamnkanalen
3401 2781 309 221 midt
3594 2781 270 221 för
3710 2781 772 221 Residensbyggnaden.

2781 2907 315 193 Sedan
2991 2907 245 193 vid
3131 2907 524 193 visitation,
3550 2907 245 193 som
3690 2907 175 193 i
3760 2907 454 193 anledning
4109 2907 315 193 häraf
4284 2907 175 193 an¬-

2633 2962 394 282 ställdes
2929 2962 164 282 i
2994 2962 460 282 Johanssons
3355 2962 361 282 bostad,
3618 2962 427 282 derstädes
3946 2962 460 282 påträffats
4274 2962 230 282 bland

2633 3118 349 206 annat,
2878 3118 244 206 som
3017 3118 279 206 icke
3192 3118 384 206 ansetts
3471 3118 279 206 vara
3646 3118 489 206 misstänkt,
4030 3118 244 206 ett
4170 3118 210 206 af
4240 3118 244 206 Pant¬-

2628 3224 387 254 lånaren
2909 3224 211 254 G.
3015 3224 387 254 Bergman
3296 3224 176 254 i
3366 3224 317 254 huset
3578 3224 211 254 No
3683 3224 211 254 37
3789 3224 246 254 vid
3929 3224 317 254 Breda
4140 3224 317 254 Wägen
4316 3224 176 254 den

2624 3387 200 180 21
2724 3387 300 180 sist.
2924 3387 367 180 Augusti
3190 3387 433 180 utfärdadt
3524 3387 500 180 pantqvitto,
3923 3387 533 180 innefattande
4323 3387 167 180 att

2630 3497 385 226 Bergman
2910 3497 315 226 sagde
3120 3497 245 226 dag
3259 3497 315 226 såsom
3469 3497 420 226 säkerhet
3784 3497 245 226 för
3924 3497 245 226 ett
4029 3497 455 226 penningelån

2635 3611 209 206 af
2740 3611 209 206 23
2844 3611 384 206 Kronor,
3123 3611 453 206 emottagit
3472 3611 244 206 ett
3612 3611 384 206 fickur,
3891 3611 244 206 har
4030 3611 349 206 ogifta
4240 3611 209 206 Anna
