<?xml version="1.0" encoding="UTF-8"?>
<alto xmlns:xsi="http://www.w3.org/2001/XMLSchema-instance"
      xmlns="http://www.loc.gov/standards/alto/ns-v4#"
      xmlns:page="http://schema.primaresearch.org/PAGE/gts/pagecontent/2013-07-15"
      xsi:schemaLocation="http://www.loc.gov/standards/alto/ns-v4# https://www.loc.gov/standards/alto/v4/alto.xsd">
   <Description>
      <MeasurementUnit>pixel</MeasurementUnit>
      <OCRProcessing ID="IdOcr">
         <ocrProcessingStep>
            <processingDateTime>2022-11-18T16:09:58.92+01:00</processingDateTime>
            <processingSoftware>
               <softwareCreator>READ COOP</softwareCreator>
               <softwareName>Transkribus</softwareName>
            </processingSoftware>
         </ocrProcessingStep>
      </OCRProcessing>
   </Description>
   <Tags/>
   <Layout>
      <Page ID="Page1" PHYSICAL_IMG_NR="1" HEIGHT="4043" WIDTH="5001">
         <TopMargin HEIGHT="0" WIDTH="5001" VPOS="0" HPOS="0"/>
         <LeftMargin HEIGHT="4043" WIDTH="0" VPOS="0" HPOS="0"/>
         <RightMargin HEIGHT="4043" WIDTH="0" VPOS="0" HPOS="5001"/>
         <BottomMargin HEIGHT="0" WIDTH="5001" VPOS="4043" HPOS="0"/>
         <PrintSpace HEIGHT="4043" WIDTH="5001" VPOS="0" HPOS="0">
            <TextBlock ID="TextRegion_1584793318149_3455"
                       HEIGHT="579"
                       WIDTH="1980"
                       VPOS="228"
                       HPOS="460">
               <Shape>
                  <Polygon POINTS="460,228 2440,228 2440,791 1359,797 460,807"/>
               </Shape>
               <TextLine ID="r2l1"
                         BASELINE="472,280 549,280 626,278 704,278 781,278 859,280 936,280 1013,280 1091,280 1168,282 1246,282 1323,283 1400,284 1478,284 1555,284 1633,284 1710,284 1787,284 1865,284 1942,284 2020,282"
                         HEIGHT="193"
                         WIDTH="1572"
                         VPOS="156"
                         HPOS="460">
                  <String HEIGHT="193"
                          WIDTH="295"
                          VPOS="156"
                          HPOS="427"
                          CONTENT="hade,"/>
                  <SP HEIGHT="193" WIDTH="33" VPOS="156" HPOS="722"/>
                  <String HEIGHT="193"
                          WIDTH="393"
                          VPOS="156"
                          HPOS="624"
                          CONTENT="återfått"/>
                  <SP HEIGHT="193" WIDTH="33" VPOS="156" HPOS="1017"/>
                  <String HEIGHT="193"
                          WIDTH="590"
                          VPOS="156"
                          HPOS="919"
                          CONTENT="köpeskillingen"/>
                  <SP HEIGHT="193" WIDTH="33" VPOS="156" HPOS="1508"/>
                  <String HEIGHT="193"
                          WIDTH="229"
                          VPOS="156"
                          HPOS="1410"
                          CONTENT="Två"/>
                  <SP HEIGHT="193" WIDTH="33" VPOS="156" HPOS="1639"/>
                  <String HEIGHT="193"
                          WIDTH="328"
                          VPOS="156"
                          HPOS="1541"
                          CONTENT="Kronor"/>
                  <SP HEIGHT="193" WIDTH="33" VPOS="156" HPOS="1868"/>
                  <String HEIGHT="193"
                          WIDTH="197"
                          VPOS="156"
                          HPOS="1770"
                          CONTENT="25"/>
                  <SP HEIGHT="193" WIDTH="33" VPOS="156" HPOS="1967"/>
                  <String HEIGHT="193"
                          WIDTH="197"
                          VPOS="156"
                          HPOS="1836"
                          CONTENT="öre."/>
               </TextLine>
               <TextLine ID="r2l2"
                         BASELINE="626,400 716,402 807,402 898,402 988,402 1079,402 1170,402 1260,402 1351,401 1442,400 1533,400 1623,400 1714,398 1805,398 1895,398 1986,400 2077,400 2167,402 2258,404 2349,406 2440,410"
                         HEIGHT="139"
                         WIDTH="1839"
                         VPOS="295"
                         HPOS="614">
                  <String HEIGHT="139" WIDTH="221" VPOS="295" HPOS="577" CONTENT="På"/>
                  <SP HEIGHT="139" WIDTH="37" VPOS="295" HPOS="798"/>
                  <String HEIGHT="139"
                          WIDTH="331"
                          VPOS="295"
                          HPOS="688"
                          CONTENT="grund"/>
                  <SP HEIGHT="139" WIDTH="37" VPOS="295" HPOS="1019"/>
                  <String HEIGHT="139" WIDTH="221" VPOS="295" HPOS="908" CONTENT="af"/>
                  <SP HEIGHT="139" WIDTH="37" VPOS="295" HPOS="1129"/>
                  <String HEIGHT="139"
                          WIDTH="294"
                          VPOS="295"
                          HPOS="1019"
                          CONTENT="hvad"/>
                  <SP HEIGHT="139" WIDTH="37" VPOS="295" HPOS="1313"/>
                  <String HEIGHT="139"
                          WIDTH="405"
                          VPOS="295"
                          HPOS="1202"
                          CONTENT="sålunda"/>
                  <SP HEIGHT="139" WIDTH="37" VPOS="295" HPOS="1607"/>
                  <String HEIGHT="139"
                          WIDTH="552"
                          VPOS="295"
                          HPOS="1497"
                          CONTENT="förekommit,"/>
                  <SP HEIGHT="139" WIDTH="37" VPOS="295" HPOS="2048"/>
                  <String HEIGHT="139"
                          WIDTH="368"
                          VPOS="295"
                          HPOS="1938"
                          CONTENT="kommer"/>
                  <SP HEIGHT="139" WIDTH="37" VPOS="295" HPOS="2306"/>
                  <String HEIGHT="139"
                          WIDTH="294"
                          VPOS="295"
                          HPOS="2159"
                          CONTENT="Gustaf"/>
               </TextLine>
               <TextLine ID="r2l3"
                         BASELINE="476,544 573,542 670,540 767,538 864,536 961,532 1058,529 1155,526 1252,524 1349,522 1447,519 1544,518 1641,516 1738,514 1835,514 1932,514 2029,514 2126,516 2223,518 2320,521 2418,526"
                         HEIGHT="204"
                         WIDTH="1966"
                         VPOS="405"
                         HPOS="464">
                  <String HEIGHT="204"
                          WIDTH="387"
                          VPOS="405"
                          HPOS="432"
                          CONTENT="Jansson,"/>
                  <SP HEIGHT="204" WIDTH="32" VPOS="405" HPOS="819"/>
                  <String HEIGHT="204"
                          WIDTH="226"
                          VPOS="405"
                          HPOS="722"
                          CONTENT="som"/>
                  <SP HEIGHT="204" WIDTH="32" VPOS="405" HPOS="947"/>
                  <String HEIGHT="204" WIDTH="193" VPOS="405" HPOS="851" CONTENT="är"/>
                  <SP HEIGHT="204" WIDTH="32" VPOS="405" HPOS="1044"/>
                  <String HEIGHT="204"
                          WIDTH="322"
                          VPOS="405"
                          HPOS="947"
                          CONTENT="boende"/>
                  <SP HEIGHT="204" WIDTH="32" VPOS="405" HPOS="1270"/>
                  <String HEIGHT="204" WIDTH="161" VPOS="405" HPOS="1173" CONTENT="i"/>
                  <SP HEIGHT="204" WIDTH="32" VPOS="405" HPOS="1334"/>
                  <String HEIGHT="204"
                          WIDTH="290"
                          VPOS="405"
                          HPOS="1238"
                          CONTENT="huset"/>
                  <SP HEIGHT="204" WIDTH="32" VPOS="405" HPOS="1528"/>
                  <String HEIGHT="204"
                          WIDTH="193"
                          VPOS="405"
                          HPOS="1431"
                          CONTENT="No"/>
                  <SP HEIGHT="204" WIDTH="32" VPOS="405" HPOS="1624"/>
                  <String HEIGHT="204"
                          WIDTH="193"
                          VPOS="405"
                          HPOS="1528"
                          CONTENT="20"/>
                  <SP HEIGHT="204" WIDTH="32" VPOS="405" HPOS="1721"/>
                  <String HEIGHT="204"
                          WIDTH="226"
                          VPOS="405"
                          HPOS="1624"
                          CONTENT="vid"/>
                  <SP HEIGHT="204" WIDTH="32" VPOS="405" HPOS="1850"/>
                  <String HEIGHT="204"
                          WIDTH="483"
                          VPOS="405"
                          HPOS="1753"
                          CONTENT="Bergsgatan,"/>
                  <SP HEIGHT="204" WIDTH="32" VPOS="405" HPOS="2237"/>
                  <String HEIGHT="204"
                          WIDTH="226"
                          VPOS="405"
                          HPOS="2140"
                          CONTENT="att"/>
                  <SP HEIGHT="204" WIDTH="32" VPOS="405" HPOS="2366"/>
                  <String HEIGHT="204"
                          WIDTH="193"
                          VPOS="405"
                          HPOS="2237"
                          CONTENT="den¬"
                          SUBS_TYPE="HypPart1"
                          SUBS_CONTENT="denna"/>
                  <HYP CONTENT="-"/>
               </TextLine>
               <TextLine ID="r2l4"
                         BASELINE="460,672 529,668 598,662 667,659 736,656 805,652 874,650 943,648 1012,646 1081,644 1151,644 1220,642 1289,642 1358,642 1427,640 1496,640 1565,640 1634,640 1703,640 1772,640 1842,640"
                         HEIGHT="163"
                         WIDTH="1408"
                         VPOS="541"
                         HPOS="447">
                  <String HEIGHT="163"
                          WIDTH="241"
                          VPOS="541"
                          HPOS="407"
                          CONTENT="na"
                          SUBS_TYPE="HypPart2"
                          SUBS_CONTENT="denna"/>
                  <SP HEIGHT="163" WIDTH="40" VPOS="541" HPOS="648"/>
                  <String HEIGHT="163"
                          WIDTH="282"
                          VPOS="541"
                          HPOS="527"
                          CONTENT="dag"/>
                  <SP HEIGHT="163" WIDTH="40" VPOS="541" HPOS="809"/>
                  <String HEIGHT="163"
                          WIDTH="282"
                          VPOS="541"
                          HPOS="688"
                          CONTENT="för"/>
                  <SP HEIGHT="163" WIDTH="40" VPOS="541" HPOS="970"/>
                  <String HEIGHT="163"
                          WIDTH="684"
                          VPOS="541"
                          HPOS="849"
                          CONTENT="Poliskammaren"/>
                  <SP HEIGHT="163" WIDTH="40" VPOS="541" HPOS="1533"/>
                  <String HEIGHT="163"
                          WIDTH="483"
                          VPOS="541"
                          HPOS="1372"
                          CONTENT="inställas."/>
               </TextLine>
               <TextLine ID="r2l5"
                         BASELINE="674,766 733,766 793,766 852,766 912,765 972,764 1031,762 1091,761 1150,760 1210,758 1270,756 1329,754 1389,752 1448,752 1508,750 1568,750 1627,748 1687,748 1746,750 1806,750 1866,752"
                         HEIGHT="187"
                         WIDTH="1216"
                         VPOS="658"
                         HPOS="662">
                  <String HEIGHT="187"
                          WIDTH="471"
                          VPOS="658"
                          HPOS="623"
                          CONTENT="Göteborg"/>
                  <SP HEIGHT="187" WIDTH="39" VPOS="658" HPOS="1093"/>
                  <String HEIGHT="187"
                          WIDTH="275"
                          VPOS="658"
                          HPOS="976"
                          CONTENT="den"/>
                  <SP HEIGHT="187" WIDTH="39" VPOS="658" HPOS="1250"/>
                  <String HEIGHT="187"
                          WIDTH="235"
                          VPOS="658"
                          HPOS="1133"
                          CONTENT="28"/>
                  <SP HEIGHT="187" WIDTH="39" VPOS="658" HPOS="1368"/>
                  <String HEIGHT="187"
                          WIDTH="510"
                          VPOS="658"
                          HPOS="1250"
                          CONTENT="September"/>
                  <SP HEIGHT="187" WIDTH="39" VPOS="658" HPOS="1760"/>
                  <String HEIGHT="187"
                          WIDTH="275"
                          VPOS="658"
                          HPOS="1603"
                          CONTENT="1880."/>
               </TextLine>
            </TextBlock>
            <TextBlock ID="TextRegion_1584793308193_3446"
                       HEIGHT="199"
                       WIDTH="378"
                       VPOS="826"
                       HPOS="104">
               <Shape>
                  <Polygon POINTS="104,826 482,826 482,1025 104,1025"/>
               </Shape>
               <TextLine ID="r1l1"
                         BASELINE="106,882 131,878 157,876 183,874 209,875 235,876 260,877 286,879 312,880 338,880 364,880 390,880"
                         HEIGHT="160"
                         WIDTH="310"
                         VPOS="748"
                         HPOS="95">
                  <String HEIGHT="160" WIDTH="266" VPOS="748" HPOS="51" CONTENT="No"/>
                  <SP HEIGHT="160" WIDTH="44" VPOS="748" HPOS="316"/>
                  <String HEIGHT="160"
                          WIDTH="266"
                          VPOS="748"
                          HPOS="139"
                          CONTENT="203."/>
               </TextLine>
               <TextLine ID="r1l2"
                         BASELINE="104,988 129,988 154,986 179,985 204,984 230,982 255,982 280,980 305,980 330,978 356,978 381,976 406,976 431,975 456,974 482,974"
                         HEIGHT="151"
                         WIDTH="408"
                         VPOS="883"
                         HPOS="88">
                  <String HEIGHT="151"
                          WIDTH="192"
                          VPOS="883"
                          HPOS="64"
                          CONTENT="Sven"/>
                  <SP HEIGHT="151" WIDTH="24" VPOS="883" HPOS="256"/>
                  <String HEIGHT="151"
                          WIDTH="168"
                          VPOS="883"
                          HPOS="184"
                          CONTENT="Uno"/>
                  <SP HEIGHT="151" WIDTH="24" VPOS="883" HPOS="352"/>
                  <String HEIGHT="151"
                          WIDTH="240"
                          VPOS="883"
                          HPOS="256"
                          CONTENT="Frodlund"/>
               </TextLine>
            </TextBlock>
            <TextBlock ID="TextRegion_1584793318148_3454"
                       HEIGHT="3015"
                       WIDTH="1980"
                       VPOS="791"
                       HPOS="460">
               <Shape>
                  <Polygon POINTS="460,807 1359,797 2440,791 2440,3806 460,3806"/>
               </Shape>
               <TextLine ID="r2l6"
                         BASELINE="584,896 674,892 765,889 855,885 946,882 1036,878 1127,876 1217,872 1308,870 1398,867 1489,864 1579,862 1670,860 1760,860 1851,858 1941,858 2032,858 2122,858 2213,860 2303,860 2394,864"
                         HEIGHT="145"
                         WIDTH="1834"
                         VPOS="764"
                         HPOS="572">
                  <String HEIGHT="145"
                          WIDTH="515"
                          VPOS="764"
                          HPOS="540"
                          CONTENT="Kontrollören"/>
                  <SP HEIGHT="145" WIDTH="32" VPOS="764" HPOS="1055"/>
                  <String HEIGHT="145"
                          WIDTH="225"
                          VPOS="764"
                          HPOS="958"
                          CONTENT="vid"/>
                  <SP HEIGHT="145" WIDTH="32" VPOS="764" HPOS="1183"/>
                  <String HEIGHT="145"
                          WIDTH="483"
                          VPOS="764"
                          HPOS="1087"
                          CONTENT="Postverket,"/>
                  <SP HEIGHT="145" WIDTH="32" VPOS="764" HPOS="1569"/>
                  <String HEIGHT="145"
                          WIDTH="257"
                          VPOS="764"
                          HPOS="1473"
                          CONTENT="Carl"/>
                  <SP HEIGHT="145" WIDTH="32" VPOS="764" HPOS="1730"/>
                  <String HEIGHT="145"
                          WIDTH="418"
                          VPOS="764"
                          HPOS="1634"
                          CONTENT="Carlberg,"/>
                  <SP HEIGHT="145" WIDTH="32" VPOS="764" HPOS="2052"/>
                  <String HEIGHT="145"
                          WIDTH="322"
                          VPOS="764"
                          HPOS="1956"
                          CONTENT="boende"/>
                  <SP HEIGHT="145" WIDTH="32" VPOS="764" HPOS="2277"/>
                  <String HEIGHT="145" WIDTH="161" VPOS="764" HPOS="2181" CONTENT="i"/>
                  <SP HEIGHT="145" WIDTH="32" VPOS="764" HPOS="2342"/>
                  <String HEIGHT="145"
                          WIDTH="193"
                          VPOS="764"
                          HPOS="2213"
                          CONTENT="hur¬"
                          SUBS_TYPE="HypPart1"
                          SUBS_CONTENT="hurset"/>
                  <HYP CONTENT="-"/>
               </TextLine>
               <TextLine ID="r2l7"
                         BASELINE="518,1002 611,998 705,994 799,990 893,988 987,986 1080,984 1174,982 1268,980 1362,980 1456,980 1549,978 1643,978 1737,978 1831,976 1925,976 2018,974 2112,972 2206,970 2300,968 2394,966"
                         HEIGHT="180"
                         WIDTH="1903"
                         VPOS="864"
                         HPOS="505">
                  <String HEIGHT="180"
                          WIDTH="226"
                          VPOS="864"
                          HPOS="473"
                          CONTENT="set"
                          SUBS_TYPE="HypPart2"
                          SUBS_CONTENT="hurset"/>
                  <SP HEIGHT="180" WIDTH="32" VPOS="864" HPOS="699"/>
                  <String HEIGHT="180" WIDTH="194" VPOS="864" HPOS="602" CONTENT="No"/>
                  <SP HEIGHT="180" WIDTH="32" VPOS="864" HPOS="795"/>
                  <String HEIGHT="180" WIDTH="194" VPOS="864" HPOS="699" CONTENT="14"/>
                  <SP HEIGHT="180" WIDTH="32" VPOS="864" HPOS="892"/>
                  <String HEIGHT="180"
                          WIDTH="226"
                          VPOS="864"
                          HPOS="795"
                          CONTENT="vid"/>
                  <SP HEIGHT="180" WIDTH="32" VPOS="864" HPOS="1021"/>
                  <String HEIGHT="180"
                          WIDTH="290"
                          VPOS="864"
                          HPOS="924"
                          CONTENT="Östra"/>
                  <SP HEIGHT="180" WIDTH="32" VPOS="864" HPOS="1215"/>
                  <String HEIGHT="180"
                          WIDTH="419"
                          VPOS="864"
                          HPOS="1118"
                          CONTENT="Larmgatan"/>
                  <SP HEIGHT="180" WIDTH="32" VPOS="864" HPOS="1537"/>
                  <String HEIGHT="180"
                          WIDTH="226"
                          VPOS="864"
                          HPOS="1440"
                          CONTENT="har"/>
                  <SP HEIGHT="180" WIDTH="32" VPOS="864" HPOS="1666"/>
                  <String HEIGHT="180"
                          WIDTH="226"
                          VPOS="864"
                          HPOS="1569"
                          CONTENT="den"/>
                  <SP HEIGHT="180" WIDTH="32" VPOS="864" HPOS="1795"/>
                  <String HEIGHT="180"
                          WIDTH="194"
                          VPOS="864"
                          HPOS="1698"
                          CONTENT="17"/>
                  <SP HEIGHT="180" WIDTH="32" VPOS="864" HPOS="1892"/>
                  <String HEIGHT="180"
                          WIDTH="323"
                          VPOS="864"
                          HPOS="1795"
                          CONTENT="dennes"/>
                  <SP HEIGHT="180" WIDTH="32" VPOS="864" HPOS="2118"/>
                  <String HEIGHT="180"
                          WIDTH="355"
                          VPOS="864"
                          HPOS="2021"
                          CONTENT="anmält,"/>
                  <SP HEIGHT="180" WIDTH="32" VPOS="864" HPOS="2376"/>
                  <String HEIGHT="180"
                          WIDTH="161"
                          VPOS="864"
                          HPOS="2247"
                          CONTENT="att"/>
               </TextLine>
               <TextLine ID="r2l8"
                         BASELINE="496,1122 589,1117 683,1112 777,1108 871,1104 965,1102 1059,1098 1153,1097 1247,1096 1341,1094 1435,1094 1528,1092 1622,1092 1716,1092 1810,1090 1904,1090 1998,1088 2092,1086 2186,1085 2280,1082 2374,1078"
                         HEIGHT="174"
                         WIDTH="1903"
                         VPOS="986"
                         HPOS="483">
                  <String HEIGHT="174"
                          WIDTH="556"
                          VPOS="986"
                          HPOS="454"
                          CONTENT="nästförutgångne"/>
                  <SP HEIGHT="174" WIDTH="29" VPOS="986" HPOS="1010"/>
                  <String HEIGHT="174"
                          WIDTH="234"
                          VPOS="986"
                          HPOS="922"
                          CONTENT="dag,"/>
                  <SP HEIGHT="174" WIDTH="29" VPOS="986" HPOS="1156"/>
                  <String HEIGHT="174"
                          WIDTH="410"
                          VPOS="986"
                          HPOS="1069"
                          CONTENT="Thorsdagen"/>
                  <SP HEIGHT="174" WIDTH="29" VPOS="986" HPOS="1478"/>
                  <String HEIGHT="174"
                          WIDTH="205"
                          VPOS="986"
                          HPOS="1391"
                          CONTENT="den"/>
                  <SP HEIGHT="174" WIDTH="29" VPOS="986" HPOS="1596"/>
                  <String HEIGHT="174"
                          WIDTH="176"
                          VPOS="986"
                          HPOS="1508"
                          CONTENT="16"/>
                  <SP HEIGHT="174" WIDTH="29" VPOS="986" HPOS="1683"/>
                  <String HEIGHT="174"
                          WIDTH="176"
                          VPOS="986"
                          HPOS="1596"
                          CONTENT="ds"/>
                  <SP HEIGHT="174" WIDTH="29" VPOS="986" HPOS="1771"/>
                  <String HEIGHT="174"
                          WIDTH="205"
                          VPOS="986"
                          HPOS="1683"
                          CONTENT="kl."/>
                  <SP HEIGHT="174" WIDTH="29" VPOS="986" HPOS="1888"/>
                  <String HEIGHT="174"
                          WIDTH="322"
                          VPOS="986"
                          HPOS="1800"
                          CONTENT="emellan"/>
                  <SP HEIGHT="174" WIDTH="29" VPOS="986" HPOS="2123"/>
                  <String HEIGHT="174" WIDTH="146" VPOS="986" HPOS="2035" CONTENT="2"/>
                  <SP HEIGHT="174" WIDTH="29" VPOS="986" HPOS="2181"/>
                  <String HEIGHT="174"
                          WIDTH="205"
                          VPOS="986"
                          HPOS="2093"
                          CONTENT="och"/>
                  <SP HEIGHT="174" WIDTH="29" VPOS="986" HPOS="2298"/>
                  <String HEIGHT="174"
                          WIDTH="205"
                          VPOS="986"
                          HPOS="2210"
                          CONTENT="1/2"/>
                  <SP HEIGHT="174" WIDTH="29" VPOS="986" HPOS="2415"/>
                  <String HEIGHT="174" WIDTH="88" VPOS="986" HPOS="2298" CONTENT="6"/>
               </TextLine>
               <TextLine ID="r2l9"
                         BASELINE="496,1240 588,1234 680,1229 772,1224 864,1220 956,1218 1048,1216 1140,1213 1232,1211 1324,1210 1417,1208 1509,1206 1601,1206 1693,1204 1785,1202 1877,1201 1969,1200 2061,1198 2153,1195 2245,1192 2338,1188"
                         HEIGHT="191"
                         WIDTH="1865"
                         VPOS="1103"
                         HPOS="483">
                  <String HEIGHT="191"
                          WIDTH="257"
                          VPOS="1103"
                          HPOS="451"
                          CONTENT="eft."/>
                  <SP HEIGHT="191" WIDTH="32" VPOS="1103" HPOS="708"/>
                  <String HEIGHT="191"
                          WIDTH="289"
                          VPOS="1103"
                          HPOS="612"
                          CONTENT="midd."/>
                  <SP HEIGHT="191" WIDTH="32" VPOS="1103" HPOS="901"/>
                  <String HEIGHT="191"
                          WIDTH="193"
                          VPOS="1103"
                          HPOS="805"
                          CONTENT="på"/>
                  <SP HEIGHT="191" WIDTH="32" VPOS="1103" HPOS="997"/>
                  <String HEIGHT="191"
                          WIDTH="354"
                          VPOS="1103"
                          HPOS="901"
                          CONTENT="obekant"/>
                  <SP HEIGHT="191" WIDTH="32" VPOS="1103" HPOS="1255"/>
                  <String HEIGHT="191"
                          WIDTH="257"
                          VPOS="1103"
                          HPOS="1158"
                          CONTENT="sätt"/>
                  <SP HEIGHT="191" WIDTH="32" VPOS="1103" HPOS="1416"/>
                  <String HEIGHT="191"
                          WIDTH="418"
                          VPOS="1103"
                          HPOS="1319"
                          CONTENT="förkommit"/>
                  <SP HEIGHT="191" WIDTH="32" VPOS="1103" HPOS="1737"/>
                  <String HEIGHT="191"
                          WIDTH="225"
                          VPOS="1103"
                          HPOS="1641"
                          CONTENT="ett"/>
                  <SP HEIGHT="191" WIDTH="32" VPOS="1103" HPOS="1866"/>
                  <String HEIGHT="191"
                          WIDTH="193"
                          VPOS="1103"
                          HPOS="1769"
                          CONTENT="af"/>
                  <SP HEIGHT="191" WIDTH="32" VPOS="1103" HPOS="1962"/>
                  <String HEIGHT="191"
                          WIDTH="514"
                          VPOS="1103"
                          HPOS="1834"
                          CONTENT="Handelsbolaget"/>
               </TextLine>
               <TextLine ID="r2l10"
                         BASELINE="478,1350 572,1347 666,1344 761,1340 855,1336 950,1334 1044,1330 1138,1328 1233,1325 1327,1322 1422,1320 1516,1317 1610,1314 1705,1312 1799,1310 1894,1308 1988,1306 2082,1303 2177,1300 2271,1298 2366,1296"
                         HEIGHT="211"
                         WIDTH="1915"
                         VPOS="1195"
                         HPOS="465">
                  <String HEIGHT="211"
                          WIDTH="345"
                          VPOS="1195"
                          HPOS="434"
                          CONTENT="Jonsson"/>
                  <SP HEIGHT="211" WIDTH="31" VPOS="1195" HPOS="779"/>
                  <String HEIGHT="211" WIDTH="157" VPOS="1195" HPOS="685" CONTENT=","/>
                  <SP HEIGHT="211" WIDTH="31" VPOS="1195" HPOS="842"/>
                  <String HEIGHT="211"
                          WIDTH="440"
                          VPOS="1195"
                          HPOS="748"
                          CONTENT="Sternhagen"/>
                  <SP HEIGHT="211" WIDTH="31" VPOS="1195" HPOS="1187"/>
                  <String HEIGHT="211"
                          WIDTH="157"
                          VPOS="1195"
                          HPOS="1093"
                          CONTENT="&amp;"/>
                  <SP HEIGHT="211" WIDTH="31" VPOS="1195" HPOS="1250"/>
                  <String HEIGHT="211"
                          WIDTH="188"
                          VPOS="1195"
                          HPOS="1156"
                          CONTENT="Co"/>
                  <SP HEIGHT="211" WIDTH="31" VPOS="1195" HPOS="1344"/>
                  <String HEIGHT="211"
                          WIDTH="220"
                          VPOS="1195"
                          HPOS="1250"
                          CONTENT="den"/>
                  <SP HEIGHT="211" WIDTH="31" VPOS="1195" HPOS="1470"/>
                  <String HEIGHT="211"
                          WIDTH="188"
                          VPOS="1195"
                          HPOS="1375"
                          CONTENT="15"/>
                  <SP HEIGHT="211" WIDTH="31" VPOS="1195" HPOS="1564"/>
                  <String HEIGHT="211"
                          WIDTH="314"
                          VPOS="1195"
                          HPOS="1470"
                          CONTENT="dennes"/>
                  <SP HEIGHT="211" WIDTH="31" VPOS="1195" HPOS="1784"/>
                  <String HEIGHT="211"
                          WIDTH="251"
                          VPOS="1195"
                          HPOS="1689"
                          CONTENT="till"/>
                  <SP HEIGHT="211" WIDTH="31" VPOS="1195" HPOS="1940"/>
                  <String HEIGHT="211"
                          WIDTH="502"
                          VPOS="1195"
                          HPOS="1846"
                          CONTENT="Postkontoret"/>
                  <SP HEIGHT="211" WIDTH="31" VPOS="1195" HPOS="2349"/>
                  <String HEIGHT="211"
                          WIDTH="157"
                          VPOS="1195"
                          HPOS="2223"
                          CONTENT="för"/>
               </TextLine>
               <TextLine ID="r2l11"
                         BASELINE="490,1466 585,1462 680,1458 775,1454 870,1450 965,1446 1060,1442 1155,1440 1250,1436 1345,1434 1440,1430 1535,1428 1630,1426 1725,1423 1820,1421 1915,1419 2010,1417 2105,1416 2200,1414 2295,1412 2390,1410"
                         HEIGHT="216"
                         WIDTH="1928"
                         VPOS="1314"
                         HPOS="475">
                  <String HEIGHT="216"
                          WIDTH="311"
                          VPOS="1314"
                          HPOS="444"
                          CONTENT="vidare"/>
                  <SP HEIGHT="216" WIDTH="31" VPOS="1314" HPOS="755"/>
                  <String HEIGHT="216"
                          WIDTH="404"
                          VPOS="1314"
                          HPOS="662"
                          CONTENT="befordran"/>
                  <SP HEIGHT="216" WIDTH="31" VPOS="1314" HPOS="1066"/>
                  <String HEIGHT="216"
                          WIDTH="249"
                          VPOS="1314"
                          HPOS="973"
                          CONTENT="till"/>
                  <SP HEIGHT="216" WIDTH="31" VPOS="1314" HPOS="1221"/>
                  <String HEIGHT="216"
                          WIDTH="187"
                          VPOS="1314"
                          HPOS="1128"
                          CONTENT="P."/>
                  <SP HEIGHT="216" WIDTH="31" VPOS="1314" HPOS="1315"/>
                  <String HEIGHT="216"
                          WIDTH="187"
                          VPOS="1314"
                          HPOS="1221"
                          CONTENT="J."/>
                  <SP HEIGHT="216" WIDTH="31" VPOS="1314" HPOS="1408"/>
                  <String HEIGHT="216"
                          WIDTH="280"
                          VPOS="1314"
                          HPOS="1315"
                          CONTENT="Wiels"/>
                  <SP HEIGHT="216" WIDTH="31" VPOS="1314" HPOS="1594"/>
                  <String HEIGHT="216"
                          WIDTH="373"
                          VPOS="1314"
                          HPOS="1501"
                          CONTENT="sterbhus"/>
                  <SP HEIGHT="216" WIDTH="31" VPOS="1314" HPOS="1874"/>
                  <String HEIGHT="216"
                          WIDTH="155"
                          VPOS="1314"
                          HPOS="1781"
                          CONTENT="i"/>
                  <SP HEIGHT="216" WIDTH="31" VPOS="1314" HPOS="1937"/>
                  <String HEIGHT="216"
                          WIDTH="311"
                          VPOS="1314"
                          HPOS="1843"
                          CONTENT="Seffle"/>
                  <SP HEIGHT="216" WIDTH="31" VPOS="1314" HPOS="2154"/>
                  <String HEIGHT="216"
                          WIDTH="311"
                          VPOS="1314"
                          HPOS="2061"
                          CONTENT="köping"/>
                  <SP HEIGHT="216" WIDTH="31" VPOS="1314" HPOS="2372"/>
                  <String HEIGHT="216"
                          WIDTH="155"
                          VPOS="1314"
                          HPOS="2248"
                          CONTENT="af¬"
                          SUBS_TYPE="HypPart1"
                          SUBS_CONTENT="aflemnadt"/>
                  <HYP CONTENT="-"/>
               </TextLine>
               <TextLine ID="r2l12"
                         BASELINE="472,1590 567,1584 662,1577 757,1572 853,1566 948,1562 1043,1557 1139,1553 1234,1549 1329,1545 1425,1542 1520,1540 1615,1536 1710,1534 1806,1532 1901,1530 1996,1528 2092,1526 2187,1525 2282,1524 2378,1522"
                         HEIGHT="211"
                         WIDTH="1934"
                         VPOS="1449"
                         HPOS="458">
                  <String HEIGHT="211"
                          WIDTH="349"
                          VPOS="1449"
                          HPOS="426"
                          CONTENT="lemnadt"
                          SUBS_TYPE="HypPart2"
                          SUBS_CONTENT="aflemnadt"/>
                  <SP HEIGHT="211" WIDTH="32" VPOS="1449" HPOS="775"/>
                  <String HEIGHT="211"
                          WIDTH="444"
                          VPOS="1449"
                          HPOS="680"
                          CONTENT="assureradt"/>
                  <SP HEIGHT="211" WIDTH="32" VPOS="1449" HPOS="1124"/>
                  <String HEIGHT="211"
                          WIDTH="285"
                          VPOS="1449"
                          HPOS="1029"
                          CONTENT="bref,"/>
                  <SP HEIGHT="211" WIDTH="32" VPOS="1449" HPOS="1314"/>
                  <String HEIGHT="211"
                          WIDTH="317"
                          VPOS="1449"
                          HPOS="1219"
                          CONTENT="enligt"/>
                  <SP HEIGHT="211" WIDTH="32" VPOS="1449" HPOS="1536"/>
                  <String HEIGHT="211"
                          WIDTH="380"
                          VPOS="1449"
                          HPOS="1441"
                          CONTENT="uppgift,"/>
                  <SP HEIGHT="211" WIDTH="32" VPOS="1449" HPOS="1821"/>
                  <String HEIGHT="211"
                          WIDTH="507"
                          VPOS="1449"
                          HPOS="1726"
                          CONTENT="innehållande"/>
                  <SP HEIGHT="211" WIDTH="32" VPOS="1449" HPOS="2233"/>
                  <String HEIGHT="211"
                          WIDTH="285"
                          VPOS="1449"
                          HPOS="2107"
                          CONTENT="kontan¬"
                          SUBS_TYPE="HypPart1"
                          SUBS_CONTENT="kontante"/>
                  <HYP CONTENT="-"/>
               </TextLine>
               <TextLine ID="r2l13"
                         BASELINE="472,1704 567,1700 662,1695 757,1690 853,1686 948,1682 1043,1676 1139,1673 1234,1668 1329,1664 1425,1660 1520,1656 1615,1653 1710,1650 1806,1648 1901,1646 1996,1644 2092,1642 2187,1642 2282,1642 2378,1642"
                         HEIGHT="202"
                         WIDTH="1933"
                         VPOS="1574"
                         HPOS="459">
                  <String HEIGHT="202"
                          WIDTH="200"
                          VPOS="1574"
                          HPOS="426"
                          CONTENT="te"
                          SUBS_TYPE="HypPart2"
                          SUBS_CONTENT="kontante"/>
                  <SP HEIGHT="202" WIDTH="33" VPOS="1574" HPOS="626"/>
                  <String HEIGHT="202"
                          WIDTH="433"
                          VPOS="1574"
                          HPOS="526"
                          CONTENT="penningar"/>
                  <SP HEIGHT="202" WIDTH="33" VPOS="1574" HPOS="959"/>
                  <String HEIGHT="202"
                          WIDTH="267"
                          VPOS="1574"
                          HPOS="859"
                          CONTENT="till"/>
                  <SP HEIGHT="202" WIDTH="33" VPOS="1574" HPOS="1126"/>
                  <String HEIGHT="202"
                          WIDTH="333"
                          VPOS="1574"
                          HPOS="1026"
                          CONTENT="belopp"/>
                  <SP HEIGHT="202" WIDTH="33" VPOS="1574" HPOS="1359"/>
                  <String HEIGHT="202"
                          WIDTH="200"
                          VPOS="1574"
                          HPOS="1259"
                          CONTENT="af"/>
                  <SP HEIGHT="202" WIDTH="33" VPOS="1574" HPOS="1459"/>
                  <String HEIGHT="202"
                          WIDTH="233"
                          VPOS="1574"
                          HPOS="1359"
                          CONTENT="880"/>
                  <SP HEIGHT="202" WIDTH="33" VPOS="1574" HPOS="1592"/>
                  <String HEIGHT="202"
                          WIDTH="333"
                          VPOS="1574"
                          HPOS="1492"
                          CONTENT="Kronor"/>
                  <SP HEIGHT="202" WIDTH="33" VPOS="1574" HPOS="1825"/>
                  <String HEIGHT="202"
                          WIDTH="167"
                          VPOS="1574"
                          HPOS="1725"
                          CONTENT="5"/>
                  <SP HEIGHT="202" WIDTH="33" VPOS="1574" HPOS="1892"/>
                  <String HEIGHT="202"
                          WIDTH="267"
                          VPOS="1574"
                          HPOS="1792"
                          CONTENT="öre,"/>
                  <SP HEIGHT="202" WIDTH="33" VPOS="1574" HPOS="2059"/>
                  <String HEIGHT="202"
                          WIDTH="167"
                          VPOS="1574"
                          HPOS="1959"
                          CONTENT="i"/>
                  <SP HEIGHT="202" WIDTH="33" VPOS="1574" HPOS="2125"/>
                  <String HEIGHT="202"
                          WIDTH="400"
                          VPOS="1574"
                          HPOS="1992"
                          CONTENT="sammanhang"/>
               </TextLine>
               <TextLine ID="r2l14"
                         BASELINE="486,1818 582,1814 678,1810 774,1806 870,1801 967,1797 1063,1794 1159,1790 1255,1786 1351,1783 1448,1780 1544,1777 1640,1774 1736,1772 1832,1769 1929,1767 2025,1765 2121,1764 2217,1762 2313,1760 2410,1760"
                         HEIGHT="191"
                         WIDTH="1950"
                         VPOS="1674"
                         HPOS="472">
                  <String HEIGHT="191"
                          WIDTH="376"
                          VPOS="1674"
                          HPOS="438"
                          CONTENT="hvarmed"/>
                  <SP HEIGHT="191" WIDTH="34" VPOS="1674" HPOS="814"/>
                  <String HEIGHT="191"
                          WIDTH="411"
                          VPOS="1674"
                          HPOS="711"
                          CONTENT="Carlberg"/>
                  <SP HEIGHT="191" WIDTH="34" VPOS="1674" HPOS="1122"/>
                  <String HEIGHT="191"
                          WIDTH="479"
                          VPOS="1674"
                          HPOS="1019"
                          CONTENT="uppgifvit:"/>
                  <SP HEIGHT="191" WIDTH="34" VPOS="1674" HPOS="1498"/>
                  <String HEIGHT="191"
                          WIDTH="239"
                          VPOS="1674"
                          HPOS="1396"
                          CONTENT="att"/>
                  <SP HEIGHT="191" WIDTH="34" VPOS="1674" HPOS="1635"/>
                  <String HEIGHT="191"
                          WIDTH="205"
                          VPOS="1674"
                          HPOS="1533"
                          CONTENT="då"/>
                  <SP HEIGHT="191" WIDTH="34" VPOS="1674" HPOS="1738"/>
                  <String HEIGHT="191"
                          WIDTH="274"
                          VPOS="1674"
                          HPOS="1635"
                          CONTENT="han,"/>
                  <SP HEIGHT="191" WIDTH="34" VPOS="1674" HPOS="1909"/>
                  <String HEIGHT="191"
                          WIDTH="239"
                          VPOS="1674"
                          HPOS="1806"
                          CONTENT="som"/>
                  <SP HEIGHT="191" WIDTH="34" VPOS="1674" HPOS="2046"/>
                  <String HEIGHT="191"
                          WIDTH="239"
                          VPOS="1674"
                          HPOS="1943"
                          CONTENT="för"/>
                  <SP HEIGHT="191" WIDTH="34" VPOS="1674" HPOS="2183"/>
                  <String HEIGHT="191"
                          WIDTH="376"
                          VPOS="1674"
                          HPOS="2046"
                          CONTENT="närvaran¬"
                          SUBS_TYPE="HypPart1"
                          SUBS_CONTENT="närvarande"/>
                  <HYP CONTENT="-"/>
               </TextLine>
               <TextLine ID="line_1584793343545_3488"
                         BASELINE="478,1928 573,1924 668,1919 763,1916 858,1912 953,1909 1048,1906 1143,1903 1238,1900 1333,1898 1428,1896 1523,1894 1618,1892 1713,1890 1738,1889"
                         HEIGHT="182"
                         WIDTH="1287"
                         VPOS="1793"
                         HPOS="464">
                  <String HEIGHT="182"
                          WIDTH="180"
                          VPOS="1793"
                          HPOS="434"
                          CONTENT="de"
                          SUBS_TYPE="HypPart2"
                          SUBS_CONTENT="närvarande"/>
                  <SP HEIGHT="182" WIDTH="30" VPOS="1793" HPOS="614"/>
                  <String HEIGHT="182"
                          WIDTH="239"
                          VPOS="1793"
                          HPOS="524"
                          CONTENT="vore"/>
                  <SP HEIGHT="182" WIDTH="30" VPOS="1793" HPOS="763"/>
                  <String HEIGHT="182"
                          WIDTH="180"
                          VPOS="1793"
                          HPOS="674"
                          CONTENT="t."/>
                  <SP HEIGHT="182" WIDTH="30" VPOS="1793" HPOS="853"/>
                  <String HEIGHT="182"
                          WIDTH="180"
                          VPOS="1793"
                          HPOS="763"
                          CONTENT="f."/>
                  <SP HEIGHT="182" WIDTH="30" VPOS="1793" HPOS="943"/>
                  <String HEIGHT="182"
                          WIDTH="479"
                          VPOS="1793"
                          HPOS="853"
                          CONTENT="Postdirektör"/>
                  <SP HEIGHT="182" WIDTH="30" VPOS="1793" HPOS="1332"/>
                  <String HEIGHT="182"
                          WIDTH="210"
                          VPOS="1793"
                          HPOS="1242"
                          CONTENT="vid"/>
                  <SP HEIGHT="182" WIDTH="30" VPOS="1793" HPOS="1452"/>
                  <String HEIGHT="182"
                          WIDTH="299"
                          VPOS="1793"
                          HPOS="1362"
                          CONTENT="Kongl."/>
                  <SP HEIGHT="182" WIDTH="30" VPOS="1793" HPOS="1661"/>
                  <String HEIGHT="182"
                          WIDTH="210"
                          VPOS="1793"
                          HPOS="1541"
                          CONTENT="Post."/>
               </TextLine>
               <TextLine ID="r2l15"
                         BASELINE="1800,1840 1825,1838 1851,1836 1876,1834 1902,1834 1927,1833 1953,1832 1978,1832 2004,1830 2029,1830 2055,1828 2080,1827 2106,1825 2132,1822"
                         HEIGHT="156"
                         WIDTH="359"
                         VPOS="1764"
                         HPOS="1785">
                  <String HEIGHT="156"
                          WIDTH="449"
                          VPOS="1764"
                          HPOS="1695"
                          CONTENT="Kontoret"/>
               </TextLine>
               <TextLine ID="line_1584793342617_3483"
                         BASELINE="1959,1883 1998,1882 2093,1880 2188,1876 2283,1874 2378,1870"
                         HEIGHT="131"
                         WIDTH="447"
                         VPOS="1789"
                         HPOS="1945">
                  <String HEIGHT="131"
                          WIDTH="261"
                          VPOS="1789"
                          HPOS="1908"
                          CONTENT="här"/>
                  <SP HEIGHT="131" WIDTH="37" VPOS="1789" HPOS="2169"/>
                  <String HEIGHT="131"
                          WIDTH="186"
                          VPOS="1789"
                          HPOS="2057"
                          CONTENT="i"/>
                  <SP HEIGHT="131" WIDTH="37" VPOS="1789" HPOS="2243"/>
                  <String HEIGHT="131"
                          WIDTH="298"
                          VPOS="1789"
                          HPOS="2094"
                          CONTENT="staden"/>
               </TextLine>
               <TextLine ID="r2l17"
                         BASELINE="496,2038 588,2032 681,2026 773,2023 866,2018 958,2015 1051,2012 1143,2010 1236,2008 1328,2006 1421,2004 1513,2002 1606,2001 1698,2000 1791,1998 1883,1996 1976,1994 2068,1992 2161,1989 2253,1986 2346,1982"
                         HEIGHT="183"
                         WIDTH="1876"
                         VPOS="1909"
                         HPOS="482">
                  <String HEIGHT="183"
                          WIDTH="450"
                          VPOS="1909"
                          HPOS="444"
                          CONTENT="Onsdagen"/>
                  <SP HEIGHT="183" WIDTH="38" VPOS="1909" HPOS="895"/>
                  <String HEIGHT="183"
                          WIDTH="263"
                          VPOS="1909"
                          HPOS="782"
                          CONTENT="den"/>
                  <SP HEIGHT="183" WIDTH="38" VPOS="1909" HPOS="1045"/>
                  <String HEIGHT="183"
                          WIDTH="225"
                          VPOS="1909"
                          HPOS="932"
                          CONTENT="15"/>
                  <SP HEIGHT="183" WIDTH="38" VPOS="1909" HPOS="1157"/>
                  <String HEIGHT="183"
                          WIDTH="188"
                          VPOS="1909"
                          HPOS="1045"
                          CONTENT="i"/>
                  <SP HEIGHT="183" WIDTH="38" VPOS="1909" HPOS="1232"/>
                  <String HEIGHT="183"
                          WIDTH="338"
                          VPOS="1909"
                          HPOS="1120"
                          CONTENT="denna"/>
                  <SP HEIGHT="183" WIDTH="38" VPOS="1909" HPOS="1458"/>
                  <String HEIGHT="183"
                          WIDTH="338"
                          VPOS="1909"
                          HPOS="1345"
                          CONTENT="månad"/>
                  <SP HEIGHT="183" WIDTH="38" VPOS="1909" HPOS="1683"/>
                  <String HEIGHT="183"
                          WIDTH="450"
                          VPOS="1909"
                          HPOS="1570"
                          CONTENT="passerat"/>
                  <SP HEIGHT="183" WIDTH="38" VPOS="1909" HPOS="2020"/>
                  <String HEIGHT="183"
                          WIDTH="338"
                          VPOS="1909"
                          HPOS="1908"
                          CONTENT="genom"/>
                  <SP HEIGHT="183" WIDTH="38" VPOS="1909" HPOS="2245"/>
                  <String HEIGHT="183"
                          WIDTH="263"
                          VPOS="1909"
                          HPOS="2095"
                          CONTENT="stora"/>
               </TextLine>
               <TextLine ID="r2l18"
                         BASELINE="478,2150 573,2144 668,2138 763,2134 858,2130 954,2127 1049,2124 1144,2122 1239,2120 1334,2118 1430,2116 1525,2114 1620,2112 1715,2110 1810,2109 1906,2106 2001,2104 2096,2102 2191,2099 2286,2094 2382,2090"
                         HEIGHT="172"
                         WIDTH="1927"
                         VPOS="2019"
                         HPOS="466">
                  <String HEIGHT="172"
                          WIDTH="736"
                          VPOS="2019"
                          HPOS="431"
                          CONTENT="expeditionsrummet"/>
                  <SP HEIGHT="172" WIDTH="35" VPOS="2019" HPOS="1167"/>
                  <String HEIGHT="172"
                          WIDTH="245"
                          VPOS="2019"
                          HPOS="1062"
                          CONTENT="för"/>
                  <SP HEIGHT="172" WIDTH="35" VPOS="2019" HPOS="1307"/>
                  <String HEIGHT="172"
                          WIDTH="420"
                          VPOS="2019"
                          HPOS="1202"
                          CONTENT="afgående"/>
                  <SP HEIGHT="172" WIDTH="35" VPOS="2019" HPOS="1622"/>
                  <String HEIGHT="172"
                          WIDTH="561"
                          VPOS="2019"
                          HPOS="1517"
                          CONTENT="försändelser"/>
                  <SP HEIGHT="172" WIDTH="35" VPOS="2019" HPOS="2078"/>
                  <String HEIGHT="172"
                          WIDTH="175"
                          VPOS="2019"
                          HPOS="1973"
                          CONTENT="i"/>
                  <SP HEIGHT="172" WIDTH="35" VPOS="2019" HPOS="2148"/>
                  <String HEIGHT="172"
                          WIDTH="385"
                          VPOS="2019"
                          HPOS="2008"
                          CONTENT="härvaran¬"
                          SUBS_TYPE="HypPart1"
                          SUBS_CONTENT="härvarande"/>
                  <HYP CONTENT="-"/>
               </TextLine>
               <TextLine ID="r2l19"
                         BASELINE="496,2262 591,2256 686,2250 781,2245 876,2242 971,2238 1066,2234 1161,2232 1256,2230 1351,2228 1447,2226 1542,2226 1637,2224 1732,2223 1827,2222 1922,2220 2017,2220 2112,2218 2207,2216 2302,2214 2398,2212"
                         HEIGHT="184"
                         WIDTH="1925"
                         VPOS="2118"
                         HPOS="484">
                  <String HEIGHT="184"
                          WIDTH="218"
                          VPOS="2118"
                          HPOS="448"
                          CONTENT="de"
                          SUBS_TYPE="HypPart2"
                          SUBS_CONTENT="härvarande"/>
                  <SP HEIGHT="184" WIDTH="36" VPOS="2118" HPOS="666"/>
                  <String HEIGHT="184"
                          WIDTH="436"
                          VPOS="2118"
                          HPOS="557"
                          CONTENT="posthus,"/>
                  <SP HEIGHT="184" WIDTH="36" VPOS="2118" HPOS="992"/>
                  <String HEIGHT="184"
                          WIDTH="763"
                          VPOS="2118"
                          HPOS="884"
                          CONTENT="Kontorsskrifvaren"/>
                  <SP HEIGHT="184" WIDTH="36" VPOS="2118" HPOS="1646"/>
                  <String HEIGHT="184"
                          WIDTH="291"
                          VPOS="2118"
                          HPOS="1537"
                          CONTENT="Emil"/>
                  <SP HEIGHT="184" WIDTH="36" VPOS="2118" HPOS="1828"/>
                  <String HEIGHT="184"
                          WIDTH="436"
                          VPOS="2118"
                          HPOS="1719"
                          CONTENT="Björkman"/>
                  <SP HEIGHT="184" WIDTH="36" VPOS="2118" HPOS="2155"/>
                  <String HEIGHT="184"
                          WIDTH="254"
                          VPOS="2118"
                          HPOS="2046"
                          CONTENT="och"/>
                  <SP HEIGHT="184" WIDTH="36" VPOS="2118" HPOS="2300"/>
                  <String HEIGHT="184"
                          WIDTH="254"
                          VPOS="2118"
                          HPOS="2155"
                          CONTENT="extra"/>
               </TextLine>
               <TextLine ID="r2l20"
                         BASELINE="476,2374 569,2366 663,2360 756,2355 850,2350 944,2346 1037,2343 1131,2340 1224,2338 1318,2336 1412,2334 1505,2334 1599,2332 1692,2332 1786,2330 1880,2330 1973,2328 2067,2328 2160,2328 2254,2326 2348,2324"
                         HEIGHT="174"
                         WIDTH="1898"
                         VPOS="2238"
                         HPOS="463">
                  <String HEIGHT="174"
                          WIDTH="562"
                          VPOS="2238"
                          HPOS="428"
                          CONTENT="postbiträdet"/>
                  <SP HEIGHT="174" WIDTH="35" VPOS="2238" HPOS="990"/>
                  <String HEIGHT="174"
                          WIDTH="211"
                          VPOS="2238"
                          HPOS="885"
                          CONTENT="J."/>
                  <SP HEIGHT="174" WIDTH="35" VPOS="2238" HPOS="1096"/>
                  <String HEIGHT="174"
                          WIDTH="211"
                          VPOS="2238"
                          HPOS="990"
                          CONTENT="E."/>
                  <SP HEIGHT="174" WIDTH="35" VPOS="2238" HPOS="1201"/>
                  <String HEIGHT="174"
                          WIDTH="492"
                          VPOS="2238"
                          HPOS="1096"
                          CONTENT="Wallqvist,"/>
                  <SP HEIGHT="174" WIDTH="35" VPOS="2238" HPOS="1588"/>
                  <String HEIGHT="174"
                          WIDTH="351"
                          VPOS="2238"
                          HPOS="1482"
                          CONTENT="hvilka"/>
                  <SP HEIGHT="174" WIDTH="35" VPOS="2238" HPOS="1834"/>
                  <String HEIGHT="174"
                          WIDTH="211"
                          VPOS="2238"
                          HPOS="1728"
                          CONTENT="då"/>
                  <SP HEIGHT="174" WIDTH="35" VPOS="2238" HPOS="1939"/>
                  <String HEIGHT="174"
                          WIDTH="492"
                          VPOS="2238"
                          HPOS="1834"
                          CONTENT="uppehållit"/>
                  <SP HEIGHT="174" WIDTH="35" VPOS="2238" HPOS="2326"/>
                  <String HEIGHT="174"
                          WIDTH="176"
                          VPOS="2238"
                          HPOS="2185"
                          CONTENT="sig"/>
               </TextLine>
               <TextLine ID="r2l21"
                         BASELINE="484,2482 578,2476 672,2471 766,2466 860,2463 955,2458 1049,2456 1143,2453 1237,2450 1331,2448 1426,2446 1520,2446 1614,2444 1708,2442 1802,2440 1897,2438 1991,2437 2085,2435 2179,2432 2273,2430 2368,2428"
                         HEIGHT="185"
                         WIDTH="1911"
                         VPOS="2337"
                         HPOS="471">
                  <String HEIGHT="185"
                          WIDTH="446"
                          VPOS="2337"
                          HPOS="439"
                          CONTENT="derstädes,"/>
                  <SP HEIGHT="185" WIDTH="32" VPOS="2337" HPOS="885"/>
                  <String HEIGHT="185"
                          WIDTH="223"
                          VPOS="2337"
                          HPOS="790"
                          CONTENT="för"/>
                  <SP HEIGHT="185" WIDTH="32" VPOS="2337" HPOS="1012"/>
                  <String HEIGHT="185"
                          WIDTH="382"
                          VPOS="2337"
                          HPOS="917"
                          CONTENT="Carlberg"/>
                  <SP HEIGHT="185" WIDTH="32" VPOS="2337" HPOS="1299"/>
                  <String HEIGHT="185"
                          WIDTH="605"
                          VPOS="2337"
                          HPOS="1204"
                          CONTENT="tillkännagifvit"/>
                  <SP HEIGHT="185" WIDTH="32" VPOS="2337" HPOS="1809"/>
                  <String HEIGHT="185"
                          WIDTH="223"
                          VPOS="2337"
                          HPOS="1713"
                          CONTENT="att"/>
                  <SP HEIGHT="185" WIDTH="32" VPOS="2337" HPOS="1936"/>
                  <String HEIGHT="185"
                          WIDTH="446"
                          VPOS="2337"
                          HPOS="1841"
                          CONTENT="förenämnde"/>
                  <SP HEIGHT="185" WIDTH="32" VPOS="2337" HPOS="2286"/>
                  <String HEIGHT="185"
                          WIDTH="223"
                          VPOS="2337"
                          HPOS="2159"
                          CONTENT="bref,"/>
               </TextLine>
               <TextLine ID="r2l22"
                         BASELINE="476,2600 570,2595 665,2590 760,2586 854,2582 949,2578 1044,2575 1138,2572 1233,2568 1328,2564 1423,2561 1517,2558 1612,2554 1707,2550 1801,2547 1896,2544 1991,2540 2085,2536 2180,2532 2275,2530 2370,2524"
                         HEIGHT="214"
                         WIDTH="1923"
                         VPOS="2449"
                         HPOS="461">
                  <String HEIGHT="214"
                          WIDTH="214"
                          VPOS="2449"
                          HPOS="425"
                          CONTENT="då"/>
                  <SP HEIGHT="214" WIDTH="36" VPOS="2449" HPOS="639"/>
                  <String HEIGHT="214"
                          WIDTH="249"
                          VPOS="2449"
                          HPOS="532"
                          CONTENT="det"/>
                  <SP HEIGHT="214" WIDTH="36" VPOS="2449" HPOS="782"/>
                  <String HEIGHT="214"
                          WIDTH="356"
                          VPOS="2449"
                          HPOS="675"
                          CONTENT="skolat"/>
                  <SP HEIGHT="214" WIDTH="36" VPOS="2449" HPOS="1031"/>
                  <String HEIGHT="214"
                          WIDTH="214"
                          VPOS="2449"
                          HPOS="924"
                          CONTENT="af"/>
                  <SP HEIGHT="214" WIDTH="36" VPOS="2449" HPOS="1138"/>
                  <String HEIGHT="214"
                          WIDTH="427"
                          VPOS="2449"
                          HPOS="1031"
                          CONTENT="Björkman"/>
                  <SP HEIGHT="214" WIDTH="36" VPOS="2449" HPOS="1458"/>
                  <String HEIGHT="214"
                          WIDTH="178"
                          VPOS="2449"
                          HPOS="1351"
                          CONTENT="i"/>
                  <SP HEIGHT="214" WIDTH="36" VPOS="2449" HPOS="1529"/>
                  <String HEIGHT="214"
                          WIDTH="677"
                          VPOS="2449"
                          HPOS="1423"
                          CONTENT="inlemningsboken"/>
                  <SP HEIGHT="214" WIDTH="36" VPOS="2449" HPOS="2099"/>
                  <String HEIGHT="214"
                          WIDTH="427"
                          VPOS="2449"
                          HPOS="1957"
                          CONTENT="qvitteras,"/>
               </TextLine>
               <TextLine ID="r2l23"
                         BASELINE="490,2710 582,2706 675,2704 768,2700 861,2698 954,2694 1046,2690 1139,2686 1232,2683 1325,2679 1418,2675 1510,2672 1603,2669 1696,2666 1789,2662 1882,2660 1974,2657 2067,2655 2160,2654 2253,2652 2346,2650"
                         HEIGHT="186"
                         WIDTH="1879"
                         VPOS="2583"
                         HPOS="477">
                  <String HEIGHT="186"
                          WIDTH="273"
                          VPOS="2583"
                          HPOS="443"
                          CONTENT="icke"/>
                  <SP HEIGHT="186" WIDTH="34" VPOS="2583" HPOS="716"/>
                  <String HEIGHT="186"
                          WIDTH="342"
                          VPOS="2583"
                          HPOS="614"
                          CONTENT="kunnat"/>
                  <SP HEIGHT="186" WIDTH="34" VPOS="2583" HPOS="955"/>
                  <String HEIGHT="186"
                          WIDTH="512"
                          VPOS="2583"
                          HPOS="853"
                          CONTENT="återfinnas;"/>
                  <SP HEIGHT="186" WIDTH="34" VPOS="2583" HPOS="1365"/>
                  <String HEIGHT="186"
                          WIDTH="273"
                          VPOS="2583"
                          HPOS="1263"
                          CONTENT="att,"/>
                  <SP HEIGHT="186" WIDTH="34" VPOS="2583" HPOS="1536"/>
                  <String HEIGHT="186"
                          WIDTH="307"
                          VPOS="2583"
                          HPOS="1434"
                          CONTENT="sedan"/>
                  <SP HEIGHT="186" WIDTH="34" VPOS="2583" HPOS="1741"/>
                  <String HEIGHT="186"
                          WIDTH="410"
                          VPOS="2583"
                          HPOS="1639"
                          CONTENT="Carlberg"/>
                  <SP HEIGHT="186" WIDTH="34" VPOS="2583" HPOS="2049"/>
                  <String HEIGHT="186"
                          WIDTH="171"
                          VPOS="2583"
                          HPOS="1946"
                          CONTENT="i"/>
                  <SP HEIGHT="186" WIDTH="34" VPOS="2583" HPOS="2117"/>
                  <String HEIGHT="186"
                          WIDTH="376"
                          VPOS="2583"
                          HPOS="1980"
                          CONTENT="anledning"/>
               </TextLine>
               <TextLine ID="r2l24"
                         BASELINE="486,2818 580,2812 674,2808 768,2804 862,2801 956,2798 1050,2794 1144,2790 1238,2786 1332,2784 1427,2781 1521,2778 1615,2775 1709,2772 1803,2770 1897,2766 1991,2764 2085,2760 2179,2757 2273,2754 2368,2752"
                         HEIGHT="171"
                         WIDTH="1906"
                         VPOS="2668"
                         HPOS="473">
                  <String HEIGHT="171"
                          WIDTH="306"
                          VPOS="2668"
                          HPOS="439"
                          CONTENT="deraf"/>
                  <SP HEIGHT="171" WIDTH="34" VPOS="2668" HPOS="745"/>
                  <String HEIGHT="171"
                          WIDTH="511"
                          VPOS="2668"
                          HPOS="643"
                          CONTENT="underrättat"/>
                  <SP HEIGHT="171" WIDTH="34" VPOS="2668" HPOS="1154"/>
                  <String HEIGHT="171"
                          WIDTH="238"
                          VPOS="2668"
                          HPOS="1052"
                          CONTENT="sig"/>
                  <SP HEIGHT="171" WIDTH="34" VPOS="2668" HPOS="1290"/>
                  <String HEIGHT="171"
                          WIDTH="204"
                          VPOS="2668"
                          HPOS="1188"
                          CONTENT="om"/>
                  <SP HEIGHT="171" WIDTH="34" VPOS="2668" HPOS="1392"/>
                  <String HEIGHT="171"
                          WIDTH="340"
                          VPOS="2668"
                          HPOS="1290"
                          CONTENT="tiden,"/>
                  <SP HEIGHT="171" WIDTH="34" VPOS="2668" HPOS="1630"/>
                  <String HEIGHT="171"
                          WIDTH="204"
                          VPOS="2668"
                          HPOS="1528"
                          CONTENT="då"/>
                  <SP HEIGHT="171" WIDTH="34" VPOS="2668" HPOS="1732"/>
                  <String HEIGHT="171"
                          WIDTH="374"
                          VPOS="2668"
                          HPOS="1630"
                          CONTENT="blifvit"/>
                  <SP HEIGHT="171" WIDTH="34" VPOS="2668" HPOS="2005"/>
                  <String HEIGHT="171"
                          WIDTH="477"
                          VPOS="2668"
                          HPOS="1903"
                          CONTENT="inlemnats,"/>
                  <SP HEIGHT="171" WIDTH="34" VPOS="2668" HPOS="2379"/>
                  <String HEIGHT="171"
                          WIDTH="136"
                          VPOS="2668"
                          HPOS="2243"
                          CONTENT="om"/>
               </TextLine>
               <TextLine ID="r2l25"
                         BASELINE="478,2928 573,2922 668,2916 763,2910 858,2904 953,2898 1048,2894 1143,2891 1238,2886 1333,2883 1428,2880 1523,2877 1618,2874 1713,2872 1808,2870 1903,2868 1998,2866 2093,2864 2188,2862 2283,2860 2378,2858"
                         HEIGHT="183"
                         WIDTH="1925"
                         VPOS="2804"
                         HPOS="464">
                  <String HEIGHT="183"
                          WIDTH="365"
                          VPOS="2804"
                          HPOS="431"
                          CONTENT="hvilken"/>
                  <SP HEIGHT="183" WIDTH="33" VPOS="2804" HPOS="796"/>
                  <String HEIGHT="183"
                          WIDTH="498"
                          VPOS="2804"
                          HPOS="696"
                          CONTENT="tjensteman,"/>
                  <SP HEIGHT="183" WIDTH="33" VPOS="2804" HPOS="1194"/>
                  <String HEIGHT="183"
                          WIDTH="232"
                          VPOS="2804"
                          HPOS="1095"
                          CONTENT="som"/>
                  <SP HEIGHT="183" WIDTH="33" VPOS="2804" HPOS="1327"/>
                  <String HEIGHT="183"
                          WIDTH="199"
                          VPOS="2804"
                          HPOS="1227"
                          CONTENT="af"/>
                  <SP HEIGHT="183" WIDTH="33" VPOS="2804" HPOS="1427"/>
                  <String HEIGHT="183"
                          WIDTH="465"
                          VPOS="2804"
                          HPOS="1327"
                          CONTENT="inlemnaren"/>
                  <SP HEIGHT="183" WIDTH="33" VPOS="2804" HPOS="1792"/>
                  <String HEIGHT="183"
                          WIDTH="398"
                          VPOS="2804"
                          HPOS="1692"
                          CONTENT="mottagit"/>
                  <SP HEIGHT="183" WIDTH="33" VPOS="2804" HPOS="2090"/>
                  <String HEIGHT="183"
                          WIDTH="232"
                          VPOS="2804"
                          HPOS="1991"
                          CONTENT="och"/>
                  <SP HEIGHT="183" WIDTH="33" VPOS="2804" HPOS="2223"/>
                  <String HEIGHT="183"
                          WIDTH="299"
                          VPOS="2804"
                          HPOS="2090"
                          CONTENT="qvitte¬"
                          SUBS_TYPE="HypPart1"
                          SUBS_CONTENT="qvitterat"/>
                  <HYP CONTENT="-"/>
               </TextLine>
               <TextLine ID="r2l26"
                         BASELINE="476,3034 569,3030 662,3026 756,3022 849,3018 943,3012 1036,3008 1129,3004 1223,3000 1316,2995 1410,2992 1503,2987 1596,2984 1690,2982 1783,2979 1877,2978 1970,2976 2063,2974 2157,2974 2250,2974 2344,2976"
                         HEIGHT="228"
                         WIDTH="1893"
                         VPOS="2877"
                         HPOS="461">
                  <String HEIGHT="228"
                          WIDTH="250"
                          VPOS="2877"
                          HPOS="425"
                          CONTENT="rat"
                          SUBS_TYPE="HypPart2"
                          SUBS_CONTENT="qvitterat"/>
                  <SP HEIGHT="228" WIDTH="36" VPOS="2877" HPOS="675"/>
                  <String HEIGHT="228"
                          WIDTH="429"
                          VPOS="2877"
                          HPOS="568"
                          CONTENT="detsamma"/>
                  <SP HEIGHT="228" WIDTH="36" VPOS="2877" HPOS="997"/>
                  <String HEIGHT="228"
                          WIDTH="286"
                          VPOS="2877"
                          HPOS="890"
                          CONTENT="samt"/>
                  <SP HEIGHT="228" WIDTH="36" VPOS="2877" HPOS="1175"/>
                  <String HEIGHT="228"
                          WIDTH="357"
                          VPOS="2877"
                          HPOS="1068"
                          CONTENT="hvilka"/>
                  <SP HEIGHT="228" WIDTH="36" VPOS="2877" HPOS="1425"/>
                  <String HEIGHT="228"
                          WIDTH="500"
                          VPOS="2877"
                          HPOS="1318"
                          CONTENT="tjenstemän"/>
                  <SP HEIGHT="228" WIDTH="36" VPOS="2877" HPOS="1818"/>
                  <String HEIGHT="228"
                          WIDTH="679"
                          VPOS="2877"
                          HPOS="1711"
                          CONTENT="tillstädesvarit"/>
                  <SP HEIGHT="228" WIDTH="36" VPOS="2877" HPOS="2390"/>
                  <String HEIGHT="228"
                          WIDTH="107"
                          VPOS="2877"
                          HPOS="2247"
                          CONTENT="i"/>
               </TextLine>
               <TextLine ID="r2l27"
                         BASELINE="478,3142 572,3140 666,3138 761,3135 855,3131 950,3128 1044,3124 1138,3120 1233,3116 1327,3110 1422,3106 1516,3103 1610,3098 1705,3095 1799,3092 1894,3090 1988,3086 2082,3084 2177,3084 2271,3082 2366,3082"
                         HEIGHT="195"
                         WIDTH="1917"
                         VPOS="2984"
                         HPOS="463">
                  <String HEIGHT="195"
                          WIDTH="336"
                          VPOS="2984"
                          HPOS="429"
                          CONTENT="rummet"/>
                  <SP HEIGHT="195" WIDTH="34" VPOS="2984" HPOS="766"/>
                  <String HEIGHT="195"
                          WIDTH="303"
                          VPOS="2984"
                          HPOS="665"
                          CONTENT="efter"/>
                  <SP HEIGHT="195" WIDTH="34" VPOS="2984" HPOS="967"/>
                  <String HEIGHT="195"
                          WIDTH="235"
                          VPOS="2984"
                          HPOS="867"
                          CONTENT="det"/>
                  <SP HEIGHT="195" WIDTH="34" VPOS="2984" HPOS="1102"/>
                  <String HEIGHT="195"
                          WIDTH="370"
                          VPOS="2984"
                          HPOS="1001"
                          CONTENT="brefvet"/>
                  <SP HEIGHT="195" WIDTH="34" VPOS="2984" HPOS="1371"/>
                  <String HEIGHT="195"
                          WIDTH="370"
                          VPOS="2984"
                          HPOS="1270"
                          CONTENT="sednast"/>
                  <SP HEIGHT="195" WIDTH="34" VPOS="2984" HPOS="1640"/>
                  <String HEIGHT="195"
                          WIDTH="303"
                          VPOS="2984"
                          HPOS="1539"
                          CONTENT="varit"/>
                  <SP HEIGHT="195" WIDTH="34" VPOS="2984" HPOS="1842"/>
                  <String HEIGHT="195"
                          WIDTH="404"
                          VPOS="2984"
                          HPOS="1741"
                          CONTENT="synligt,"/>
                  <SP HEIGHT="195" WIDTH="34" VPOS="2984" HPOS="2145"/>
                  <String HEIGHT="195"
                          WIDTH="370"
                          VPOS="2984"
                          HPOS="2010"
                          CONTENT="Carlberg,"/>
               </TextLine>
               <TextLine ID="r2l28"
                         BASELINE="478,3260 574,3258 671,3254 767,3250 864,3246 961,3243 1057,3239 1154,3235 1250,3230 1347,3226 1444,3223 1540,3220 1637,3216 1733,3214 1830,3210 1927,3208 2023,3206 2120,3204 2216,3204 2313,3204 2410,3204"
                         HEIGHT="223"
                         WIDTH="1961"
                         VPOS="3096"
                         HPOS="464">
                  <String HEIGHT="223"
                          WIDTH="225"
                          VPOS="3096"
                          HPOS="432"
                          CONTENT="som"/>
                  <SP HEIGHT="223" WIDTH="32" VPOS="3096" HPOS="657"/>
                  <String HEIGHT="223"
                          WIDTH="321"
                          VPOS="3096"
                          HPOS="560"
                          CONTENT="dervid"/>
                  <SP HEIGHT="223" WIDTH="32" VPOS="3096" HPOS="882"/>
                  <String HEIGHT="223"
                          WIDTH="386"
                          VPOS="3096"
                          HPOS="785"
                          CONTENT="erfarit,"/>
                  <SP HEIGHT="223" WIDTH="32" VPOS="3096" HPOS="1171"/>
                  <String HEIGHT="223"
                          WIDTH="225"
                          VPOS="3096"
                          HPOS="1075"
                          CONTENT="att"/>
                  <SP HEIGHT="223" WIDTH="32" VPOS="3096" HPOS="1300"/>
                  <String HEIGHT="223"
                          WIDTH="386"
                          VPOS="3096"
                          HPOS="1203"
                          CONTENT="brefvet,"/>
                  <SP HEIGHT="223" WIDTH="32" VPOS="3096" HPOS="1589"/>
                  <String HEIGHT="223"
                          WIDTH="225"
                          VPOS="3096"
                          HPOS="1493"
                          CONTENT="som"/>
                  <SP HEIGHT="223" WIDTH="32" VPOS="3096" HPOS="1718"/>
                  <String HEIGHT="223"
                          WIDTH="418"
                          VPOS="3096"
                          HPOS="1621"
                          CONTENT="inlemnats"/>
                  <SP HEIGHT="223" WIDTH="32" VPOS="3096" HPOS="2039"/>
                  <String HEIGHT="223"
                          WIDTH="450"
                          VPOS="3096"
                          HPOS="1943"
                          CONTENT="föregående"/>
                  <SP HEIGHT="223" WIDTH="32" VPOS="3096" HPOS="2393"/>
                  <String HEIGHT="223"
                          WIDTH="161"
                          VPOS="3096"
                          HPOS="2264"
                          CONTENT="dag"/>
               </TextLine>
               <TextLine ID="r2l29"
                         BASELINE="470,3376 565,3371 661,3368 756,3364 852,3360 947,3357 1043,3353 1138,3349 1234,3346 1329,3342 1425,3338 1520,3334 1616,3331 1711,3328 1807,3326 1902,3322 1998,3320 2093,3318 2189,3316 2284,3314 2380,3314"
                         HEIGHT="221"
                         WIDTH="1938"
                         VPOS="3231"
                         HPOS="456">
                  <String HEIGHT="221"
                          WIDTH="200"
                          VPOS="3231"
                          HPOS="423"
                          CONTENT="på"/>
                  <SP HEIGHT="221" WIDTH="33" VPOS="3231" HPOS="623"/>
                  <String HEIGHT="221"
                          WIDTH="401"
                          VPOS="3231"
                          HPOS="523"
                          CONTENT="aftonen,"/>
                  <SP HEIGHT="221" WIDTH="33" VPOS="3231" HPOS="924"/>
                  <String HEIGHT="221"
                          WIDTH="434"
                          VPOS="3231"
                          HPOS="824"
                          CONTENT="mottagits"/>
                  <SP HEIGHT="221" WIDTH="33" VPOS="3231" HPOS="1258"/>
                  <String HEIGHT="221"
                          WIDTH="200"
                          VPOS="3231"
                          HPOS="1158"
                          CONTENT="af"/>
                  <SP HEIGHT="221" WIDTH="33" VPOS="3231" HPOS="1358"/>
                  <String HEIGHT="221"
                          WIDTH="702"
                          VPOS="3231"
                          HPOS="1258"
                          CONTENT="kontorsskrifvaren"/>
                  <SP HEIGHT="221" WIDTH="33" VPOS="3231" HPOS="1960"/>
                  <String HEIGHT="221"
                          WIDTH="401"
                          VPOS="3231"
                          HPOS="1859"
                          CONTENT="Vidholm,"/>
                  <SP HEIGHT="221" WIDTH="33" VPOS="3231" HPOS="2260"/>
                  <String HEIGHT="221"
                          WIDTH="267"
                          VPOS="3231"
                          HPOS="2127"
                          CONTENT="gifvit"/>
               </TextLine>
               <TextLine ID="r2l30"
                         BASELINE="474,3478 571,3475 668,3472 765,3468 862,3464 959,3462 1056,3458 1153,3455 1250,3452 1347,3449 1444,3447 1541,3444 1638,3441 1735,3438 1832,3436 1929,3434 2026,3431 2123,3429 2220,3426 2317,3425 2414,3424"
                         HEIGHT="181"
                         WIDTH="1966"
                         VPOS="3346"
                         HPOS="461">
                  <String HEIGHT="181"
                          WIDTH="312"
                          VPOS="3346"
                          HPOS="430"
                          CONTENT="ordres"/>
                  <SP HEIGHT="181" WIDTH="31" VPOS="3346" HPOS="742"/>
                  <String HEIGHT="181"
                          WIDTH="218"
                          VPOS="3346"
                          HPOS="648"
                          CONTENT="att"/>
                  <SP HEIGHT="181" WIDTH="31" VPOS="3346" HPOS="867"/>
                  <String HEIGHT="181" WIDTH="156" VPOS="3346" HPOS="773" CONTENT="i"/>
                  <SP HEIGHT="181" WIDTH="31" VPOS="3346" HPOS="929"/>
                  <String HEIGHT="181"
                          WIDTH="218"
                          VPOS="3346"
                          HPOS="835"
                          CONTENT="den"/>
                  <SP HEIGHT="181" WIDTH="31" VPOS="3346" HPOS="1054"/>
                  <String HEIGHT="181"
                          WIDTH="562"
                          VPOS="3346"
                          HPOS="960"
                          CONTENT="qvarbefintliga"/>
                  <SP HEIGHT="181" WIDTH="31" VPOS="3346" HPOS="1522"/>
                  <String HEIGHT="181"
                          WIDTH="343"
                          VPOS="3346"
                          HPOS="1428"
                          CONTENT="posten,"/>
                  <SP HEIGHT="181" WIDTH="31" VPOS="3346" HPOS="1772"/>
                  <String HEIGHT="181"
                          WIDTH="218"
                          VPOS="3346"
                          HPOS="1678"
                          CONTENT="det"/>
                  <SP HEIGHT="181" WIDTH="31" VPOS="3346" HPOS="1896"/>
                  <String HEIGHT="181"
                          WIDTH="531"
                          VPOS="3346"
                          HPOS="1803"
                          CONTENT="ifrågavarande"/>
                  <SP HEIGHT="181" WIDTH="31" VPOS="3346" HPOS="2333"/>
                  <String HEIGHT="181"
                          WIDTH="218"
                          VPOS="3346"
                          HPOS="2209"
                          CONTENT="bref¬"
                          SUBS_TYPE="HypPart1"
                          SUBS_CONTENT="brefvet"/>
                  <HYP CONTENT="-"/>
               </TextLine>
               <TextLine ID="r2l31"
                         BASELINE="466,3582 560,3578 654,3575 748,3572 842,3568 936,3565 1030,3562 1124,3560 1218,3558 1312,3556 1407,3554 1501,3552 1595,3552 1689,3550 1783,3550 1877,3548 1971,3548 2065,3548 2159,3547 2253,3546 2348,3546"
                         HEIGHT="219"
                         WIDTH="1905"
                         VPOS="3429"
                         HPOS="454">
                  <String HEIGHT="219"
                          WIDTH="230"
                          VPOS="3429"
                          HPOS="421"
                          CONTENT="vet"
                          SUBS_TYPE="HypPart2"
                          SUBS_CONTENT="brefvet"/>
                  <SP HEIGHT="219" WIDTH="33" VPOS="3429" HPOS="651"/>
                  <String HEIGHT="219"
                          WIDTH="328"
                          VPOS="3429"
                          HPOS="553"
                          CONTENT="skulle"/>
                  <SP HEIGHT="219" WIDTH="33" VPOS="3429" HPOS="881"/>
                  <String HEIGHT="219"
                          WIDTH="263"
                          VPOS="3429"
                          HPOS="782"
                          CONTENT="noga"/>
                  <SP HEIGHT="219" WIDTH="33" VPOS="3429" HPOS="1045"/>
                  <String HEIGHT="219"
                          WIDTH="493"
                          VPOS="3429"
                          HPOS="947"
                          CONTENT="eftersökas,"/>
                  <SP HEIGHT="219" WIDTH="33" VPOS="3429" HPOS="1439"/>
                  <String HEIGHT="219"
                          WIDTH="361"
                          VPOS="3429"
                          HPOS="1341"
                          CONTENT="hvilket"/>
                  <SP HEIGHT="219" WIDTH="33" VPOS="3429" HPOS="1702"/>
                  <String HEIGHT="219"
                          WIDTH="328"
                          VPOS="3429"
                          HPOS="1604"
                          CONTENT="jemväl"/>
                  <SP HEIGHT="219" WIDTH="33" VPOS="3429" HPOS="1932"/>
                  <String HEIGHT="219"
                          WIDTH="328"
                          VPOS="3429"
                          HPOS="1833"
                          CONTENT="skett,"/>
                  <SP HEIGHT="219" WIDTH="33" VPOS="3429" HPOS="2162"/>
                  <String HEIGHT="219"
                          WIDTH="263"
                          VPOS="3429"
                          HPOS="2063"
                          CONTENT="utan"/>
                  <SP HEIGHT="219" WIDTH="33" VPOS="3429" HPOS="2326"/>
                  <String HEIGHT="219"
                          WIDTH="164"
                          VPOS="3429"
                          HPOS="2195"
                          CONTENT="att"/>
               </TextLine>
               <TextLine ID="r2l32"
                         BASELINE="478,3684 572,3680 666,3677 761,3674 855,3672 950,3670 1044,3668 1138,3666 1233,3665 1327,3664 1422,3663 1516,3662 1610,3662 1705,3662 1799,3660 1894,3660 1988,3660 2082,3660 2177,3660 2271,3660 2366,3660"
                         HEIGHT="184"
                         WIDTH="1913"
                         VPOS="3570"
                         HPOS="465">
                  <String HEIGHT="184"
                          WIDTH="405"
                          VPOS="3570"
                          HPOS="428"
                          CONTENT="brefvet"/>
                  <SP HEIGHT="184" WIDTH="37" VPOS="3570" HPOS="833"/>
                  <String HEIGHT="184"
                          WIDTH="368"
                          VPOS="3570"
                          HPOS="723"
                          CONTENT="dervid"/>
                  <SP HEIGHT="184" WIDTH="37" VPOS="3570" HPOS="1090"/>
                  <String HEIGHT="184"
                          WIDTH="368"
                          VPOS="3570"
                          HPOS="980"
                          CONTENT="kunnat"/>
                  <SP HEIGHT="184" WIDTH="37" VPOS="3570" HPOS="1348"/>
                  <String HEIGHT="184"
                          WIDTH="552"
                          VPOS="3570"
                          HPOS="1238"
                          CONTENT="återfinnas;"/>
                  <SP HEIGHT="184" WIDTH="37" VPOS="3570" HPOS="1789"/>
                  <String HEIGHT="184"
                          WIDTH="294"
                          VPOS="3570"
                          HPOS="1679"
                          CONTENT="samt"/>
                  <SP HEIGHT="184" WIDTH="37" VPOS="3570" HPOS="1973"/>
                  <String HEIGHT="184"
                          WIDTH="258"
                          VPOS="3570"
                          HPOS="1863"
                          CONTENT="att"/>
                  <SP HEIGHT="184" WIDTH="37" VPOS="3570" HPOS="2120"/>
                  <String HEIGHT="184"
                          WIDTH="405"
                          VPOS="3570"
                          HPOS="1973"
                          CONTENT="Carlberg,"/>
               </TextLine>
               <TextLine ID="r2l33"
                         BASELINE="474,3782 569,3782 665,3780 761,3778 857,3778 953,3776 1048,3774 1144,3774 1240,3772 1336,3772 1432,3770 1527,3770 1623,3770 1719,3770 1815,3770 1911,3770 2006,3770 2102,3772 2198,3774 2294,3775 2390,3778"
                         HEIGHT="184"
                         WIDTH="1941"
                         VPOS="3676"
                         HPOS="461">
                  <String HEIGHT="184"
                          WIDTH="238"
                          VPOS="3676"
                          HPOS="427"
                          CONTENT="som"/>
                  <SP HEIGHT="184" WIDTH="34" VPOS="3676" HPOS="665"/>
                  <String HEIGHT="184"
                          WIDTH="272"
                          VPOS="3676"
                          HPOS="563"
                          CONTENT="icke"/>
                  <SP HEIGHT="184" WIDTH="34" VPOS="3676" HPOS="836"/>
                  <String HEIGHT="184"
                          WIDTH="306"
                          VPOS="3676"
                          HPOS="733"
                          CONTENT="kunde"/>
                  <SP HEIGHT="184" WIDTH="34" VPOS="3676" HPOS="1040"/>
                  <String HEIGHT="184"
                          WIDTH="443"
                          VPOS="3676"
                          HPOS="938"
                          CONTENT="misstänka"/>
                  <SP HEIGHT="184" WIDTH="34" VPOS="3676" HPOS="1380"/>
                  <String HEIGHT="184"
                          WIDTH="306"
                          VPOS="3676"
                          HPOS="1278"
                          CONTENT="någon"/>
                  <SP HEIGHT="184" WIDTH="34" VPOS="3676" HPOS="1585"/>
                  <String HEIGHT="184"
                          WIDTH="272"
                          VPOS="3676"
                          HPOS="1483"
                          CONTENT="viss"/>
                  <SP HEIGHT="184" WIDTH="34" VPOS="3676" HPOS="1755"/>
                  <String HEIGHT="184"
                          WIDTH="341"
                          VPOS="3676"
                          HPOS="1653"
                          CONTENT="person"/>
                  <SP HEIGHT="184" WIDTH="34" VPOS="3676" HPOS="1993"/>
                  <String HEIGHT="184"
                          WIDTH="238"
                          VPOS="3676"
                          HPOS="1891"
                          CONTENT="för"/>
                  <SP HEIGHT="184" WIDTH="34" VPOS="3676" HPOS="2130"/>
                  <String HEIGHT="184"
                          WIDTH="409"
                          VPOS="3676"
                          HPOS="1993"
                          CONTENT="tillgrepp,"/>
               </TextLine>
            </TextBlock>
            <TextBlock ID="r3" HEIGHT="3715" WIDTH="1924" VPOS="169" HPOS="2982">
               <Shape>
                  <Polygon POINTS="2982,169 2982,3884 4906,3884 4906,169"/>
               </Shape>
               <TextLine ID="r3l2"
                         BASELINE="3082,258 3169,262 3256,264 3343,266 3430,268 3517,268 3604,268 3691,266 3778,264 3865,262 3952,260 4039,258 4126,254 4213,252 4300,250 4387,248 4474,246 4561,244 4648,244 4735,244 4822,246"
                         HEIGHT="227"
                         WIDTH="1768"
                         VPOS="104"
                         HPOS="3068">
                  <String HEIGHT="227"
                          WIDTH="884"
                          VPOS="104"
                          HPOS="3013"
                          CONTENT="Kontrollören"/>
                  <SP HEIGHT="227" WIDTH="55" VPOS="104" HPOS="3897"/>
                  <String HEIGHT="227"
                          WIDTH="387"
                          VPOS="104"
                          HPOS="3731"
                          CONTENT="vid"/>
                  <SP HEIGHT="227" WIDTH="55" VPOS="104" HPOS="4118"/>
                  <String HEIGHT="227"
                          WIDTH="774"
                          VPOS="104"
                          HPOS="3952"
                          CONTENT="Postverket"/>
                  <SP HEIGHT="227" WIDTH="55" VPOS="104" HPOS="4726"/>
                  <String HEIGHT="227"
                          WIDTH="332"
                          VPOS="104"
                          HPOS="4505"
                          CONTENT="Carl"/>
               </TextLine>
               <TextLine ID="r3l3"
                         BASELINE="3014,388 3105,392 3196,394 3287,394 3378,394 3469,394 3560,393 3651,392 3742,389 3833,386 3924,384 4015,380 4106,377 4197,374 4288,370 4379,367 4470,364 4561,361 4652,358 4743,356 4834,354"
                         HEIGHT="194"
                         WIDTH="1844"
                         VPOS="260"
                         HPOS="3001">
                  <String HEIGHT="194"
                          WIDTH="705"
                          VPOS="260"
                          HPOS="2947"
                          CONTENT="Carlberg,"/>
                  <SP HEIGHT="194" WIDTH="54" VPOS="260" HPOS="3652"/>
                  <String HEIGHT="194"
                          WIDTH="542"
                          VPOS="260"
                          HPOS="3489"
                          CONTENT="boende"/>
                  <SP HEIGHT="194" WIDTH="54" VPOS="260" HPOS="4031"/>
                  <String HEIGHT="194" WIDTH="271" VPOS="260" HPOS="3869" CONTENT="i"/>
                  <SP HEIGHT="194" WIDTH="54" VPOS="260" HPOS="4140"/>
                  <String HEIGHT="194"
                          WIDTH="488"
                          VPOS="260"
                          HPOS="3977"
                          CONTENT="huset"/>
                  <SP HEIGHT="194" WIDTH="54" VPOS="260" HPOS="4465"/>
                  <String HEIGHT="194"
                          WIDTH="325"
                          VPOS="260"
                          HPOS="4303"
                          CONTENT="No"/>
                  <SP HEIGHT="194" WIDTH="54" VPOS="260" HPOS="4628"/>
                  <String HEIGHT="194"
                          WIDTH="325"
                          VPOS="260"
                          HPOS="4465"
                          CONTENT="14"/>
                  <SP HEIGHT="194" WIDTH="54" VPOS="260" HPOS="4791"/>
                  <String HEIGHT="194"
                          WIDTH="271"
                          VPOS="260"
                          HPOS="4574"
                          CONTENT="vid"/>
               </TextLine>
               <TextLine ID="r3l4"
                         BASELINE="2982,524 3076,522 3170,521 3264,520 3358,518 3452,516 3546,514 3640,512 3734,508 3828,506 3922,504 4016,500 4110,498 4204,494 4298,491 4392,488 4486,484 4580,481 4674,478 4768,475 4862,472"
                         HEIGHT="234"
                         WIDTH="1906"
                         VPOS="378"
                         HPOS="2968">
                  <String HEIGHT="234"
                          WIDTH="520"
                          VPOS="378"
                          HPOS="2910"
                          CONTENT="Östra"/>
                  <SP HEIGHT="234" WIDTH="58" VPOS="378" HPOS="3430"/>
                  <String HEIGHT="234"
                          WIDTH="751"
                          VPOS="378"
                          HPOS="3257"
                          CONTENT="Larmgatan"/>
                  <SP HEIGHT="234" WIDTH="58" VPOS="378" HPOS="4008"/>
                  <String HEIGHT="234"
                          WIDTH="404"
                          VPOS="378"
                          HPOS="3834"
                          CONTENT="har"/>
                  <SP HEIGHT="234" WIDTH="58" VPOS="378" HPOS="4239"/>
                  <String HEIGHT="234"
                          WIDTH="404"
                          VPOS="378"
                          HPOS="4065"
                          CONTENT="den"/>
                  <SP HEIGHT="234" WIDTH="58" VPOS="378" HPOS="4470"/>
                  <String HEIGHT="234"
                          WIDTH="347"
                          VPOS="378"
                          HPOS="4296"
                          CONTENT="17"/>
                  <SP HEIGHT="234" WIDTH="58" VPOS="378" HPOS="4643"/>
                  <String HEIGHT="234"
                          WIDTH="462"
                          VPOS="378"
                          HPOS="4412"
                          CONTENT="dennes"/>
               </TextLine>
               <TextLine ID="r3l5"
                         BASELINE="3008,666 3100,663 3193,660 3285,656 3378,654 3471,650 3563,646 3656,643 3748,640 3841,637 3934,634 4026,632 4119,629 4211,628 4304,626 4397,624 4489,624 4582,624 4674,624 4767,625 4860,626"
                         HEIGHT="227"
                         WIDTH="1878"
                         VPOS="493"
                         HPOS="2994">
                  <String HEIGHT="227"
                          WIDTH="626"
                          VPOS="493"
                          HPOS="2931"
                          CONTENT="anmält"/>
                  <SP HEIGHT="227" WIDTH="63" VPOS="493" HPOS="3557"/>
                  <String HEIGHT="227"
                          WIDTH="438"
                          VPOS="493"
                          HPOS="3370"
                          CONTENT="att"/>
                  <SP HEIGHT="227" WIDTH="63" VPOS="493" HPOS="3808"/>
                  <String HEIGHT="227"
                          WIDTH="1189"
                          VPOS="493"
                          HPOS="3620"
                          CONTENT="nästförutgångne"/>
                  <SP HEIGHT="227" WIDTH="63" VPOS="493" HPOS="4809"/>
                  <String HEIGHT="227"
                          WIDTH="313"
                          VPOS="493"
                          HPOS="4559"
                          CONTENT="dag"/>
               </TextLine>
               <TextLine ID="r3l6"
                         BASELINE="3012,796 3105,798 3198,800 3291,800 3385,800 3478,798 3571,798 3665,796 3758,794 3851,791 3945,788 4038,786 4131,782 4224,780 4318,776 4411,773 4504,770 4598,768 4691,766 4784,764 4878,762"
                         HEIGHT="210"
                         WIDTH="1896"
                         VPOS="643"
                         HPOS="2997">
                  <String HEIGHT="210"
                          WIDTH="737"
                          VPOS="643"
                          HPOS="2944"
                          CONTENT="Thorsdagen"/>
                  <SP HEIGHT="210" WIDTH="53" VPOS="643" HPOS="3682"/>
                  <String HEIGHT="210"
                          WIDTH="369"
                          VPOS="643"
                          HPOS="3524"
                          CONTENT="den"/>
                  <SP HEIGHT="210" WIDTH="53" VPOS="643" HPOS="3892"/>
                  <String HEIGHT="210"
                          WIDTH="316"
                          VPOS="643"
                          HPOS="3734"
                          CONTENT="16"/>
                  <SP HEIGHT="210" WIDTH="53" VPOS="643" HPOS="4050"/>
                  <String HEIGHT="210"
                          WIDTH="527"
                          VPOS="643"
                          HPOS="3892"
                          CONTENT="dennes"/>
                  <SP HEIGHT="210" WIDTH="53" VPOS="643" HPOS="4419"/>
                  <String HEIGHT="210"
                          WIDTH="369"
                          VPOS="643"
                          HPOS="4261"
                          CONTENT="kl."/>
                  <SP HEIGHT="210" WIDTH="53" VPOS="643" HPOS="4630"/>
                  <String HEIGHT="210"
                          WIDTH="474"
                          VPOS="643"
                          HPOS="4419"
                          CONTENT="emellan"/>
               </TextLine>
               <TextLine ID="r3l7"
                         BASELINE="3014,936 3106,938 3198,938 3291,938 3383,938 3476,938 3568,938 3660,936 3753,934 3845,932 3938,930 4030,928 4122,924 4215,922 4307,918 4400,915 4492,910 4584,906 4677,902 4769,899 4862,894"
                         HEIGHT="225"
                         WIDTH="1876"
                         VPOS="784"
                         HPOS="2999">
                  <String HEIGHT="225" WIDTH="254" VPOS="784" HPOS="2948" CONTENT="2"/>
                  <SP HEIGHT="225" WIDTH="51" VPOS="784" HPOS="3202"/>
                  <String HEIGHT="225"
                          WIDTH="355"
                          VPOS="784"
                          HPOS="3050"
                          CONTENT="och"/>
                  <SP HEIGHT="225" WIDTH="51" VPOS="784" HPOS="3405"/>
                  <String HEIGHT="225"
                          WIDTH="355"
                          VPOS="784"
                          HPOS="3253"
                          CONTENT="1/2"/>
                  <SP HEIGHT="225" WIDTH="51" VPOS="784" HPOS="3607"/>
                  <String HEIGHT="225" WIDTH="254" VPOS="784" HPOS="3455" CONTENT="6"/>
                  <SP HEIGHT="225" WIDTH="51" VPOS="784" HPOS="3709"/>
                  <String HEIGHT="225"
                          WIDTH="406"
                          VPOS="784"
                          HPOS="3557"
                          CONTENT="e.m."/>
                  <SP HEIGHT="225" WIDTH="51" VPOS="784" HPOS="3962"/>
                  <String HEIGHT="225"
                          WIDTH="304"
                          VPOS="784"
                          HPOS="3810"
                          CONTENT="på"/>
                  <SP HEIGHT="225" WIDTH="51" VPOS="784" HPOS="4114"/>
                  <String HEIGHT="225"
                          WIDTH="558"
                          VPOS="784"
                          HPOS="3962"
                          CONTENT="obekant"/>
                  <SP HEIGHT="225" WIDTH="51" VPOS="784" HPOS="4520"/>
                  <String HEIGHT="225"
                          WIDTH="406"
                          VPOS="784"
                          HPOS="4368"
                          CONTENT="sätt"/>
                  <SP HEIGHT="225" WIDTH="51" VPOS="784" HPOS="4774"/>
                  <String HEIGHT="225"
                          WIDTH="304"
                          VPOS="784"
                          HPOS="4571"
                          CONTENT="för¬"
                          SUBS_TYPE="HypPart1"
                          SUBS_CONTENT="förkommit"/>
                  <HYP CONTENT="-"/>
               </TextLine>
               <TextLine ID="r3l8"
                         BASELINE="3004,1072 3097,1072 3191,1072 3285,1072 3378,1071 3472,1070 3566,1068 3659,1066 3753,1064 3847,1062 3941,1059 4034,1056 4128,1053 4222,1051 4315,1048 4409,1044 4503,1042 4596,1039 4690,1036 4784,1034 4878,1032"
                         HEIGHT="176"
                         WIDTH="1902"
                         VPOS="972"
                         HPOS="2990">
                  <String HEIGHT="176"
                          WIDTH="514"
                          VPOS="972"
                          HPOS="2939"
                          CONTENT="kommit"
                          SUBS_TYPE="HypPart2"
                          SUBS_CONTENT="förkommit"/>
                  <SP HEIGHT="176" WIDTH="51" VPOS="972" HPOS="3453"/>
                  <String HEIGHT="176"
                          WIDTH="360"
                          VPOS="972"
                          HPOS="3298"
                          CONTENT="ett"/>
                  <SP HEIGHT="176" WIDTH="51" VPOS="972" HPOS="3658"/>
                  <String HEIGHT="176"
                          WIDTH="308"
                          VPOS="972"
                          HPOS="3504"
                          CONTENT="af"/>
                  <SP HEIGHT="176" WIDTH="51" VPOS="972" HPOS="3812"/>
                  <String HEIGHT="176"
                          WIDTH="925"
                          VPOS="972"
                          HPOS="3658"
                          CONTENT="Handelsbolaget"/>
                  <SP HEIGHT="176" WIDTH="51" VPOS="972" HPOS="4584"/>
                  <String HEIGHT="176"
                          WIDTH="514"
                          VPOS="972"
                          HPOS="4378"
                          CONTENT="Jansson,"/>
               </TextLine>
               <TextLine ID="r3l9"
                         BASELINE="2994,1226 3088,1230 3183,1232 3278,1232 3372,1232 3467,1230 3562,1226 3656,1222 3751,1217 3846,1212 3941,1206 4035,1201 4130,1194 4225,1190 4319,1185 4414,1182 4509,1179 4603,1178 4698,1176 4793,1178 4888,1182"
                         HEIGHT="252"
                         WIDTH="1923"
                         VPOS="1063"
                         HPOS="2979">
                  <String HEIGHT="252"
                          WIDTH="673"
                          VPOS="1063"
                          HPOS="2931"
                          CONTENT="Sternhagen"/>
                  <SP HEIGHT="252" WIDTH="48" VPOS="1063" HPOS="3604"/>
                  <String HEIGHT="252"
                          WIDTH="240"
                          VPOS="1063"
                          HPOS="3460"
                          CONTENT="&amp;"/>
                  <SP HEIGHT="252" WIDTH="48" VPOS="1063" HPOS="3700"/>
                  <String HEIGHT="252"
                          WIDTH="288"
                          VPOS="1063"
                          HPOS="3556"
                          CONTENT="Co"/>
                  <SP HEIGHT="252" WIDTH="48" VPOS="1063" HPOS="3844"/>
                  <String HEIGHT="252"
                          WIDTH="337"
                          VPOS="1063"
                          HPOS="3700"
                          CONTENT="den"/>
                  <SP HEIGHT="252" WIDTH="48" VPOS="1063" HPOS="4037"/>
                  <String HEIGHT="252"
                          WIDTH="288"
                          VPOS="1063"
                          HPOS="3892"
                          CONTENT="15"/>
                  <SP HEIGHT="252" WIDTH="48" VPOS="1063" HPOS="4181"/>
                  <String HEIGHT="252"
                          WIDTH="481"
                          VPOS="1063"
                          HPOS="4037"
                          CONTENT="dennes"/>
                  <SP HEIGHT="252" WIDTH="48" VPOS="1063" HPOS="4517"/>
                  <String HEIGHT="252"
                          WIDTH="385"
                          VPOS="1063"
                          HPOS="4373"
                          CONTENT="till"/>
                  <SP HEIGHT="252" WIDTH="48" VPOS="1063" HPOS="4758"/>
                  <String HEIGHT="252"
                          WIDTH="337"
                          VPOS="1063"
                          HPOS="4565"
                          CONTENT="Post¬"
                          SUBS_TYPE="HypPart1"
                          SUBS_CONTENT="Postkontoret"/>
                  <HYP CONTENT="-"/>
               </TextLine>
               <TextLine ID="r3l11"
                         BASELINE="3002,1366 3094,1368 3187,1368 3279,1368 3372,1366 3465,1366 3557,1364 3650,1362 3742,1359 3835,1356 3928,1354 4020,1350 4113,1347 4205,1343 4298,1340 4391,1336 4483,1332 4576,1328 4668,1325 4761,1322 4854,1318"
                         HEIGHT="199"
                         WIDTH="1877"
                         VPOS="1233"
                         HPOS="2987">
                  <String HEIGHT="199"
                          WIDTH="644"
                          VPOS="1233"
                          HPOS="2933"
                          CONTENT="kontoret"
                          SUBS_TYPE="HypPart2"
                          SUBS_CONTENT="Postkontoret"/>
                  <SP HEIGHT="199" WIDTH="54" VPOS="1233" HPOS="3577"/>
                  <String HEIGHT="199"
                          WIDTH="375"
                          VPOS="1233"
                          HPOS="3416"
                          CONTENT="för"/>
                  <SP HEIGHT="199" WIDTH="54" VPOS="1233" HPOS="3791"/>
                  <String HEIGHT="199"
                          WIDTH="536"
                          VPOS="1233"
                          HPOS="3631"
                          CONTENT="vidare"/>
                  <SP HEIGHT="199" WIDTH="54" VPOS="1233" HPOS="4167"/>
                  <String HEIGHT="199"
                          WIDTH="697"
                          VPOS="1233"
                          HPOS="4006"
                          CONTENT="befordran"/>
                  <SP HEIGHT="199" WIDTH="54" VPOS="1233" HPOS="4703"/>
                  <String HEIGHT="199"
                          WIDTH="375"
                          VPOS="1233"
                          HPOS="4489"
                          CONTENT="till¬"
                          SUBS_TYPE="HypPart1"
                          SUBS_CONTENT="tillP."/>
                  <HYP CONTENT="-"/>
               </TextLine>
               <TextLine ID="r3l10"
                         BASELINE="3880,1268 3919,1266 3958,1265 3997,1263 4036,1262 4075,1260 4114,1258 4153,1256 4192,1254 4231,1252 4270,1250 4309,1248 4348,1247 4387,1244 4426,1243 4465,1242 4504,1240 4543,1238 4582,1238 4621,1236 4660,1236"
                         HEIGHT="129"
                         WIDTH="807"
                         VPOS="1178"
                         HPOS="3866">
                  <String HEIGHT="129"
                          WIDTH="220"
                          VPOS="1178"
                          HPOS="3829"
                          CONTENT="P."
                          SUBS_TYPE="HypPart2"
                          SUBS_CONTENT="tillP."/>
                  <SP HEIGHT="129" WIDTH="37" VPOS="1178" HPOS="4049"/>
                  <String HEIGHT="129"
                          WIDTH="220"
                          VPOS="1178"
                          HPOS="3939"
                          CONTENT="J."/>
                  <SP HEIGHT="129" WIDTH="37" VPOS="1178" HPOS="4159"/>
                  <String HEIGHT="129"
                          WIDTH="330"
                          VPOS="1178"
                          HPOS="4049"
                          CONTENT="Wiels"/>
                  <SP HEIGHT="129" WIDTH="37" VPOS="1178" HPOS="4380"/>
                  <String HEIGHT="129"
                          WIDTH="440"
                          VPOS="1178"
                          HPOS="4270"
                          CONTENT="Sterbhus"/>
                  <SP HEIGHT="129" WIDTH="37" VPOS="1178" HPOS="4710"/>
                  <String HEIGHT="129"
                          WIDTH="110"
                          VPOS="1178"
                          HPOS="4563"
                          CONTENT="i"/>
               </TextLine>
               <TextLine ID="line_1584793403818_3549"
                         BASELINE="3000,1534 3094,1534 3188,1533 3282,1531 3284,1530"
                         HEIGHT="214"
                         WIDTH="310"
                         VPOS="1401"
                         HPOS="2986">
                  <String HEIGHT="214"
                          WIDTH="413"
                          VPOS="1401"
                          HPOS="2883"
                          CONTENT="Seffle"/>
               </TextLine>
               <TextLine ID="r3l12"
                         BASELINE="3198,1424 3225,1424 3252,1424 3279,1424 3306,1424 3333,1423 3360,1422 3387,1420 3414,1419 3441,1418 3468,1416"
                         HEIGHT="129"
                         WIDTH="299"
                         VPOS="1364"
                         HPOS="3183">
                  <String HEIGHT="129"
                          WIDTH="399"
                          VPOS="1364"
                          HPOS="3083"
                          CONTENT="Köping"/>
               </TextLine>
               <TextLine ID="line_1584793403330_3543"
                         BASELINE="3340,1529 3376,1529 3470,1526 3564,1524 3658,1520 3752,1516 3846,1512 3941,1508 4035,1504 4129,1500 4223,1495 4317,1492 4411,1487 4505,1484 4599,1480 4693,1477 4787,1474 4882,1472"
                         HEIGHT="238"
                         WIDTH="1567"
                         VPOS="1375"
                         HPOS="3328">
                  <String HEIGHT="238"
                          WIDTH="784"
                          VPOS="1375"
                          HPOS="3268"
                          CONTENT="aflemnadt"/>
                  <SP HEIGHT="238" WIDTH="60" VPOS="1375" HPOS="4051"/>
                  <String HEIGHT="238"
                          WIDTH="723"
                          VPOS="1375"
                          HPOS="3870"
                          CONTENT="rekommen"/>
                  <SP HEIGHT="238" WIDTH="60" VPOS="1375" HPOS="4594"/>
                  <String HEIGHT="238"
                          WIDTH="542"
                          VPOS="1375"
                          HPOS="4353"
                          CONTENT="assure¬"
                          SUBS_TYPE="HypPart1"
                          SUBS_CONTENT="assureradt"/>
                  <HYP CONTENT="-"/>
               </TextLine>
               <TextLine ID="r3l14"
                         BASELINE="3006,1692 3099,1688 3192,1684 3285,1680 3378,1676 3472,1672 3565,1668 3658,1664 3751,1662 3844,1658 3938,1655 4031,1652 4124,1648 4217,1645 4310,1643 4404,1639 4497,1636 4590,1633 4683,1630 4776,1626 4870,1622"
                         HEIGHT="261"
                         WIDTH="1890"
                         VPOS="1502"
                         HPOS="2992">
                  <String HEIGHT="261"
                          WIDTH="458"
                          VPOS="1502"
                          HPOS="2935"
                          CONTENT="radt"
                          SUBS_TYPE="HypPart2"
                          SUBS_CONTENT="assureradt"/>
                  <SP HEIGHT="261" WIDTH="57" VPOS="1502" HPOS="3393"/>
                  <String HEIGHT="261"
                          WIDTH="515"
                          VPOS="1502"
                          HPOS="3221"
                          CONTENT="bref,"/>
                  <SP HEIGHT="261" WIDTH="57" VPOS="1502" HPOS="3737"/>
                  <String HEIGHT="261"
                          WIDTH="286"
                          VPOS="1502"
                          HPOS="3565"
                          CONTENT="m"/>
                  <SP HEIGHT="261" WIDTH="57" VPOS="1502" HPOS="3851"/>
                  <String HEIGHT="261"
                          WIDTH="573"
                          VPOS="1502"
                          HPOS="3679"
                          CONTENT="enligt"/>
                  <SP HEIGHT="261" WIDTH="57" VPOS="1502" HPOS="4252"/>
                  <String HEIGHT="261"
                          WIDTH="630"
                          VPOS="1502"
                          HPOS="4080"
                          CONTENT="uppgift"/>
                  <SP HEIGHT="261" WIDTH="57" VPOS="1502" HPOS="4710"/>
                  <String HEIGHT="261"
                          WIDTH="401"
                          VPOS="1502"
                          HPOS="4481"
                          CONTENT="inne¬"
                          SUBS_TYPE="HypPart1"
                          SUBS_CONTENT="innehållande"/>
                  <HYP CONTENT="-"/>
               </TextLine>
               <TextLine ID="r3l15"
                         BASELINE="3006,1832 3097,1830 3188,1828 3279,1824 3371,1820 3462,1817 3553,1812 3645,1807 3736,1804 3827,1800 3919,1795 4010,1791 4101,1788 4192,1784 4284,1782 4375,1779 4466,1778 4558,1776 4649,1774 4740,1774 4832,1776"
                         HEIGHT="230"
                         WIDTH="1854"
                         VPOS="1647"
                         HPOS="2991">
                  <String HEIGHT="230"
                          WIDTH="695"
                          VPOS="1647"
                          HPOS="2933"
                          CONTENT="hållande"
                          SUBS_TYPE="HypPart2"
                          SUBS_CONTENT="innehållande"/>
                  <SP HEIGHT="230" WIDTH="58" VPOS="1647" HPOS="3628"/>
                  <String HEIGHT="230"
                          WIDTH="695"
                          VPOS="1647"
                          HPOS="3455"
                          CONTENT="kontante"/>
                  <SP HEIGHT="230" WIDTH="58" VPOS="1647" HPOS="4150"/>
                  <String HEIGHT="230"
                          WIDTH="753"
                          VPOS="1647"
                          HPOS="3976"
                          CONTENT="penningar"/>
                  <SP HEIGHT="230" WIDTH="58" VPOS="1647" HPOS="4729"/>
                  <String HEIGHT="230"
                          WIDTH="348"
                          VPOS="1647"
                          HPOS="4497"
                          CONTENT="till"/>
               </TextLine>
               <TextLine ID="line_1584793423074_3571"
                         BASELINE="3010,1964 3103,1964 3197,1962 3291,1960 3385,1957 3479,1954 3573,1950 3667,1948 3761,1944 3855,1940 3949,1937 4042,1934 4136,1931 4195,1929"
                         HEIGHT="182"
                         WIDTH="1212"
                         VPOS="1841"
                         HPOS="2997">
                  <String HEIGHT="182"
                          WIDTH="606"
                          VPOS="1841"
                          HPOS="2936"
                          CONTENT="belopp"/>
                  <SP HEIGHT="182" WIDTH="61" VPOS="1841" HPOS="3542"/>
                  <String HEIGHT="182"
                          WIDTH="364"
                          VPOS="1841"
                          HPOS="3361"
                          CONTENT="af"/>
                  <SP HEIGHT="182" WIDTH="61" VPOS="1841" HPOS="3724"/>
                  <String HEIGHT="182"
                          WIDTH="424"
                          VPOS="1841"
                          HPOS="3542"
                          CONTENT="880"/>
                  <SP HEIGHT="182" WIDTH="61" VPOS="1841" HPOS="3967"/>
                  <String HEIGHT="182"
                          WIDTH="485"
                          VPOS="1841"
                          HPOS="3724"
                          CONTENT="Kronor"/>
               </TextLine>
               <TextLine ID="r3l16"
                         BASELINE="4016,1856 4043,1854 4071,1852 4099,1849 4127,1847 4154,1844 4182,1842 4210,1842 4238,1842"
                         HEIGHT="107"
                         WIDTH="250"
                         VPOS="1784"
                         HPOS="4001">
                  <String HEIGHT="107"
                          WIDTH="250"
                          VPOS="1784"
                          HPOS="3951"
                          CONTENT="5"/>
                  <SP HEIGHT="107" WIDTH="50" VPOS="1784" HPOS="4201"/>
                  <String HEIGHT="107"
                          WIDTH="250"
                          VPOS="1784"
                          HPOS="4001"
                          CONTENT="öre"/>
               </TextLine>
               <TextLine ID="line_1584793422490_3565"
                         BASELINE="4256,1927 4324,1926 4418,1924 4512,1924 4606,1924 4700,1924 4794,1926 4888,1928"
                         HEIGHT="199"
                         WIDTH="658"
                         VPOS="1810"
                         HPOS="4243">
                  <String HEIGHT="199"
                          WIDTH="366"
                          VPOS="1810"
                          HPOS="4170"
                          CONTENT="i"/>
                  <SP HEIGHT="199" WIDTH="73" VPOS="1810" HPOS="4535"/>
                  <String HEIGHT="199"
                          WIDTH="658"
                          VPOS="1810"
                          HPOS="4243"
                          CONTENT="samman¬"
                          SUBS_TYPE="HypPart1"
                          SUBS_CONTENT="sammanhang"/>
                  <HYP CONTENT="-"/>
               </TextLine>
               <TextLine ID="r3l18"
                         BASELINE="3006,2106 3100,2102 3194,2098 3288,2094 3383,2092 3477,2088 3571,2084 3666,2082 3760,2078 3854,2076 3949,2074 4043,2070 4137,2068 4231,2066 4326,2064 4420,2062 4514,2058 4609,2056 4703,2054 4797,2052 4892,2048"
                         HEIGHT="212"
                         WIDTH="1912"
                         VPOS="1943"
                         HPOS="2993">
                  <String HEIGHT="212"
                          WIDTH="478"
                          VPOS="1943"
                          HPOS="2933"
                          CONTENT="hang"
                          SUBS_TYPE="HypPart2"
                          SUBS_CONTENT="sammanhang"/>
                  <SP HEIGHT="212" WIDTH="60" VPOS="1943" HPOS="3411"/>
                  <String HEIGHT="212"
                          WIDTH="657"
                          VPOS="1943"
                          HPOS="3232"
                          CONTENT="hvarmed"/>
                  <SP HEIGHT="212" WIDTH="60" VPOS="1943" HPOS="3889"/>
                  <String HEIGHT="212"
                          WIDTH="717"
                          VPOS="1943"
                          HPOS="3710"
                          CONTENT="Carlberg"/>
                  <SP HEIGHT="212" WIDTH="60" VPOS="1943" HPOS="4427"/>
                  <String HEIGHT="212"
                          WIDTH="717"
                          VPOS="1943"
                          HPOS="4188"
                          CONTENT="uppgifvit:"/>
               </TextLine>
               <TextLine ID="r3l19"
                         BASELINE="3010,2252 3104,2250 3199,2248 3294,2246 3389,2244 3484,2242 3578,2240 3673,2238 3768,2234 3863,2232 3958,2228 4052,2226 4147,2223 4242,2220 4337,2216 4432,2214 4526,2210 4621,2207 4716,2204 4811,2200 4906,2198"
                         HEIGHT="208"
                         WIDTH="1919"
                         VPOS="2111"
                         HPOS="2997">
                  <String HEIGHT="208"
                          WIDTH="384"
                          VPOS="2111"
                          HPOS="2942"
                          CONTENT="att"/>
                  <SP HEIGHT="208" WIDTH="55" VPOS="2111" HPOS="3326"/>
                  <String HEIGHT="208"
                          WIDTH="329"
                          VPOS="2111"
                          HPOS="3161"
                          CONTENT="då"/>
                  <SP HEIGHT="208" WIDTH="55" VPOS="2111" HPOS="3490"/>
                  <String HEIGHT="208"
                          WIDTH="439"
                          VPOS="2111"
                          HPOS="3326"
                          CONTENT="han,"/>
                  <SP HEIGHT="208" WIDTH="55" VPOS="2111" HPOS="3765"/>
                  <String HEIGHT="208"
                          WIDTH="384"
                          VPOS="2111"
                          HPOS="3600"
                          CONTENT="som"/>
                  <SP HEIGHT="208" WIDTH="55" VPOS="2111" HPOS="3984"/>
                  <String HEIGHT="208"
                          WIDTH="384"
                          VPOS="2111"
                          HPOS="3819"
                          CONTENT="för"/>
                  <SP HEIGHT="208" WIDTH="55" VPOS="2111" HPOS="4203"/>
                  <String HEIGHT="208"
                          WIDTH="768"
                          VPOS="2111"
                          HPOS="4039"
                          CONTENT="närvarande"/>
                  <SP HEIGHT="208" WIDTH="55" VPOS="2111" HPOS="4806"/>
                  <String HEIGHT="208"
                          WIDTH="329"
                          VPOS="2111"
                          HPOS="4587"
                          CONTENT="vore"/>
               </TextLine>
               <TextLine ID="r3l20"
                         BASELINE="3002,2382 3095,2383 3189,2384 3283,2384 3376,2384 3470,2382 3564,2380 3657,2378 3751,2375 3845,2372 3939,2368 4032,2365 4126,2361 4220,2358 4313,2354 4407,2350 4501,2346 4594,2342 4688,2339 4782,2336 4876,2334"
                         HEIGHT="229"
                         WIDTH="1900"
                         VPOS="2251"
                         HPOS="2988">
                  <String HEIGHT="229"
                          WIDTH="1174"
                          VPOS="2251"
                          HPOS="2932"
                          CONTENT="tjenstförrättande"/>
                  <SP HEIGHT="229" WIDTH="56" VPOS="2251" HPOS="4106"/>
                  <String HEIGHT="229"
                          WIDTH="894"
                          VPOS="2251"
                          HPOS="3938"
                          CONTENT="Postdirektör"/>
                  <SP HEIGHT="229" WIDTH="56" VPOS="2251" HPOS="4832"/>
                  <String HEIGHT="229"
                          WIDTH="279"
                          VPOS="2251"
                          HPOS="4609"
                          CONTENT="vid"/>
               </TextLine>
               <TextLine ID="r3l21"
                         BASELINE="3022,2526 3116,2526 3210,2524 3304,2522 3398,2520 3492,2517 3586,2514 3680,2510 3774,2506 3868,2502 3962,2498 4056,2493 4150,2490 4244,2486 4338,2480 4432,2477 4526,2473 4620,2470 4714,2466 4808,2464 4902,2462"
                         HEIGHT="258"
                         WIDTH="1908"
                         VPOS="2338"
                         HPOS="3008">
                  <String HEIGHT="258"
                          WIDTH="477"
                          VPOS="2338"
                          HPOS="2960"
                          CONTENT="Kongl."/>
                  <SP HEIGHT="258" WIDTH="48" VPOS="2338" HPOS="3437"/>
                  <String HEIGHT="258"
                          WIDTH="763"
                          VPOS="2338"
                          HPOS="3294"
                          CONTENT="Postkontoret"/>
                  <SP HEIGHT="258" WIDTH="48" VPOS="2338" HPOS="4057"/>
                  <String HEIGHT="258"
                          WIDTH="334"
                          VPOS="2338"
                          HPOS="3914"
                          CONTENT="här"/>
                  <SP HEIGHT="258" WIDTH="48" VPOS="2338" HPOS="4248"/>
                  <String HEIGHT="258"
                          WIDTH="239"
                          VPOS="2338"
                          HPOS="4105"
                          CONTENT="i"/>
                  <SP HEIGHT="258" WIDTH="48" VPOS="2338" HPOS="4344"/>
                  <String HEIGHT="258"
                          WIDTH="525"
                          VPOS="2338"
                          HPOS="4201"
                          CONTENT="staden,"/>
                  <SP HEIGHT="258" WIDTH="48" VPOS="2338" HPOS="4725"/>
                  <String HEIGHT="258"
                          WIDTH="382"
                          VPOS="2338"
                          HPOS="4534"
                          CONTENT="Onsda¬"
                          SUBS_TYPE="HypPart1"
                          SUBS_CONTENT="Onsdagen"/>
                  <HYP CONTENT="-"/>
               </TextLine>
               <TextLine ID="r3l22"
                         BASELINE="3024,2662 3116,2660 3209,2656 3302,2654 3394,2650 3487,2648 3580,2644 3672,2640 3765,2637 3858,2634 3951,2630 4043,2626 4136,2623 4229,2620 4321,2616 4414,2612 4507,2610 4599,2606 4692,2604 4785,2600 4878,2598"
                         HEIGHT="195"
                         WIDTH="1881"
                         VPOS="2530"
                         HPOS="3011">
                  <String HEIGHT="195"
                          WIDTH="399"
                          VPOS="2530"
                          HPOS="2954"
                          CONTENT="gen"
                          SUBS_TYPE="HypPart2"
                          SUBS_CONTENT="Onsdagen"/>
                  <SP HEIGHT="195" WIDTH="57" VPOS="2530" HPOS="3353"/>
                  <String HEIGHT="195"
                          WIDTH="399"
                          VPOS="2530"
                          HPOS="3182"
                          CONTENT="den"/>
                  <SP HEIGHT="195" WIDTH="57" VPOS="2530" HPOS="3581"/>
                  <String HEIGHT="195"
                          WIDTH="342"
                          VPOS="2530"
                          HPOS="3410"
                          CONTENT="15"/>
                  <SP HEIGHT="195" WIDTH="57" VPOS="2530" HPOS="3752"/>
                  <String HEIGHT="195"
                          WIDTH="285"
                          VPOS="2530"
                          HPOS="3581"
                          CONTENT="i"/>
                  <SP HEIGHT="195" WIDTH="57" VPOS="2530" HPOS="3866"/>
                  <String HEIGHT="195"
                          WIDTH="513"
                          VPOS="2530"
                          HPOS="3695"
                          CONTENT="denne"/>
                  <SP HEIGHT="195" WIDTH="57" VPOS="2530" HPOS="4208"/>
                  <String HEIGHT="195"
                          WIDTH="513"
                          VPOS="2530"
                          HPOS="4037"
                          CONTENT="månad"/>
                  <SP HEIGHT="195" WIDTH="57" VPOS="2530" HPOS="4550"/>
                  <String HEIGHT="195"
                          WIDTH="570"
                          VPOS="2530"
                          HPOS="4322"
                          CONTENT="passerat"/>
               </TextLine>
               <TextLine ID="r3l23"
                         BASELINE="3024,2796 3114,2791 3204,2787 3294,2783 3384,2779 3475,2774 3565,2770 3655,2766 3745,2762 3835,2758 3926,2754 4016,2751 4106,2747 4196,2742 4286,2738 4377,2734 4467,2729 4557,2724 4647,2720 4737,2714 4828,2708"
                         HEIGHT="245"
                         WIDTH="1833"
                         VPOS="2634"
                         HPOS="3010">
                  <String HEIGHT="245"
                          WIDTH="569"
                          VPOS="2634"
                          HPOS="2947"
                          CONTENT="genom"/>
                  <SP HEIGHT="245" WIDTH="63" VPOS="2634" HPOS="3516"/>
                  <String HEIGHT="245"
                          WIDTH="569"
                          VPOS="2634"
                          HPOS="3326"
                          CONTENT="stora"/>
                  <SP HEIGHT="245" WIDTH="63" VPOS="2634" HPOS="3895"/>
                  <String HEIGHT="245"
                          WIDTH="1201"
                          VPOS="2634"
                          HPOS="3642"
                          CONTENT="expeditionsrummet"/>
               </TextLine>
               <TextLine ID="line_1584793437498_3599"
                         BASELINE="3002,2942 3096,2940 3191,2936 3220,2934"
                         HEIGHT="227"
                         WIDTH="247"
                         VPOS="2799"
                         HPOS="2985">
                  <String HEIGHT="227"
                          WIDTH="412"
                          VPOS="2799"
                          HPOS="2820"
                          CONTENT="för"/>
               </TextLine>
               <TextLine ID="r3l24"
                         BASELINE="3510,2858 3536,2858 3563,2856 3590,2856 3617,2854 3644,2854 3670,2854 3697,2852 3724,2850 3751,2849 3778,2846"
                         HEIGHT="105"
                         WIDTH="295"
                         VPOS="2773"
                         HPOS="3496">
                  <String HEIGHT="105"
                          WIDTH="369"
                          VPOS="2773"
                          HPOS="3422"
                          CONTENT="afgående"/>
               </TextLine>
               <TextLine ID="line_1584793436402_3593"
                         BASELINE="4056,2889 4139,2883 4234,2877 4329,2871 4424,2866 4518,2861 4613,2857 4708,2852 4803,2848 4898,2846"
                         HEIGHT="221"
                         WIDTH="873"
                         VPOS="2724"
                         HPOS="4037">
                  <String HEIGHT="221"
                          WIDTH="735"
                          VPOS="2724"
                          HPOS="3991"
                          CONTENT="försändelser"/>
                  <SP HEIGHT="221" WIDTH="46" VPOS="2724" HPOS="4726"/>
                  <String HEIGHT="221"
                          WIDTH="230"
                          VPOS="2724"
                          HPOS="4588"
                          CONTENT="i"/>
                  <SP HEIGHT="221" WIDTH="46" VPOS="2724" HPOS="4818"/>
                  <String HEIGHT="221"
                          WIDTH="276"
                          VPOS="2724"
                          HPOS="4634"
                          CONTENT="här¬"
                          SUBS_TYPE="HypPart1"
                          SUBS_CONTENT="härvarande"/>
                  <HYP CONTENT="-"/>
               </TextLine>
               <TextLine ID="r3l26"
                         BASELINE="3030,3066 3120,3061 3210,3056 3300,3051 3390,3046 3480,3042 3570,3036 3660,3032 3750,3027 3840,3023 3930,3018 4020,3015 4110,3012 4200,3007 4290,3003 4380,3000 4470,2997 4560,2994 4650,2990 4740,2988 4830,2986"
                         HEIGHT="233"
                         WIDTH="1827"
                         VPOS="2890"
                         HPOS="3016">
                  <String HEIGHT="233"
                          WIDTH="591"
                          VPOS="2890"
                          HPOS="2962"
                          CONTENT="varande"
                          SUBS_TYPE="HypPart2"
                          SUBS_CONTENT="härvarande"/>
                  <SP HEIGHT="233" WIDTH="54" VPOS="2890" HPOS="3553"/>
                  <String HEIGHT="233"
                          WIDTH="645"
                          VPOS="2890"
                          HPOS="3392"
                          CONTENT="Posthus,"/>
                  <SP HEIGHT="233" WIDTH="54" VPOS="2890" HPOS="4037"/>
                  <String HEIGHT="233"
                          WIDTH="1021"
                          VPOS="2890"
                          HPOS="3822"
                          CONTENT="Kontorsskrifvaren"/>
               </TextLine>
               <TextLine ID="r3l27"
                         BASELINE="3014,3204 3108,3199 3202,3194 3297,3189 3391,3185 3486,3181 3580,3176 3674,3172 3769,3168 3863,3163 3958,3160 4052,3156 4146,3150 4241,3146 4335,3143 4430,3138 4524,3134 4618,3129 4713,3125 4807,3120 4902,3116"
                         HEIGHT="265"
                         WIDTH="1920"
                         VPOS="2994"
                         HPOS="2997">
                  <String HEIGHT="265"
                          WIDTH="427"
                          VPOS="2994"
                          HPOS="2944"
                          CONTENT="Emil"/>
                  <SP HEIGHT="265" WIDTH="53" VPOS="2994" HPOS="3370"/>
                  <String HEIGHT="265"
                          WIDTH="640"
                          VPOS="2994"
                          HPOS="3210"
                          CONTENT="Björkman"/>
                  <SP HEIGHT="265" WIDTH="53" VPOS="2994" HPOS="3850"/>
                  <String HEIGHT="265"
                          WIDTH="373"
                          VPOS="2994"
                          HPOS="3690"
                          CONTENT="och"/>
                  <SP HEIGHT="265" WIDTH="53" VPOS="2994" HPOS="4064"/>
                  <String HEIGHT="265"
                          WIDTH="480"
                          VPOS="2994"
                          HPOS="3904"
                          CONTENT="extra"/>
                  <SP HEIGHT="265" WIDTH="53" VPOS="2994" HPOS="4384"/>
                  <String HEIGHT="265"
                          WIDTH="747"
                          VPOS="2994"
                          HPOS="4170"
                          CONTENT="Postbiträdet"/>
               </TextLine>
               <TextLine ID="r3l28"
                         BASELINE="3032,3336 3124,3334 3216,3332 3308,3328 3401,3325 3493,3320 3585,3317 3678,3312 3770,3306 3862,3300 3955,3296 4047,3290 4139,3284 4231,3280 4324,3274 4416,3270 4508,3265 4601,3261 4693,3258 4785,3256 4878,3254"
                         HEIGHT="259"
                         WIDTH="1870"
                         VPOS="3147"
                         HPOS="3016">
                  <String HEIGHT="259"
                          WIDTH="303"
                          VPOS="3147"
                          HPOS="2965"
                          CONTENT="J."/>
                  <SP HEIGHT="259" WIDTH="51" VPOS="3147" HPOS="3269"/>
                  <String HEIGHT="259"
                          WIDTH="303"
                          VPOS="3147"
                          HPOS="3117"
                          CONTENT="E."/>
                  <SP HEIGHT="259" WIDTH="51" VPOS="3147" HPOS="3420"/>
                  <String HEIGHT="259"
                          WIDTH="708"
                          VPOS="3147"
                          HPOS="3269"
                          CONTENT="Wallquist,"/>
                  <SP HEIGHT="259" WIDTH="51" VPOS="3147" HPOS="3976"/>
                  <String HEIGHT="259"
                          WIDTH="505"
                          VPOS="3147"
                          HPOS="3825"
                          CONTENT="hvilka"/>
                  <SP HEIGHT="259" WIDTH="51" VPOS="3147" HPOS="4330"/>
                  <String HEIGHT="259"
                          WIDTH="303"
                          VPOS="3147"
                          HPOS="4178"
                          CONTENT="då"/>
                  <SP HEIGHT="259" WIDTH="51" VPOS="3147" HPOS="4482"/>
                  <String HEIGHT="259"
                          WIDTH="606"
                          VPOS="3147"
                          HPOS="4280"
                          CONTENT="uppehållit"/>
               </TextLine>
               <TextLine ID="r3l29"
                         BASELINE="3024,3476 3116,3472 3209,3468 3302,3464 3394,3459 3487,3454 3580,3450 3672,3444 3765,3438 3858,3434 3951,3428 4043,3423 4136,3418 4229,3413 4321,3409 4414,3406 4507,3402 4599,3400 4692,3398 4785,3396 4878,3396"
                         HEIGHT="220"
                         WIDTH="1882"
                         VPOS="3314"
                         HPOS="3010">
                  <String HEIGHT="220"
                          WIDTH="329"
                          VPOS="3314"
                          HPOS="2963"
                          CONTENT="sig"/>
                  <SP HEIGHT="220" WIDTH="47" VPOS="3314" HPOS="3292"/>
                  <String HEIGHT="220"
                          WIDTH="612"
                          VPOS="3314"
                          HPOS="3151"
                          CONTENT="derstädes"/>
                  <SP HEIGHT="220" WIDTH="47" VPOS="3314" HPOS="3763"/>
                  <String HEIGHT="220"
                          WIDTH="329"
                          VPOS="3314"
                          HPOS="3622"
                          CONTENT="för"/>
                  <SP HEIGHT="220" WIDTH="47" VPOS="3314" HPOS="3951"/>
                  <String HEIGHT="220"
                          WIDTH="612"
                          VPOS="3314"
                          HPOS="3810"
                          CONTENT="Carlbergs"/>
                  <SP HEIGHT="220" WIDTH="47" VPOS="3314" HPOS="4422"/>
                  <String HEIGHT="220"
                          WIDTH="659"
                          VPOS="3314"
                          HPOS="4233"
                          CONTENT="tillkänngif¬"
                          SUBS_TYPE="HypPart1"
                          SUBS_CONTENT="tillkänngifvit"/>
                  <HYP CONTENT="-"/>
               </TextLine>
               <TextLine ID="line_1584793451906_3623"
                         BASELINE="3036,3608 3127,3604 3219,3600 3311,3596 3402,3592 3417,3591"
                         HEIGHT="149"
                         WIDTH="407"
                         VPOS="3487"
                         HPOS="3022">
                  <String HEIGHT="149"
                          WIDTH="407"
                          VPOS="3487"
                          HPOS="2964"
                          CONTENT="vit"
                          SUBS_TYPE="HypPart2"
                          SUBS_CONTENT="tillkänngifvit"/>
                  <SP HEIGHT="149" WIDTH="58" VPOS="3487" HPOS="3371"/>
                  <String HEIGHT="149"
                          WIDTH="291"
                          VPOS="3487"
                          HPOS="3138"
                          CONTENT="att"/>
               </TextLine>
               <TextLine ID="r3l30"
                         BASELINE="3644,3528 3670,3525 3696,3522 3722,3520 3748,3517 3774,3514 3800,3511 3826,3510 3852,3509 3879,3506 3905,3506 3931,3504 3957,3503 3983,3502 4009,3501 4035,3499 4061,3498 4087,3497 4114,3494"
                         HEIGHT="162"
                         WIDTH="502"
                         VPOS="3445"
                         HPOS="3630">
                  <String HEIGHT="162"
                          WIDTH="602"
                          VPOS="3445"
                          HPOS="3530"
                          CONTENT="förenämnde"/>
               </TextLine>
               <TextLine ID="line_1584793450953_3617"
                         BASELINE="4231,3555 4319,3552 4411,3548 4503,3544 4594,3540 4686,3537 4778,3532 4870,3530"
                         HEIGHT="196"
                         WIDTH="668"
                         VPOS="3430"
                         HPOS="4216">
                  <String HEIGHT="196"
                          WIDTH="501"
                          VPOS="3430"
                          HPOS="4160"
                          CONTENT="bref,"/>
                  <SP HEIGHT="196" WIDTH="56" VPOS="3430" HPOS="4661"/>
                  <String HEIGHT="196"
                          WIDTH="334"
                          VPOS="3430"
                          HPOS="4494"
                          CONTENT="då"/>
                  <SP HEIGHT="196" WIDTH="56" VPOS="3430" HPOS="4828"/>
                  <String HEIGHT="196"
                          WIDTH="278"
                          VPOS="3430"
                          HPOS="4606"
                          CONTENT="det"/>
               </TextLine>
               <TextLine ID="r3l32"
                         BASELINE="3048,3728 3140,3723 3233,3720 3326,3716 3418,3712 3511,3710 3604,3706 3696,3702 3789,3700 3882,3696 3975,3694 4067,3691 4160,3687 4253,3684 4345,3681 4438,3678 4531,3674 4623,3672 4716,3668 4809,3664 4902,3660"
                         HEIGHT="211"
                         WIDTH="1884"
                         VPOS="3582"
                         HPOS="3034">
                  <String HEIGHT="211"
                          WIDTH="496"
                          VPOS="3582"
                          HPOS="2984"
                          CONTENT="skolat"/>
                  <SP HEIGHT="211" WIDTH="50" VPOS="3582" HPOS="3480"/>
                  <String HEIGHT="211"
                          WIDTH="297"
                          VPOS="3582"
                          HPOS="3331"
                          CONTENT="af"/>
                  <SP HEIGHT="211" WIDTH="50" VPOS="3582" HPOS="3629"/>
                  <String HEIGHT="211"
                          WIDTH="595"
                          VPOS="3582"
                          HPOS="3480"
                          CONTENT="Björkman"/>
                  <SP HEIGHT="211" WIDTH="50" VPOS="3582" HPOS="4075"/>
                  <String HEIGHT="211"
                          WIDTH="248"
                          VPOS="3582"
                          HPOS="3926"
                          CONTENT="i"/>
                  <SP HEIGHT="211" WIDTH="50" VPOS="3582" HPOS="4174"/>
                  <String HEIGHT="211"
                          WIDTH="942"
                          VPOS="3582"
                          HPOS="3976"
                          CONTENT="&#34;inlemningsboken&#34;"/>
               </TextLine>
               <TextLine ID="r3l33"
                         BASELINE="3048,3860 3136,3858 3225,3856 3313,3854 3402,3851 3491,3847 3579,3843 3668,3838 3756,3834 3845,3830 3934,3824 4022,3821 4111,3816 4199,3812 4288,3808 4377,3804 4465,3801 4554,3798 4642,3796 4731,3794 4820,3794"
                         HEIGHT="222"
                         WIDTH="1800"
                         VPOS="3704"
                         HPOS="3033">
                  <String HEIGHT="222"
                          WIDTH="764"
                          VPOS="3704"
                          HPOS="2978"
                          CONTENT="qvitteras,"/>
                  <SP HEIGHT="222" WIDTH="55" VPOS="3704" HPOS="3742"/>
                  <String HEIGHT="222"
                          WIDTH="436"
                          VPOS="3704"
                          HPOS="3578"
                          CONTENT="icke"/>
                  <SP HEIGHT="222" WIDTH="55" VPOS="3704" HPOS="4015"/>
                  <String HEIGHT="222"
                          WIDTH="545"
                          VPOS="3704"
                          HPOS="3851"
                          CONTENT="kunnat"/>
                  <SP HEIGHT="222" WIDTH="55" VPOS="3704" HPOS="4397"/>
                  <String HEIGHT="222"
                          WIDTH="655"
                          VPOS="3704"
                          HPOS="4178"
                          CONTENT="återfinnas"/>
               </TextLine>
            </TextBlock>
         </PrintSpace>
      </Page>
   </Layout>
</alto>
