5016 4094
451 207 443 193 anställda
791 207 341 193 förhör
1030 207 477 193 uppgifvit,
1404 207 238 193 att
1541 207 238 193 han
1677 207 409 193 Fredagen
1983 207 238 193 den
2120 207 204 193 30
2188 207 238 193 sist¬-

455 320 337 211 lidne
679 320 300 211 Juli
867 320 225 211 på
979 320 412 211 aftonen
1279 320 262 211 vid
1429 320 337 211 Lilla
1654 320 337 211 Bomen
1841 320 562 211 sammanträffat

453 445 239 201 med
590 445 615 201 Arbetskarlarne
1102 445 308 201 Anton
1307 445 342 201 Robert
1546 445 410 201 Larsson,
1854 445 239 201 och
1991 445 308 201 Johan
2162 445 273 201 Edvard

447 582 464 169 Niklasson
804 582 321 169 Käck;
1019 582 250 169 att
1161 582 321 169 Käck,
1376 582 250 169 som
1518 582 214 169 då
1626 582 428 169 innehaft
1947 582 214 169 en
2018 582 393 169 regnrock,

437 696 266 207 bedt
603 696 399 207 Svensson
902 696 266 207 söka
1069 696 399 207 försälja
1368 696 432 207 densamma;
1700 696 233 207 att
1833 696 399 207 Svensson
2133 696 200 207 då
2199 696 233 207 emot¬-

456 860 294 141 tagit
652 860 327 141 rocken
881 860 229 141 och
1011 860 196 141 en
1109 860 294 141 stund
1305 860 392 141 derefter
1599 860 229 141 för
1730 860 229 141 Tre
1860 860 327 141 Kronor
2089 860 261 141 sålt
2219 860 229 141 honom

436 978 246 138 till
590 978 184 138 en
682 978 338 138 obekant
927 978 368 138 Skeppare
1204 978 307 138 ombord
1419 978 153 138 å
1480 978 215 138 ett
1603 978 491 138 Segelfartyg,
2002 978 215 138 som
2125 978 184 138 då
2186 978 215 138 varit

439 1055 379 201 liggande
724 1055 379 201 förtöjdt
1008 1055 284 201 invid
1197 1055 284 201 kajen
1387 1055 221 201 vid
1513 1055 347 201 Franska
1766 1055 347 201 tomten;
2018 1055 221 201 att
2113 1055 316 201 Svensson

427 1176 432 220 derefter
751 1176 216 220 ej
859 1176 612 220 sammanträffat
1363 1176 252 220 med
1508 1176 396 220 Larsson
1796 1176 252 220 och
1940 1176 288 220 Käck
2084 1176 288 220 förrän

450 1307 476 183 påföljande
824 1307 272 183 dag,
994 1307 204 183 då
1096 1307 408 183 Svensson
1402 1307 204 183 af
1505 1307 204 183 de
1607 1307 238 183 för
1743 1307 340 183 rocken
1981 1307 374 183 bekomne
2219 1307 204 183 pen¬-

452 1429 372 190 ningarne
731 1429 310 190 gifvit
948 1429 341 190 Larsson
1197 1429 186 190 10
1290 1429 217 190 öre
1414 1429 217 190 och
1538 1429 248 190 Käck
1693 1429 186 190 15
1786 1429 248 190 öre,
1942 1429 403 190 hvarjemte
2221 1429 155 190 han

422 1539 352 214 bjudit
668 1539 246 214 den
809 1539 282 214 båda
985 1539 211 214 på
1056 1539 422 214 förtäring.

614 1632 210 199 Fe
719 1632 736 199 disciplinsoldaten
1350 1632 316 199 Johan
1561 1632 351 199 Edvard
1806 1632 456 199 Niklasson
2122 1632 245 199 Käck,

426 1753 235 204 som
561 1753 235 204 den
695 1753 201 204 30
795 1753 302 204 sist.
996 1753 268 204 Juli
1164 1753 436 204 sjelfmant
1499 1753 335 204 infann
1733 1753 235 204 sig
1867 1753 168 204 å
1934 1753 402 204 Polisens
2202 1753 168 204 de¬-

419 1851 355 199 tektiva
677 1851 452 199 afdelnings
1033 1851 323 199 kontor
1259 1851 162 199 i
1324 1851 420 199 Rådhuset,
1647 1851 226 199 med
1776 1851 355 199 begäran
2035 1851 226 199 att
2131 1851 259 199 blifva

431 1967 257 151 till
591 1967 353 151 allmänt
848 1967 321 151 arbete
1073 1967 450 151 befordrad,
1426 1967 225 151 har
1555 1967 225 151 vid
1683 1967 225 151 det
1812 1967 225 151 med
1940 1967 289 151 honom
2101 1967 321 151 anställ¬-

429 2094 201 197 da
530 2094 336 197 förhör
765 2094 470 197 uppgifvit,
1134 2094 235 197 att
1268 2094 302 197 sedan
1470 2094 235 197 han
1604 2094 503 197 oftaberörde
2006 2094 235 197 dag
2107 2094 302 197 samman¬-

424 2211 375 204 träffat
697 2211 239 204 med
833 2211 205 204 fe
935 2211 716 204 Kronoarbetskarlen
1549 2211 307 204 Anton
1754 2211 273 204 Robt
1924 2211 409 204 Larsson,
2231 2211 205 204 de
2300 2211 136 204 på

440 2314 366 215 aftonen
706 2314 400 215 åtföljts
1006 2314 266 215 till
1173 2314 300 215 Östra
1372 2314 466 215 Larmgatan;
1739 2314 233 215 att
1872 2314 200 215 då
1972 2314 200 215 de
2039 2314 366 215 derstädes

416 2419 261 254 gått
580 2419 294 254 förbi
776 2419 457 254 Handlanden
1135 2419 359 254 Koppels
1396 2419 327 254 butik,
1625 2419 359 254 Larsson
1886 2419 359 254 yttrat:
2115 2419 261 254 "Skall

416 2618 285 169 vi
559 2618 380 169 taga
797 2618 666 169 regnrocken
1320 2618 333 169 som
1510 2618 476 169 hänger
1843 2618 333 169 som
1986 2618 380 169 skylt,

421 2743 551 190 hvarefter
844 2743 466 190 Larsson
1183 2743 593 190 tillgripit
1649 2743 424 190 rocken
1946 2743 297 190 och
2073 2743 339 190 lemnat

422 2873 331 156 den
611 2873 378 156 till
847 2873 425 156 Käck,
1131 2873 331 156 som
1320 2873 425 156 burit
1603 2873 567 156 densamma
2029 2873 378 156 till
2218 2873 189 156 de

426 3001 331 123 vid
615 3001 426 123 Lilla
899 3001 473 123 Bommen
1230 3001 805 123 sammanträffat
1893 3001 331 123 med
2035 3001 379 123 Svens¬-

425 3104 390 184 son,
669 3104 390 184 till
913 3104 536 184 hvilken
1302 3104 390 184 Käck
1546 3104 292 184 då
1692 3104 585 184 aflemnat
2082 3104 341 184 rock¬-

426 3193 325 162 ken
611 3193 371 162 till
843 3193 742 162 försäljning;
1446 3193 371 162 samt
1677 3193 325 162 att
1863 3193 278 162 då
2002 3193 371 162 Käck
2187 3193 232 162 och

448 3316 516 219 Larsson
823 3316 844 219 nästpåföljande
1526 3316 328 219 dag
1714 3316 516 219 träffat
2042 3316 375 219 Svens¬-

425 3439 426 178 son,
691 3439 480 178 denne
1011 3439 480 178 under
1331 3439 586 178 uppgift
1757 3439 373 178 att
1970 3439 373 178 han
2130 3439 320 178 sålt

403 3574 587 172 rocken,
829 3574 534 172 gifvit
1203 3574 427 172 Käck
1470 3574 320 172 15
1630 3574 373 172 öre
1843 3574 427 172 samt
2057 3574 373 172 dess¬-

418 3695 484 189 utom
721 3695 605 189 bjudit
1145 3695 545 189 honom
1508 3695 363 189 på
1629 3695 727 189 förtäring.

2704 220 446 140 Förre
3002 220 1041 140 Kronoarbetskarlen
3894 220 446 140 Anton
4142 220 397 140 Robert

2559 347 508 206 Larsson
2928 347 323 206 har
3113 347 508 206 blifvit
3482 347 646 206 eftersökt,
3990 347 323 206 men
4175 347 369 206 ännu
4359 347 185 206 ej

2526 481 628 192 anträffats.

2637 571 317 211 På
2796 571 475 211 grund
3113 571 317 211 af
3271 571 423 211 hvad
3535 571 581 211 sålunda
3905 571 634 211 förekommit

2580 699 538 212 komma
2939 699 718 212 Nicolaus
3477 699 718 212 Svensson
4016 699 419 212 och
4195 699 419 212 Johan

2577 815 546 204 Edvard
2959 815 491 204 Johan
3287 815 709 204 Niklasson
3832 815 436 204 Käck
4105 815 382 204 att
4269 815 327 204 den¬-

2602 924 254 203 na
2729 924 296 203 dag
2898 924 296 203 för
3067 924 296 203 PKn
3236 924 592 203 inställas.
3700 924 507 203 Göteborg
4081 924 254 203 d.
4207 924 211 203 6
4250 924 380 203 Augusti

2492 1020 466 151 1880.

4539 1088 236 114 No
4617 1088 236 114 169.

4578 1227 295 106 Pontus
4755 1227 148 106 An¬-

4572 1310 297 83 dersson,
4770 1310 149 83 Aug.

4557 1355 337 90 Hansson
4772 1355 153 90 och

4548 1413 253 96 Edgar
4688 1413 253 96 Wilhelm

4510 1474 315 78 Möller.

2744 1151 796 171 Hamninspektören
3415 1151 335 171 Carl
3624 1151 545 171 Svensson,
4043 1151 419 171 boende
4337 1151 210 171 i
4378 1151 210 171 hu¬-

2595 1289 273 124 set
2751 1289 234 124 No
2868 1289 234 124 33
2985 1289 351 124 Litt.
3218 1289 234 124 A.
3335 1289 468 124 Majornas
3686 1289 312 124 3dje
3881 1289 312 124 rote
4076 1289 273 124 och
4192 1289 390 124 anställd

2590 1371 229 151 å
2682 1371 780 151 Handelsfirman
3324 1371 504 151 Fredrik
3691 1371 367 151 Malm
3920 1371 229 151 &
4012 1371 275 151 Co
4103 1371 459 151 brädgård

2584 1436 243 205 å
2682 1436 292 205 s.
2828 1436 292 205 k.
2974 1436 438 205 Sågen
3266 1436 243 205 i
3363 1436 535 205 Majorna
3752 1436 341 205 har
3947 1436 487 205 anmält
4239 1436 292 205 Fre¬-

2573 1533 420 195 dagen
2854 1533 327 195 den
3040 1533 234 195 6
3134 1533 280 195 ds
3274 1533 234 195 i
3367 1533 234 195 4
3461 1533 701 195 distriktets
3975 1533 560 195 vaktkontor

2566 1676 537 161 anmält,
2956 1676 341 161 att
3152 1676 878 161 derförutgångne
3883 1676 390 161 natt
4127 1676 244 161 i
4176 1676 390 161 ofvan¬-

2578 1766 481 170 nämnde
2914 1766 577 170 brädgård
3347 1766 721 170 tillgripits
3923 1766 529 170 omkring
4260 1766 240 170 1/4

2566 1885 385 160 famn
2807 1885 626 160 plankved,
3288 1885 385 160 värd
3529 1885 241 160 5
3626 1885 530 160 Kronor,
4011 1885 530 160 hvilken
4348 1885 241 160 ved

2570 1973 502 193 samma
2905 1973 391 193 dag
3128 1973 335 193 på
3296 1973 670 193 morgonen
3798 1973 726 193 befunnits
4301 1973 279 193 va¬-

2572 2057 329 162 ra
2737 2057 603 162 upplagd
3175 2057 383 162 vid
3339 2057 493 162 Bläsan.

2671 2151 849 206 Poliskonstapeln
3386 2151 268 206 No
3520 2151 313 206 122
3699 2151 491 206 Persson
4056 2151 313 206 har
4190 2151 313 206 samma

2576 2274 307 173 dag
2752 2274 307 173 kl.
2927 2274 307 173 3/4
3103 2274 219 173 1
3190 2274 527 173 middagen
3585 2274 395 173 såsom
3849 2274 570 173 misstänkt
4244 2274 263 173 för¬-

2577 2373 426 197 detta
2861 2373 615 197 tillgrepp
3334 2373 568 197 anhållit
3713 2373 757 197 arbetskarlarne

2568 2491 489 179 Pontus
2911 2491 685 179 Andersson,
3449 2491 489 179 boende
3792 2491 245 179 i
3890 2491 441 179 huset
4183 2491 294 179 No
4281 2491 196 179 16

2572 2595 425 187 Litt.
2855 2595 331 187 F.,
3044 2595 473 187 August
3375 2595 567 187 Hansson,
3800 2595 473 187 boende
4131 2595 236 187 i
4178 2595 331 187 huset

2575 2688 268 181 No
2709 2688 268 181 16
2843 2688 402 181 Litt.
3112 2688 268 181 R;
3246 2688 313 181 och
3425 2688 268 181 fe
3559 2688 939 181 kronoarbetskarlen
4319 2688 223 181 Ed¬-

2572 2804 368 158 gar
2783 2804 578 158 Wilhelm
3203 2804 578 158 Möller,
3623 2804 525 158 boende
3991 2804 263 158 i
4096 2804 473 158 huset
4359 2804 210 158 No

2574 2915 335 187 202
2766 2915 383 187 alla
3005 2915 239 187 i
3101 2915 574 187 Majornas
3531 2915 383 187 1sta
3770 2915 431 187 rote,
4058 2915 479 187 hvilka
4345 2915 239 187 vid

2574 3026 363 139 det
2782 3026 363 139 med
2989 3026 363 139 dem
3197 3026 675 139 anställda
3716 3026 519 139 förhör
4028 3026 467 139 vidgått

2588 3126 330 196 att
2776 3126 283 196 de
2918 3126 707 196 ifrågakomne
3484 3126 424 196 natt,
3767 3126 424 196 efter
4050 3126 330 196 att
4191 3126 330 196 hafva

2586 3230 261 154 i
2690 3230 313 154 en
2847 3230 365 154 båt
3055 3230 522 154 inrott
3421 3230 261 154 i
3525 3230 522 154 hamnen
3890 3230 417 154 till
4099 3230 417 154 ofvan¬-

2580 3342 489 199 nämnde
2923 3342 636 199 brädgård,
3412 3342 342 199 der
3607 3342 685 199 tillgripit
4097 3342 440 199 ifråga¬-

2548 3487 526 182 komne
2898 3487 468 182 ved,
3190 3487 409 182 som
3424 3487 351 182 de
3599 3487 701 182 derefter
4067 3487 526 182 upplagt

2591 3578 383 187 vid
2810 3578 601 187 Bläsan;
3247 3578 437 187 samt
3521 3578 383 187 att
3739 3578 328 187 de
3848 3578 711 187 derpåföljde

2582 3702 325 182 dag
2767 3702 372 182 till
3000 3702 325 182 två
3186 3702 558 182 obekanta
3604 3702 511 182 qvinnor
3976 3702 325 182 för
4162 3702 232 182 2
4208 3702 372 182 kronor
