5034 4063
509 98 235 159 har
643 98 335 159 jemväl
877 98 369 159 blifwit
1145 98 302 159 hörd,
1346 98 335 159 derwid
1581 98 235 159 han
1715 98 436 159 förklarat
2050 98 235 159 att
2150 98 134 159 då

496 216 272 113 han
651 216 427 113 tillika
962 216 272 113 med
1117 216 272 113 den
1272 216 272 113 här
1427 216 349 113 ofwan
1660 216 466 113 omnämnde
1971 216 310 113 Anders

485 313 407 116 berörde
781 313 333 116 afton
1003 313 333 116 warit
1226 313 296 116 inne
1411 313 185 116 i
1448 313 296 116 Handl.

1933 309 337 119 butik
2120 309 187 119 wid

488 398 322 130 Östra
703 398 465 130 Larmgatan
1061 398 250 130 för
1204 398 250 130 att
1347 398 250 130 der
1490 398 286 130 köpa
1669 398 250 130 sig
1812 398 250 130 ett
1955 398 250 130 par
2063 398 250 130 skor,

487 481 261 155 han
636 481 484 155 iakttagit
1008 481 261 155 att
1157 481 261 155 twå
1306 481 335 155 andra
1530 481 373 155 karlar
1791 481 484 155 samtidigt
2126 481 186 155 in¬-

487 571 396 152 newarit
775 571 180 152 i
847 571 432 152 butiken,
1171 571 216 152 af
1279 571 360 152 hvilka
1531 571 360 152 Olsson
1783 571 180 152 i
1855 571 288 152 Olof
1999 571 324 152 Jonsson

483 674 373 159 tyckte
744 674 261 159 sig
893 674 485 159 igenkänna
1266 674 261 159 den
1415 674 298 159 ene;
1601 674 261 159 att
1751 674 410 159 bemälde
2012 674 298 159 perso¬-

477 757 270 151 ner
632 757 308 151 gått
824 757 308 151 från
1017 757 424 151 butiken
1325 757 347 151 något
1557 757 308 151 före
1749 757 385 151 Rudolf
1981 757 308 151 Olsson

474 864 301 125 och
646 864 474 125 Anders;
948 864 215 125 att

1300 850 425 138 derefter
1618 850 389 138 yttrat:
1902 850 248 138 "nu
2008 850 283 138 stölde

480 937 190 172 de
575 937 190 172 en
670 937 316 172 rock";
891 937 221 172 att
1018 937 190 172 då
1112 937 316 172 Olsson
1333 937 221 172 hos

1855 950 200 140 ej
1955 950 266 140 fått
2088 950 233 140 några

479 1040 453 145 passande
819 1040 339 145 skor,
1045 1040 264 145 han
1196 1040 264 145 och
1347 1040 377 145 Anders
1611 1040 302 145 gått
1799 1040 226 145 ut
1912 1040 302 145 till
2063 1040 264 145 andra

495 1139 492 159 Långgatan
874 1139 189 159 i
950 1139 379 159 afsigt
1215 1139 265 159 att
1366 1139 265 159 der
1518 1139 265 159 hos
1669 1139 341 159 någon
1859 1139 454 159 pantlånare

476 1232 318 169 köpa
675 1232 278 169 ett
834 1232 278 169 par
992 1232 437 169 dylika;
1310 1232 278 169 att
1469 1232 278 169 han
1627 1232 278 169 der
1747 1232 595 169 sammanträffat

483 1327 268 135 med
636 1327 306 135 Olof
827 1327 459 135 Jonsson;
1171 1327 306 135 samt
1362 1327 229 135 en
1477 1327 344 135 annan
1706 1327 344 135 karl,
1936 1327 306 135 utan
2089 1327 191 135 att

484 1426 400 127 Olsson
764 1426 200 127 i
844 1426 360 127 denne
1084 1426 520 127 igenkänna
1485 1426 320 127 den,
1685 1426 280 127 som
1845 1426 320 127 kort
2005 1426 280 127 förut

423 1539 321 117 besökt

932 1524 367 144 butik,
1189 1524 183 144 i
1262 1524 440 144 sällskap
1592 1524 257 144 med
1739 1524 257 144 den
1886 1524 257 144 som
1996 1524 293 144 Olsson

494 1615 362 157 trodde
747 1615 326 157 warit
964 1615 398 157 Jonsson
1254 1615 290 157 samt
1435 1615 253 157 att
1580 1615 362 157 Olsson
1834 1615 290 157 till
1978 1615 290 157 denne,

473 1711 309 123 som
650 1711 265 123 på
782 1711 309 123 ene
959 1711 398 123 armen
1224 1711 398 123 burit
1489 1711 265 123 en
1622 1711 354 123 mörk
1843 1711 398 123 rock,
2064 1711 221 123 men

487 1807 299 160 icke
674 1807 337 160 warit
898 1807 374 160 iklädd
1160 1807 337 160 någon
1385 1807 374 160 dylik,
1647 1807 374 160 lemnat
1909 1807 262 160 sin
2021 1807 262 160 rock,

498 1903 438 131 hvarefter
835 1903 202 131 de
903 1903 371 131 åtskiljt.

531 1947 267 154 Den
684 1947 611 154 ifrågawarade
1180 1947 382 154 rocken
1447 1947 267 154 har
1600 1947 420 154 blifvit
1867 1947 458 154 återställd

483 2096 285 141 till
626 2096 499 141 Målseganden.

957 2257 425 176 Göteborg
1275 2257 248 176 den
1417 2257 212 176 31
1523 2257 425 176 December
1806 2257 248 176 1880.

65 2363 261 137 No
153 2363 261 137 271.

528 2347 366 148 Enligt
785 2347 659 148 Poliskammarens
1333 2347 366 148 beslut
1589 2347 256 148 den
1736 2347 183 148 7
1809 2347 366 148 dennes
2028 2347 293 148 skulle

501 2455 552 137 arbetskarlen
949 2455 345 137 Rudolf
1191 2455 345 137 Olsson
1432 2455 242 137 wid
1570 2455 552 137 anträffandet
1984 2455 345 137 inställ¬-

495 2553 261 155 las
644 2553 224 155 om
756 2553 410 155 förswar
1054 2553 186 155 i
1129 2553 485 155 anledning
1502 2553 373 155 hvaraf
1725 2553 597 155 Detektivpolis¬-

482 2626 566 137 konstaplarne
942 2626 212 137 E.
1048 2626 460 137 Hellström
1402 2626 248 137 och
1543 2626 212 137 J.
1650 2626 460 137 Rönnbäck,
1968 2626 354 137 Fredagen

487 2715 277 136 den
646 2715 237 136 24
764 2715 237 136 ds
883 2715 237 136 på
1002 2715 237 136 e.
1120 2715 237 136 m.
1239 2715 475 136 anhållit
1595 2715 593 136 ofvannämnde
2030 2715 317 136 Olsson

469 2804 395 154 hvilken
757 2804 252 154 vid
900 2804 575 154 anhållandet,
1368 2804 323 154 bland
1583 2804 323 154 annat
1799 2804 431 154 innehade
2086 2804 252 154 pant¬-

486 2901 360 149 sedeln
738 2901 216 149 No
846 2901 288 149 1267
1025 2901 180 149 å
1097 2901 252 149 ett
1241 2901 396 149 guldur,
1529 2901 432 149 belånadt
1853 2901 252 149 den
1996 2901 216 149 29
2068 2901 288 149 sistl.

476 2968 456 156 November
818 2968 266 156 med
970 2968 228 156 25
1083 2968 418 156 Kronor,
1387 2968 266 156 hos
1539 2968 569 156 Pantlånaren
1994 2968 228 156 J.
2070 2968 266 156 Nils¬-

484 3065 313 138 son,
679 3065 196 138 i
758 3065 352 138 huset
992 3065 235 138 No
1110 3065 235 138 82
1227 3065 313 138 Litt
1422 3065 196 138 A
1501 3065 274 138 wid
1618 3065 469 138 Korswägen.

506 3121 404 175 Olsson,
800 3121 294 175 hörd
984 3121 441 175 angående
1315 3121 478 175 åtkomsten
1683 3121 294 175 till
1830 3121 478 175 pantsedeln,

498 3251 263 164 har
649 3251 488 164 uppgifvit
1024 3251 263 164 att
1174 3251 263 164 han
1324 3251 451 164 Fredagen
1662 3251 263 164 den
1812 3251 225 164 24
1925 3251 225 164 ds
2038 3251 225 164 på
2113 3251 225 164 e.m.

479 3343 183 157 å
552 3343 657 157 Kungsortsplats
1099 3343 475 157 upphittat
1428 3343 402 157 densamme.

556 3406 345 184 Sedan
786 3406 575 184 ofvannämnde
1246 3406 422 184 Nilsson
1553 3406 422 184 upplyst
1860 3406 269 184 att
1975 3406 307 184 Olsson

493 3493 251 199 hos
637 3493 323 199 honom
852 3493 431 199 pantsatt
1176 3493 323 199 uret,
1391 3493 395 199 hvilket
1678 3493 539 199 fortfarande
2073 3493 180 199 hos

480 3586 387 172 Nilsson
762 3586 493 172 förwarades
1149 3586 423 172 infördes
1466 3586 423 172 annonser
1783 3586 176 172 i
1853 3586 387 172 Stadens
2100 3586 211 172 tid¬-

478 3696 363 143 ningar
732 3696 254 143 med
877 3696 436 143 anhållan
1204 3696 254 143 att
1349 3696 363 143 egaren
1603 3696 290 143 till
1785 3696 436 143 detsamma
2075 3696 254 143 måtte

2704 105 352 172 anmäla
2950 105 246 172 sig
3091 105 176 172 å
3161 105 422 172 Polisens
3477 105 457 172 Detektiva
3794 105 668 172 afdelningskontor.

2764 204 546 166 Thorsdagen
3193 204 273 166 den
3349 204 234 166 30
3466 204 195 166 i
3544 204 351 166 denna
3779 204 351 166 månad
4013 204 273 166 har
4130 204 351 166 Bageri¬-

2684 283 493 160 arbetaren
3063 283 379 160 August
3329 283 455 160 Swedbom,
3670 283 417 160 anstäld
3973 283 265 160 hos
4087 283 417 160 Bagaremä¬-

2670 372 367 165 staren
2927 372 220 165 A.
3037 372 477 165 Carlberg,
3404 372 184 165 i
3478 372 330 165 huset
3698 372 220 165 No
3808 372 220 165 14
3918 372 257 165 vid
4029 372 441 165 Torggatan,

2670 462 373 151 anmält
2931 462 261 151 sig
3080 462 336 151 såsom
3304 462 336 151 egare
3527 462 298 151 till
3714 462 485 151 gulduret,
4087 462 336 151 under
4273 462 224 151 upp¬-

2658 547 331 177 gift
2865 547 290 177 att
3030 547 497 177 Lördagen
3403 547 290 177 den
3569 547 249 177 27
3693 547 539 177 November,
4066 547 373 177 klockan

2668 622 475 183 emellan
3013 622 216 183 8
3100 622 302 183 och
3273 622 216 183 9
3359 622 259 183 på
3489 622 518 183 aftonen,
3877 622 259 183 då
4007 622 302 183 han
4136 622 346 183 kommit

2666 732 403 157 gående
2948 732 202 157 å
3029 732 363 157 Östra
3271 732 605 157 Skansgatan,
3755 732 282 157 ett
3916 732 444 157 obekant
4199 732 282 157 mans¬-

2657 821 485 175 person,
3010 821 309 175 som
3186 821 309 175 han
3363 821 309 175 der
3539 821 397 175 mött,
3804 821 529 175 omfamnat
4156 821 309 175 honom

2675 911 267 162 och
2827 911 381 162 dervid
3094 911 533 162 tillgripit
3513 911 343 162 såväl
3741 911 305 162 uret
3932 911 267 162 med
4046 911 457 162 vidhängan¬-

2666 1001 226 132 de
2779 1001 791 132 kompositionskedja
3458 1001 264 132 och
3609 1001 377 132 derwid
3872 1001 377 132 fästad
4098 1001 415 132 medaljong

2675 1095 240 180 af
2795 1095 320 180 guld
2995 1095 280 180 som
3155 1095 280 180 och
3314 1095 240 180 en
3434 1095 200 180 i
3514 1095 280 180 ena
3674 1095 400 180 fickan
3954 1095 479 180 förwarad
4273 1095 240 180 brun

2611 1173 816 191 skinnportemonai,
3304 1173 652 191 innehållande
3835 1173 449 191 omkring
4120 1173 367 191 tretton

2682 1273 393 166 kronor;
2968 1273 250 166 att
3111 1273 250 166 den
3254 1273 357 166 okände
3504 1273 429 166 derefter
3826 1273 429 166 springit
4148 1273 286 166 bort
4291 1273 214 166 utan

2681 1387 296 163 att
2850 1387 466 163 Swedbom
3189 1387 423 163 kunnat
3485 1387 508 163 upphinna
3866 1387 381 163 honom
4120 1387 339 163 samt
4289 1387 212 163 att

2678 1481 490 151 Svedbom
3035 1481 356 151 icke
3258 1481 401 151 ämnat
3525 1481 446 151 anmäla
3837 1481 312 151 det
4015 1481 356 151 från
4193 1481 312 151 honom

2687 1576 522 163 föröfwade
3088 1576 602 163 tillgreppet
3570 1576 281 163 men
3730 1576 241 163 då
3851 1576 281 163 han
4011 1576 201 163 i
4052 1576 442 163 tidnings¬-

2669 1663 492 163 annonsen
3038 1663 492 163 inhämtat
3407 1663 287 163 att
3571 1663 287 163 ett
3735 1663 410 163 dylikt
4022 1663 287 163 ur,
4186 1663 287 163 som
4309 1663 205 163 det

2662 1765 293 171 från
2845 1765 329 171 honom
3065 1765 512 171 tillgripne
3467 1765 402 171 blifwit
3759 1765 658 171 tillvaratagit,
4271 1765 183 171 han

2684 1858 364 115 ändrat
2938 1858 291 115 sitt
3084 1858 327 115 beslut.

2790 1919 293 190 Uret
2973 1919 256 190 med
3120 1919 329 190 kedja
3339 1919 256 190 och
3486 1919 476 190 medaljong
3852 1919 256 190 har
3998 1919 220 190 af
4108 1919 366 190 egaren
4327 1919 220 190 wär¬-

2688 2034 358 166 derats
2939 2034 287 166 till
3118 2034 394 166 Fyratio
3369 2034 322 166 Kronor.
