<?xml version="1.0" encoding="UTF-8"?>
<alto xmlns:xsi="http://www.w3.org/2001/XMLSchema-instance"
      xmlns="http://www.loc.gov/standards/alto/ns-v4#"
      xmlns:page="http://schema.primaresearch.org/PAGE/gts/pagecontent/2013-07-15"
      xsi:schemaLocation="http://www.loc.gov/standards/alto/ns-v4# https://www.loc.gov/standards/alto/v4/alto.xsd">
   <Description>
      <MeasurementUnit>pixel</MeasurementUnit>
      <OCRProcessing ID="IdOcr">
         <ocrProcessingStep>
            <processingDateTime>2022-11-18T16:09:45.895+01:00</processingDateTime>
            <processingSoftware>
               <softwareCreator>READ COOP</softwareCreator>
               <softwareName>Transkribus</softwareName>
            </processingSoftware>
         </ocrProcessingStep>
      </OCRProcessing>
   </Description>
   <Tags/>
   <Layout>
      <Page ID="Page1" PHYSICAL_IMG_NR="1" HEIGHT="4088" WIDTH="5110">
         <TopMargin HEIGHT="0" WIDTH="5110" VPOS="0" HPOS="0"/>
         <LeftMargin HEIGHT="4088" WIDTH="0" VPOS="0" HPOS="0"/>
         <RightMargin HEIGHT="4088" WIDTH="0" VPOS="0" HPOS="5110"/>
         <BottomMargin HEIGHT="0" WIDTH="5110" VPOS="4088" HPOS="0"/>
         <PrintSpace HEIGHT="4088" WIDTH="5110" VPOS="0" HPOS="0">
            <TextBlock ID="r1" HEIGHT="3682" WIDTH="1958" VPOS="208" HPOS="498">
               <Shape>
                  <Polygon POINTS="498,208 498,3890 2456,3890 2456,208"/>
               </Shape>
               <TextLine ID="r1l1"
                         BASELINE="786,264 867,269 948,272 1029,276 1111,280 1192,282 1273,284 1355,287 1436,290 1517,291 1599,294 1680,295 1761,296 1842,298 1924,300 2005,304 2086,306 2168,308 2249,312 2330,315 2412,318"
                         HEIGHT="138"
                         WIDTH="1626"
                         VPOS="208"
                         HPOS="786">
                  <String HEIGHT="138"
                          WIDTH="311"
                          VPOS="208"
                          HPOS="751"
                          CONTENT="Efter"/>
                  <SP HEIGHT="138" WIDTH="35" VPOS="208" HPOS="1063"/>
                  <String HEIGHT="138"
                          WIDTH="242"
                          VPOS="208"
                          HPOS="959"
                          CONTENT="det"/>
                  <SP HEIGHT="138" WIDTH="35" VPOS="208" HPOS="1201"/>
                  <String HEIGHT="138"
                          WIDTH="830"
                          VPOS="208"
                          HPOS="1097"
                          CONTENT="detektivkonstaplarne"/>
                  <SP HEIGHT="138" WIDTH="35" VPOS="208" HPOS="1928"/>
                  <String HEIGHT="138"
                          WIDTH="208"
                          VPOS="208"
                          HPOS="1824"
                          CONTENT="P."/>
                  <SP HEIGHT="138" WIDTH="35" VPOS="208" HPOS="2031"/>
                  <String HEIGHT="138"
                          WIDTH="415"
                          VPOS="208"
                          HPOS="1928"
                          CONTENT="Lindgren"/>
                  <SP HEIGHT="138" WIDTH="35" VPOS="208" HPOS="2343"/>
                  <String HEIGHT="138"
                          WIDTH="242"
                          VPOS="208"
                          HPOS="2239"
                          CONTENT="och"/>
                  <SP HEIGHT="138" WIDTH="35" VPOS="208" HPOS="2481"/>
                  <String HEIGHT="138" WIDTH="69" VPOS="208" HPOS="2343" CONTENT=""/>
               </TextLine>
               <TextLine ID="r1l2"
                         BASELINE="588,392 678,394 769,396 860,398 951,400 1042,400 1132,402 1223,404 1314,404 1405,406 1496,408 1586,410 1677,410 1768,413 1859,416 1950,418 2040,421 2131,424 2222,428 2313,432 2404,436"
                         HEIGHT="128"
                         WIDTH="1816"
                         VPOS="336"
                         HPOS="588">
                  <String HEIGHT="128" WIDTH="198" VPOS="336" HPOS="555" CONTENT="C."/>
                  <SP HEIGHT="128" WIDTH="33" VPOS="336" HPOS="753"/>
                  <String HEIGHT="128"
                          WIDTH="429"
                          VPOS="336"
                          HPOS="654"
                          CONTENT="Hellström"/>
                  <SP HEIGHT="128" WIDTH="33" VPOS="336" HPOS="1083"/>
                  <String HEIGHT="128"
                          WIDTH="429"
                          VPOS="336"
                          HPOS="984"
                          CONTENT="iakttagit"/>
                  <SP HEIGHT="128" WIDTH="33" VPOS="336" HPOS="1413"/>
                  <String HEIGHT="128"
                          WIDTH="231"
                          VPOS="336"
                          HPOS="1314"
                          CONTENT="att"/>
                  <SP HEIGHT="128" WIDTH="33" VPOS="336" HPOS="1546"/>
                  <String HEIGHT="128"
                          WIDTH="231"
                          VPOS="336"
                          HPOS="1446"
                          CONTENT="ett"/>
                  <SP HEIGHT="128" WIDTH="33" VPOS="336" HPOS="1678"/>
                  <String HEIGHT="128"
                          WIDTH="363"
                          VPOS="336"
                          HPOS="1579"
                          CONTENT="obekant"/>
                  <SP HEIGHT="128" WIDTH="33" VPOS="336" HPOS="1942"/>
                  <String HEIGHT="128"
                          WIDTH="462"
                          VPOS="336"
                          HPOS="1843"
                          CONTENT="fruntimmer"/>
                  <SP HEIGHT="128" WIDTH="33" VPOS="336" HPOS="2305"/>
                  <String HEIGHT="128"
                          WIDTH="231"
                          VPOS="336"
                          HPOS="2173"
                          CONTENT="flera"/>
               </TextLine>
               <TextLine ID="r1l3"
                         BASELINE="564,506 658,510 753,514 847,518 942,520 1037,524 1131,526 1226,528 1320,528 1415,530 1510,532 1604,534 1699,536 1793,538 1888,540 1983,544 2077,547 2172,552 2266,558 2361,563 2456,572"
                         HEIGHT="150"
                         WIDTH="1892"
                         VPOS="450"
                         HPOS="564">
                  <String HEIGHT="150"
                          WIDTH="439"
                          VPOS="450"
                          HPOS="530"
                          CONTENT="torgdagar"/>
                  <SP HEIGHT="150" WIDTH="34" VPOS="450" HPOS="969"/>
                  <String HEIGHT="150"
                          WIDTH="270"
                          VPOS="450"
                          HPOS="868"
                          CONTENT="utan"/>
                  <SP HEIGHT="150" WIDTH="34" VPOS="450" HPOS="1138"/>
                  <String HEIGHT="150"
                          WIDTH="304"
                          VPOS="450"
                          HPOS="1037"
                          CONTENT="något"/>
                  <SP HEIGHT="150" WIDTH="34" VPOS="450" HPOS="1341"/>
                  <String HEIGHT="150"
                          WIDTH="372"
                          VPOS="450"
                          HPOS="1240"
                          CONTENT="synligt"/>
                  <SP HEIGHT="150" WIDTH="34" VPOS="450" HPOS="1611"/>
                  <String HEIGHT="150"
                          WIDTH="338"
                          VPOS="450"
                          HPOS="1510"
                          CONTENT="arende"/>
                  <SP HEIGHT="150" WIDTH="34" VPOS="450" HPOS="1848"/>
                  <String HEIGHT="150"
                          WIDTH="270"
                          VPOS="450"
                          HPOS="1747"
                          CONTENT="gått"/>
                  <SP HEIGHT="150" WIDTH="34" VPOS="450" HPOS="2017"/>
                  <String HEIGHT="150"
                          WIDTH="372"
                          VPOS="450"
                          HPOS="1915"
                          CONTENT="omkring"/>
                  <SP HEIGHT="150" WIDTH="34" VPOS="450" HPOS="2287"/>
                  <String HEIGHT="150" WIDTH="169" VPOS="450" HPOS="2186" CONTENT="å"/>
                  <SP HEIGHT="150" WIDTH="34" VPOS="450" HPOS="2355"/>
                  <String HEIGHT="150"
                          WIDTH="237"
                          VPOS="450"
                          HPOS="2220"
                          CONTENT="Kungs"/>
               </TextLine>
               <TextLine ID="r1l4"
                         BASELINE="562,632 654,634 747,636 840,638 932,640 1025,640 1118,642 1210,644 1303,645 1396,646 1489,648 1581,650 1674,652 1767,654 1859,655 1952,657 2045,660 2137,662 2230,665 2323,668 2416,670"
                         HEIGHT="122"
                         WIDTH="1854"
                         VPOS="576"
                         HPOS="562">
                  <String HEIGHT="122"
                          WIDTH="314"
                          VPOS="576"
                          HPOS="531"
                          CONTENT="torget"/>
                  <SP HEIGHT="122" WIDTH="31" VPOS="576" HPOS="845"/>
                  <String HEIGHT="122"
                          WIDTH="220"
                          VPOS="576"
                          HPOS="751"
                          CONTENT="och"/>
                  <SP HEIGHT="122" WIDTH="31" VPOS="576" HPOS="971"/>
                  <String HEIGHT="122"
                          WIDTH="314"
                          VPOS="576"
                          HPOS="876"
                          CONTENT="dervid"/>
                  <SP HEIGHT="122" WIDTH="31" VPOS="576" HPOS="1190"/>
                  <String HEIGHT="122"
                          WIDTH="534"
                          VPOS="576"
                          HPOS="1096"
                          CONTENT="företrädesvis"/>
                  <SP HEIGHT="122" WIDTH="31" VPOS="576" HPOS="1630"/>
                  <String HEIGHT="122"
                          WIDTH="440"
                          VPOS="576"
                          HPOS="1536"
                          CONTENT="uppehållit"/>
                  <SP HEIGHT="122" WIDTH="31" VPOS="576" HPOS="1976"/>
                  <String HEIGHT="122"
                          WIDTH="220"
                          VPOS="576"
                          HPOS="1882"
                          CONTENT="sig"/>
                  <SP HEIGHT="122" WIDTH="31" VPOS="576" HPOS="2102"/>
                  <String HEIGHT="122" WIDTH="157" VPOS="576" HPOS="2007" CONTENT="å"/>
                  <SP HEIGHT="122" WIDTH="31" VPOS="576" HPOS="2165"/>
                  <String HEIGHT="122"
                          WIDTH="189"
                          VPOS="576"
                          HPOS="2070"
                          CONTENT="de"/>
                  <SP HEIGHT="122" WIDTH="31" VPOS="576" HPOS="2259"/>
                  <String HEIGHT="122"
                          WIDTH="283"
                          VPOS="576"
                          HPOS="2133"
                          CONTENT="ställen"/>
               </TextLine>
               <TextLine ID="r1l5"
                         BASELINE="564,754 656,756 749,756 842,756 935,756 1028,758 1121,758 1214,758 1307,760 1400,760 1493,762 1585,764 1678,766 1771,768 1864,770 1957,772 2050,775 2143,778 2236,781 2329,785 2422,790"
                         HEIGHT="117"
                         WIDTH="1858"
                         VPOS="700"
                         HPOS="564">
                  <String HEIGHT="117"
                          WIDTH="260"
                          VPOS="700"
                          HPOS="527"
                          CONTENT="der"/>
                  <SP HEIGHT="117" WIDTH="37" VPOS="700" HPOS="787"/>
                  <String HEIGHT="117"
                          WIDTH="260"
                          VPOS="700"
                          HPOS="675"
                          CONTENT="det"/>
                  <SP HEIGHT="117" WIDTH="37" VPOS="700" HPOS="936"/>
                  <String HEIGHT="117"
                          WIDTH="334"
                          VPOS="700"
                          HPOS="824"
                          CONTENT="mesta"/>
                  <SP HEIGHT="117" WIDTH="37" VPOS="700" HPOS="1159"/>
                  <String HEIGHT="117"
                          WIDTH="372"
                          VPOS="700"
                          HPOS="1047"
                          CONTENT="folket"/>
                  <SP HEIGHT="117" WIDTH="37" VPOS="700" HPOS="1419"/>
                  <String HEIGHT="117"
                          WIDTH="334"
                          VPOS="700"
                          HPOS="1307"
                          CONTENT="varit"/>
                  <SP HEIGHT="117" WIDTH="37" VPOS="700" HPOS="1642"/>
                  <String HEIGHT="117"
                          WIDTH="372"
                          VPOS="700"
                          HPOS="1530"
                          CONTENT="samlat"/>
                  <SP HEIGHT="117" WIDTH="37" VPOS="700" HPOS="1902"/>
                  <String HEIGHT="117"
                          WIDTH="334"
                          VPOS="700"
                          HPOS="1790"
                          CONTENT="hafva"/>
                  <SP HEIGHT="117" WIDTH="37" VPOS="700" HPOS="2125"/>
                  <String HEIGHT="117"
                          WIDTH="334"
                          VPOS="700"
                          HPOS="2013"
                          CONTENT="samme"/>
                  <SP HEIGHT="117" WIDTH="37" VPOS="700" HPOS="2348"/>
                  <String HEIGHT="117"
                          WIDTH="223"
                          VPOS="700"
                          HPOS="2199"
                          CONTENT="kon¬"
                          SUBS_TYPE="HypPart1"
                          SUBS_CONTENT="konstaplar"/>
                  <HYP CONTENT="-"/>
               </TextLine>
               <TextLine ID="r1l6"
                         BASELINE="564,864 654,864 744,866 835,866 925,868 1016,870 1106,870 1196,872 1287,874 1377,876 1468,878 1558,880 1648,882 1739,884 1829,886 1920,890 2010,892 2100,894 2191,896 2281,900 2372,902"
                         HEIGHT="119"
                         WIDTH="1808"
                         VPOS="810"
                         HPOS="564">
                  <String HEIGHT="119"
                          WIDTH="382"
                          VPOS="810"
                          HPOS="529"
                          CONTENT="staplar"
                          SUBS_TYPE="HypPart2"
                          SUBS_CONTENT="konstaplar"/>
                  <SP HEIGHT="119" WIDTH="35" VPOS="810" HPOS="912"/>
                  <String HEIGHT="119"
                          WIDTH="243"
                          VPOS="810"
                          HPOS="807"
                          CONTENT="den"/>
                  <SP HEIGHT="119" WIDTH="35" VPOS="810" HPOS="1051"/>
                  <String HEIGHT="119" WIDTH="209" VPOS="810" HPOS="946" CONTENT="10"/>
                  <SP HEIGHT="119" WIDTH="35" VPOS="810" HPOS="1155"/>
                  <String HEIGHT="119"
                          WIDTH="348"
                          VPOS="810"
                          HPOS="1051"
                          CONTENT="dennes"/>
                  <SP HEIGHT="119" WIDTH="35" VPOS="810" HPOS="1398"/>
                  <String HEIGHT="119"
                          WIDTH="313"
                          VPOS="810"
                          HPOS="1294"
                          CONTENT="såsom"/>
                  <SP HEIGHT="119" WIDTH="35" VPOS="810" HPOS="1607"/>
                  <String HEIGHT="119"
                          WIDTH="452"
                          VPOS="810"
                          HPOS="1503"
                          CONTENT="misstänkt"/>
                  <SP HEIGHT="119" WIDTH="35" VPOS="810" HPOS="1955"/>
                  <String HEIGHT="119"
                          WIDTH="243"
                          VPOS="810"
                          HPOS="1850"
                          CONTENT="för"/>
                  <SP HEIGHT="119" WIDTH="35" VPOS="810" HPOS="2094"/>
                  <String HEIGHT="119"
                          WIDTH="313"
                          VPOS="810"
                          HPOS="1990"
                          CONTENT="dessa"/>
                  <SP HEIGHT="119" WIDTH="35" VPOS="810" HPOS="2302"/>
                  <String HEIGHT="119"
                          WIDTH="209"
                          VPOS="810"
                          HPOS="2163"
                          CONTENT="till"/>
               </TextLine>
               <TextLine ID="r1l7"
                         BASELINE="558,988 650,986 742,986 834,986 926,986 1018,986 1110,988 1202,989 1294,992 1386,993 1478,996 1570,998 1662,1000 1754,1004 1846,1007 1938,1010 2030,1013 2122,1016 2214,1019 2306,1022 2398,1024"
                         HEIGHT="122"
                         WIDTH="1840"
                         VPOS="930"
                         HPOS="558">
                  <String HEIGHT="122"
                          WIDTH="352"
                          VPOS="930"
                          HPOS="519"
                          CONTENT="grepp"/>
                  <SP HEIGHT="122" WIDTH="39" VPOS="930" HPOS="871"/>
                  <String HEIGHT="122"
                          WIDTH="470"
                          VPOS="930"
                          HPOS="754"
                          CONTENT="anhållit"/>
                  <SP HEIGHT="122" WIDTH="39" VPOS="930" HPOS="1224"/>
                  <String HEIGHT="122"
                          WIDTH="431"
                          VPOS="930"
                          HPOS="1106"
                          CONTENT="bemälde"/>
                  <SP HEIGHT="122" WIDTH="39" VPOS="930" HPOS="1537"/>
                  <String HEIGHT="122"
                          WIDTH="587"
                          VPOS="930"
                          HPOS="1419"
                          CONTENT="fruntimmer,"/>
                  <SP HEIGHT="122" WIDTH="39" VPOS="930" HPOS="2007"/>
                  <String HEIGHT="122"
                          WIDTH="431"
                          VPOS="930"
                          HPOS="1889"
                          CONTENT="hvilken"/>
                  <SP HEIGHT="122" WIDTH="39" VPOS="930" HPOS="2320"/>
                  <String HEIGHT="122"
                          WIDTH="235"
                          VPOS="930"
                          HPOS="2163"
                          CONTENT="upp¬"
                          SUBS_TYPE="HypPart1"
                          SUBS_CONTENT="uppgifvit"/>
                  <HYP CONTENT="-"/>
               </TextLine>
               <TextLine ID="r1l8"
                         BASELINE="542,1104 633,1104 725,1104 816,1104 908,1104 999,1106 1091,1106 1182,1108 1274,1110 1365,1112 1457,1114 1548,1116 1640,1118 1731,1121 1823,1123 1914,1125 2006,1126 2097,1128 2189,1130 2280,1130 2372,1132"
                         HEIGHT="112"
                         WIDTH="1830"
                         VPOS="1048"
                         HPOS="542">
                  <String HEIGHT="112"
                          WIDTH="381"
                          VPOS="1048"
                          HPOS="504"
                          CONTENT="gifvit"
                          SUBS_TYPE="HypPart2"
                          SUBS_CONTENT="uppgifvit"/>
                  <SP HEIGHT="112" WIDTH="38" VPOS="1048" HPOS="885"/>
                  <String HEIGHT="112"
                          WIDTH="267"
                          VPOS="1048"
                          HPOS="771"
                          CONTENT="sig"/>
                  <SP HEIGHT="112" WIDTH="38" VPOS="1048" HPOS="1038"/>
                  <String HEIGHT="112"
                          WIDTH="305"
                          VPOS="1048"
                          HPOS="923"
                          CONTENT="vara"/>
                  <SP HEIGHT="112" WIDTH="38" VPOS="1048" HPOS="1228"/>
                  <String HEIGHT="112"
                          WIDTH="343"
                          VPOS="1048"
                          HPOS="1114"
                          CONTENT="förra"/>
                  <SP HEIGHT="112" WIDTH="38" VPOS="1048" HPOS="1457"/>
                  <String HEIGHT="112"
                          WIDTH="343"
                          VPOS="1048"
                          HPOS="1343"
                          CONTENT="Pigan"/>
                  <SP HEIGHT="112" WIDTH="38" VPOS="1048" HPOS="1686"/>
                  <String HEIGHT="112"
                          WIDTH="305"
                          VPOS="1048"
                          HPOS="1571"
                          CONTENT="Anna"/>
                  <SP HEIGHT="112" WIDTH="38" VPOS="1048" HPOS="1876"/>
                  <String HEIGHT="112"
                          WIDTH="343"
                          VPOS="1048"
                          HPOS="1762"
                          CONTENT="Beata"/>
                  <SP HEIGHT="112" WIDTH="38" VPOS="1048" HPOS="2105"/>
                  <String HEIGHT="112"
                          WIDTH="419"
                          VPOS="1048"
                          HPOS="1953"
                          CONTENT="Olsdotter"/>
               </TextLine>
               <TextLine ID="r1l9"
                         BASELINE="556,1220 645,1220 735,1220 825,1222 914,1222 1004,1222 1094,1224 1183,1226 1273,1226 1363,1228 1453,1230 1542,1232 1632,1234 1722,1237 1811,1240 1901,1242 1991,1246 2080,1248 2170,1251 2260,1254 2350,1258"
                         HEIGHT="113"
                         WIDTH="1794"
                         VPOS="1170"
                         HPOS="556">
                  <String HEIGHT="113"
                          WIDTH="326"
                          VPOS="1170"
                          HPOS="515"
                          CONTENT="från"/>
                  <SP HEIGHT="113" WIDTH="41" VPOS="1170" HPOS="841"/>
                  <String HEIGHT="113"
                          WIDTH="408"
                          VPOS="1170"
                          HPOS="719"
                          CONTENT="Lundby"/>
                  <SP HEIGHT="113" WIDTH="41" VPOS="1170" HPOS="1127"/>
                  <String HEIGHT="113"
                          WIDTH="408"
                          VPOS="1170"
                          HPOS="1005"
                          CONTENT="socken"/>
                  <SP HEIGHT="113" WIDTH="41" VPOS="1170" HPOS="1412"/>
                  <String HEIGHT="113"
                          WIDTH="204"
                          VPOS="1170"
                          HPOS="1290"
                          CONTENT="å"/>
                  <SP HEIGHT="113" WIDTH="41" VPOS="1170" HPOS="1494"/>
                  <String HEIGHT="113"
                          WIDTH="489"
                          VPOS="1170"
                          HPOS="1371"
                          CONTENT="Hisingen"/>
                  <SP HEIGHT="113" WIDTH="41" VPOS="1170" HPOS="1861"/>
                  <String HEIGHT="113"
                          WIDTH="285"
                          VPOS="1170"
                          HPOS="1738"
                          CONTENT="och"/>
                  <SP HEIGHT="113" WIDTH="41" VPOS="1170" HPOS="2024"/>
                  <String HEIGHT="113"
                          WIDTH="285"
                          VPOS="1170"
                          HPOS="1902"
                          CONTENT="som"/>
                  <SP HEIGHT="113" WIDTH="41" VPOS="1170" HPOS="2187"/>
                  <String HEIGHT="113"
                          WIDTH="326"
                          VPOS="1170"
                          HPOS="2024"
                          CONTENT="befans"/>
               </TextLine>
               <TextLine ID="r1l10"
                         BASELINE="552,1326 641,1328 731,1330 821,1332 911,1332 1001,1334 1091,1334 1181,1336 1271,1336 1361,1338 1451,1338 1540,1340 1630,1342 1720,1342 1810,1344 1900,1346 1990,1348 2080,1350 2170,1354 2260,1357 2350,1360"
                         HEIGHT="109"
                         WIDTH="1798"
                         VPOS="1276"
                         HPOS="552">
                  <String HEIGHT="109"
                          WIDTH="547"
                          VPOS="1276"
                          HPOS="513"
                          CONTENT="innehafva,"/>
                  <SP HEIGHT="109" WIDTH="39" VPOS="1276" HPOS="1060"/>
                  <String HEIGHT="109"
                          WIDTH="313"
                          VPOS="1276"
                          HPOS="943"
                          CONTENT="dels"/>
                  <SP HEIGHT="109" WIDTH="39" VPOS="1276" HPOS="1256"/>
                  <String HEIGHT="109"
                          WIDTH="274"
                          VPOS="1276"
                          HPOS="1138"
                          CONTENT="två"/>
                  <SP HEIGHT="109" WIDTH="39" VPOS="1276" HPOS="1412"/>
                  <String HEIGHT="109"
                          WIDTH="586"
                          VPOS="1276"
                          HPOS="1295"
                          CONTENT="portmonaier"/>
                  <SP HEIGHT="109" WIDTH="39" VPOS="1276" HPOS="1881"/>
                  <String HEIGHT="109"
                          WIDTH="391"
                          VPOS="1276"
                          HPOS="1764"
                          CONTENT="hvaraf"/>
                  <SP HEIGHT="109" WIDTH="39" VPOS="1276" HPOS="2155"/>
                  <String HEIGHT="109"
                          WIDTH="274"
                          VPOS="1276"
                          HPOS="2037"
                          CONTENT="den"/>
                  <SP HEIGHT="109" WIDTH="39" VPOS="1276" HPOS="2311"/>
                  <String HEIGHT="109"
                          WIDTH="195"
                          VPOS="1276"
                          HPOS="2155"
                          CONTENT="ena"/>
               </TextLine>
               <TextLine ID="r1l11"
                         BASELINE="548,1454 639,1454 731,1456 822,1457 914,1458 1005,1458 1097,1460 1188,1460 1280,1462 1371,1464 1463,1464 1554,1466 1646,1468 1737,1470 1829,1472 1920,1474 2012,1476 2103,1480 2195,1483 2286,1487 2378,1492"
                         HEIGHT="119"
                         WIDTH="1830"
                         VPOS="1400"
                         HPOS="548">
                  <String HEIGHT="119"
                          WIDTH="476"
                          VPOS="1400"
                          HPOS="511"
                          CONTENT="igenkänts"/>
                  <SP HEIGHT="119" WIDTH="37" VPOS="1400" HPOS="987"/>
                  <String HEIGHT="119"
                          WIDTH="293"
                          VPOS="1400"
                          HPOS="877"
                          CONTENT="vara"/>
                  <SP HEIGHT="119" WIDTH="37" VPOS="1400" HPOS="1170"/>
                  <String HEIGHT="119"
                          WIDTH="256"
                          VPOS="1400"
                          HPOS="1060"
                          CONTENT="den"/>
                  <SP HEIGHT="119" WIDTH="37" VPOS="1400" HPOS="1317"/>
                  <String HEIGHT="119"
                          WIDTH="293"
                          VPOS="1400"
                          HPOS="1207"
                          CONTENT="från"/>
                  <SP HEIGHT="119" WIDTH="37" VPOS="1400" HPOS="1500"/>
                  <String HEIGHT="119"
                          WIDTH="256"
                          VPOS="1400"
                          HPOS="1390"
                          CONTENT="fru"/>
                  <SP HEIGHT="119" WIDTH="37" VPOS="1400" HPOS="1646"/>
                  <String HEIGHT="119"
                          WIDTH="366"
                          VPOS="1400"
                          HPOS="1536"
                          CONTENT="Agardh"/>
                  <SP HEIGHT="119" WIDTH="37" VPOS="1400" HPOS="1902"/>
                  <String HEIGHT="119"
                          WIDTH="549"
                          VPOS="1400"
                          HPOS="1792"
                          CONTENT="tillgrepne,"/>
                  <SP HEIGHT="119" WIDTH="37" VPOS="1400" HPOS="2341"/>
                  <String HEIGHT="119"
                          WIDTH="183"
                          VPOS="1400"
                          HPOS="2195"
                          CONTENT="och"/>
               </TextLine>
               <TextLine ID="r1l12"
                         BASELINE="548,1564 635,1568 722,1571 810,1574 897,1577 985,1580 1072,1582 1159,1584 1247,1586 1334,1588 1422,1590 1509,1592 1596,1594 1684,1597 1771,1599 1859,1600 1946,1602 2033,1604 2121,1606 2208,1610 2296,1612"
                         HEIGHT="129"
                         WIDTH="1748"
                         VPOS="1510"
                         HPOS="548">
                  <String HEIGHT="129"
                          WIDTH="318"
                          VPOS="1510"
                          HPOS="508"
                          CONTENT="dels"/>
                  <SP HEIGHT="129" WIDTH="40" VPOS="1510" HPOS="826"/>
                  <String HEIGHT="129"
                          WIDTH="278"
                          VPOS="1510"
                          HPOS="707"
                          CONTENT="den"/>
                  <SP HEIGHT="129" WIDTH="40" VPOS="1510" HPOS="985"/>
                  <String HEIGHT="129"
                          WIDTH="318"
                          VPOS="1510"
                          HPOS="866"
                          CONTENT="från"/>
                  <SP HEIGHT="129" WIDTH="40" VPOS="1510" HPOS="1184"/>
                  <String HEIGHT="129"
                          WIDTH="358"
                          VPOS="1510"
                          HPOS="1064"
                          CONTENT="Pigan"/>
                  <SP HEIGHT="129" WIDTH="40" VPOS="1510" HPOS="1422"/>
                  <String HEIGHT="129"
                          WIDTH="437"
                          VPOS="1510"
                          HPOS="1303"
                          CONTENT="Hoffman"/>
                  <SP HEIGHT="129" WIDTH="40" VPOS="1510" HPOS="1740"/>
                  <String HEIGHT="129"
                          WIDTH="556"
                          VPOS="1510"
                          HPOS="1621"
                          CONTENT="tillgripne"/>
                  <SP HEIGHT="129" WIDTH="40" VPOS="1510" HPOS="2177"/>
                  <String HEIGHT="129"
                          WIDTH="278"
                          VPOS="1510"
                          HPOS="2018"
                          CONTENT="muff."/>
               </TextLine>
               <TextLine ID="r1l13"
                         BASELINE="644,1688 731,1690 819,1692 906,1694 994,1696 1082,1698 1169,1700 1257,1702 1344,1704 1432,1705 1520,1706 1607,1709 1695,1711 1782,1714 1870,1716 1958,1720 2045,1724 2133,1728 2220,1734 2308,1738 2396,1746"
                         HEIGHT="136"
                         WIDTH="1752"
                         VPOS="1636"
                         HPOS="644">
                  <String HEIGHT="136" WIDTH="165" VPOS="1636" HPOS="611" CONTENT="I"/>
                  <SP HEIGHT="136" WIDTH="33" VPOS="1636" HPOS="776"/>
                  <String HEIGHT="136"
                          WIDTH="463"
                          VPOS="1636"
                          HPOS="677"
                          CONTENT="Olsdotters"/>
                  <SP HEIGHT="136" WIDTH="33" VPOS="1636" HPOS="1140"/>
                  <String HEIGHT="136"
                          WIDTH="496"
                          VPOS="1636"
                          HPOS="1041"
                          CONTENT="tillfälliga"/>
                  <SP HEIGHT="136" WIDTH="33" VPOS="1636" HPOS="1537"/>
                  <String HEIGHT="136"
                          WIDTH="331"
                          VPOS="1636"
                          HPOS="1437"
                          CONTENT="bostad"/>
                  <SP HEIGHT="136" WIDTH="33" VPOS="1636" HPOS="1768"/>
                  <String HEIGHT="136"
                          WIDTH="231"
                          VPOS="1636"
                          HPOS="1669"
                          CONTENT="hos"/>
                  <SP HEIGHT="136" WIDTH="33" VPOS="1636" HPOS="1900"/>
                  <String HEIGHT="136"
                          WIDTH="331"
                          VPOS="1636"
                          HPOS="1801"
                          CONTENT="hennes"/>
                  <SP HEIGHT="136" WIDTH="33" VPOS="1636" HPOS="2132"/>
                  <String HEIGHT="136"
                          WIDTH="331"
                          VPOS="1636"
                          HPOS="2032"
                          CONTENT="svåger"/>
                  <SP HEIGHT="136" WIDTH="33" VPOS="1636" HPOS="2363"/>
                  <String HEIGHT="136"
                          WIDTH="165"
                          VPOS="1636"
                          HPOS="2231"
                          CONTENT="Se¬"
                          SUBS_TYPE="HypPart1"
                          SUBS_CONTENT="Severin"/>
                  <HYP CONTENT="-"/>
               </TextLine>
               <TextLine ID="r1l14"
                         BASELINE="540,1796 630,1798 721,1800 812,1802 902,1802 993,1804 1084,1804 1174,1806 1265,1806 1356,1808 1447,1810 1537,1811 1628,1812 1719,1815 1809,1818 1900,1820 1991,1823 2081,1827 2172,1832 2263,1836 2354,1842"
                         HEIGHT="124"
                         WIDTH="1814"
                         VPOS="1744"
                         HPOS="540">
                  <String HEIGHT="124"
                          WIDTH="333"
                          VPOS="1744"
                          HPOS="503"
                          CONTENT="verin"
                          SUBS_TYPE="HypPart2"
                          SUBS_CONTENT="Severin"/>
                  <SP HEIGHT="124" WIDTH="37" VPOS="1744" HPOS="836"/>
                  <String HEIGHT="124"
                          WIDTH="370"
                          VPOS="1744"
                          HPOS="725"
                          CONTENT="Olsson"/>
                  <SP HEIGHT="124" WIDTH="37" VPOS="1744" HPOS="1095"/>
                  <String HEIGHT="124"
                          WIDTH="370"
                          VPOS="1744"
                          HPOS="984"
                          CONTENT="boende"/>
                  <SP HEIGHT="124" WIDTH="37" VPOS="1744" HPOS="1354"/>
                  <String HEIGHT="124"
                          WIDTH="185"
                          VPOS="1744"
                          HPOS="1243"
                          CONTENT="i"/>
                  <SP HEIGHT="124" WIDTH="37" VPOS="1744" HPOS="1428"/>
                  <String HEIGHT="124"
                          WIDTH="481"
                          VPOS="1744"
                          HPOS="1317"
                          CONTENT="Inspektor"/>
                  <SP HEIGHT="124" WIDTH="37" VPOS="1744" HPOS="1799"/>
                  <String HEIGHT="124"
                          WIDTH="222"
                          VPOS="1744"
                          HPOS="1688"
                          CONTENT="L."/>
                  <SP HEIGHT="124" WIDTH="37" VPOS="1744" HPOS="1910"/>
                  <String HEIGHT="124"
                          WIDTH="407"
                          VPOS="1744"
                          HPOS="1799"
                          CONTENT="Olssons"/>
                  <SP HEIGHT="124" WIDTH="37" VPOS="1744" HPOS="2206"/>
                  <String HEIGHT="124"
                          WIDTH="259"
                          VPOS="1744"
                          HPOS="2095"
                          CONTENT="hus"/>
                  <SP HEIGHT="124" WIDTH="37" VPOS="1744" HPOS="2354"/>
                  <String HEIGHT="124"
                          WIDTH="148"
                          VPOS="1744"
                          HPOS="2206"
                          CONTENT="på"/>
               </TextLine>
               <TextLine ID="r1l15"
                         BASELINE="538,1918 628,1920 718,1920 809,1922 899,1923 990,1924 1080,1926 1170,1926 1261,1928 1351,1928 1442,1930 1532,1932 1622,1934 1713,1937 1803,1940 1894,1944 1984,1948 2074,1953 2165,1959 2255,1965 2346,1974"
                         HEIGHT="140"
                         WIDTH="1808"
                         VPOS="1862"
                         HPOS="538">
                  <String HEIGHT="140"
                          WIDTH="562"
                          VPOS="1862"
                          HPOS="498"
                          CONTENT="Lindholmen"/>
                  <SP HEIGHT="140" WIDTH="40" VPOS="1862" HPOS="1060"/>
                  <String HEIGHT="140"
                          WIDTH="281"
                          VPOS="1862"
                          HPOS="940"
                          CONTENT="har"/>
                  <SP HEIGHT="140" WIDTH="40" VPOS="1862" HPOS="1221"/>
                  <String HEIGHT="140"
                          WIDTH="281"
                          VPOS="1862"
                          HPOS="1100"
                          CONTENT="vid"/>
                  <SP HEIGHT="140" WIDTH="40" VPOS="1862" HPOS="1382"/>
                  <String HEIGHT="140"
                          WIDTH="241"
                          VPOS="1862"
                          HPOS="1261"
                          CONTENT="af"/>
                  <SP HEIGHT="140" WIDTH="40" VPOS="1862" HPOS="1502"/>
                  <String HEIGHT="140"
                          WIDTH="603"
                          VPOS="1862"
                          HPOS="1382"
                          CONTENT="ofvannamnde"/>
                  <SP HEIGHT="140" WIDTH="40" VPOS="1862" HPOS="1984"/>
                  <String HEIGHT="140"
                          WIDTH="562"
                          VPOS="1862"
                          HPOS="1864"
                          CONTENT="konstaplar"/>
                  <SP HEIGHT="140" WIDTH="40" VPOS="1862" HPOS="2426"/>
                  <String HEIGHT="140" WIDTH="80" VPOS="1862" HPOS="2266" CONTENT=""/>
               </TextLine>
               <TextLine ID="r1l16"
                         BASELINE="556,2030 646,2034 737,2036 827,2038 918,2040 1008,2042 1099,2044 1189,2046 1280,2046 1370,2048 1461,2050 1551,2052 1642,2054 1732,2056 1823,2058 1913,2062 2004,2066 2094,2069 2185,2074 2275,2080 2366,2086"
                         HEIGHT="126"
                         WIDTH="1810"
                         VPOS="1983"
                         HPOS="556">
                  <String HEIGHT="126"
                          WIDTH="415"
                          VPOS="1983"
                          HPOS="518"
                          CONTENT="anstäld"/>
                  <SP HEIGHT="126" WIDTH="38" VPOS="1983" HPOS="933"/>
                  <String HEIGHT="126"
                          WIDTH="603"
                          VPOS="1983"
                          HPOS="820"
                          CONTENT="undersökning"/>
                  <SP HEIGHT="126" WIDTH="38" VPOS="1983" HPOS="1423"/>
                  <String HEIGHT="126"
                          WIDTH="528"
                          VPOS="1983"
                          HPOS="1310"
                          CONTENT="paträffats"/>
                  <SP HEIGHT="126" WIDTH="38" VPOS="1983" HPOS="1838"/>
                  <String HEIGHT="126"
                          WIDTH="264"
                          VPOS="1983"
                          HPOS="1725"
                          CONTENT="den"/>
                  <SP HEIGHT="126" WIDTH="38" VPOS="1983" HPOS="1989"/>
                  <String HEIGHT="126"
                          WIDTH="302"
                          VPOS="1983"
                          HPOS="1876"
                          CONTENT="från"/>
                  <SP HEIGHT="126" WIDTH="38" VPOS="1983" HPOS="2177"/>
                  <String HEIGHT="126"
                          WIDTH="339"
                          VPOS="1983"
                          HPOS="2027"
                          CONTENT="Enkefru"/>
               </TextLine>
               <TextLine ID="r1l17"
                         BASELINE="536,2148 627,2152 718,2154 809,2157 900,2159 991,2160 1082,2162 1173,2162 1264,2164 1355,2164 1447,2164 1538,2164 1629,2166 1720,2166 1811,2166 1902,2168 1993,2170 2084,2172 2175,2174 2266,2177 2358,2180"
                         HEIGHT="102"
                         WIDTH="1822"
                         VPOS="2101"
                         HPOS="536">
                  <String HEIGHT="102"
                          WIDTH="358"
                          VPOS="2101"
                          HPOS="503"
                          CONTENT="Scharff"/>
                  <SP HEIGHT="102" WIDTH="33" VPOS="2101" HPOS="861"/>
                  <String HEIGHT="102"
                          WIDTH="456"
                          VPOS="2101"
                          HPOS="764"
                          CONTENT="tillgrepne"/>
                  <SP HEIGHT="102" WIDTH="33" VPOS="2101" HPOS="1219"/>
                  <String HEIGHT="102"
                          WIDTH="456"
                          VPOS="2101"
                          HPOS="1122"
                          CONTENT="portmonaie"/>
                  <SP HEIGHT="102" WIDTH="33" VPOS="2101" HPOS="1577"/>
                  <String HEIGHT="102"
                          WIDTH="228"
                          VPOS="2101"
                          HPOS="1480"
                          CONTENT="med"/>
                  <SP HEIGHT="102" WIDTH="33" VPOS="2101" HPOS="1707"/>
                  <String HEIGHT="102"
                          WIDTH="260"
                          VPOS="2101"
                          HPOS="1610"
                          CONTENT="deri"/>
                  <SP HEIGHT="102" WIDTH="33" VPOS="2101" HPOS="1870"/>
                  <String HEIGHT="102"
                          WIDTH="423"
                          VPOS="2101"
                          HPOS="1772"
                          CONTENT="förvarade"/>
                  <SP HEIGHT="102" WIDTH="33" VPOS="2101" HPOS="2195"/>
                  <String HEIGHT="102"
                          WIDTH="293"
                          VPOS="2101"
                          HPOS="2065"
                          CONTENT="blyert¬"
                          SUBS_TYPE="HypPart1"
                          SUBS_CONTENT="blyertpenstift,"/>
                  <HYP CONTENT="-"/>
               </TextLine>
               <TextLine ID="r1l18"
                         BASELINE="528,2272 617,2275 706,2276 795,2278 884,2280 974,2282 1063,2282 1152,2284 1241,2284 1330,2284 1420,2284 1509,2286 1598,2286 1687,2286 1776,2286 1866,2286 1955,2286 2044,2286 2133,2286 2222,2286 2312,2286"
                         HEIGHT="98"
                         WIDTH="1784"
                         VPOS="2216"
                         HPOS="528">
                  <String HEIGHT="98"
                          WIDTH="473"
                          VPOS="2216"
                          HPOS="492"
                          CONTENT="penstift,"
                          SUBS_TYPE="HypPart2"
                          SUBS_CONTENT="blyertpenstift,"/>
                  <SP HEIGHT="98" WIDTH="36" VPOS="2216" HPOS="965"/>
                  <String HEIGHT="98"
                          WIDTH="291"
                          VPOS="2216"
                          HPOS="856"
                          CONTENT="fyra"/>
                  <SP HEIGHT="98" WIDTH="36" VPOS="2216" HPOS="1147"/>
                  <String HEIGHT="98"
                          WIDTH="328"
                          VPOS="2216"
                          HPOS="1038"
                          CONTENT="andra"/>
                  <SP HEIGHT="98" WIDTH="36" VPOS="2216" HPOS="1365"/>
                  <String HEIGHT="98"
                          WIDTH="583"
                          VPOS="2216"
                          HPOS="1256"
                          CONTENT="portmonaier,"/>
                  <SP HEIGHT="98" WIDTH="36" VPOS="2216" HPOS="1839"/>
                  <String HEIGHT="98"
                          WIDTH="255"
                          VPOS="2216"
                          HPOS="1729"
                          CONTENT="fem"/>
                  <SP HEIGHT="98" WIDTH="36" VPOS="2216" HPOS="1984"/>
                  <String HEIGHT="98"
                          WIDTH="400"
                          VPOS="2216"
                          HPOS="1875"
                          CONTENT="stycken"/>
                  <SP HEIGHT="98" WIDTH="36" VPOS="2216" HPOS="2276"/>
                  <String HEIGHT="98"
                          WIDTH="182"
                          VPOS="2216"
                          HPOS="2130"
                          CONTENT="med"/>
               </TextLine>
               <TextLine ID="r1l19"
                         BASELINE="548,2386 636,2388 725,2392 814,2394 902,2396 991,2398 1080,2400 1168,2400 1257,2402 1346,2403 1435,2404 1523,2406 1612,2406 1701,2408 1789,2408 1878,2408 1967,2410 2055,2410 2144,2410 2233,2412 2322,2412"
                         HEIGHT="108"
                         WIDTH="1774"
                         VPOS="2331"
                         HPOS="548">
                  <String HEIGHT="108"
                          WIDTH="347"
                          VPOS="2331"
                          HPOS="509"
                          CONTENT="olika"/>
                  <SP HEIGHT="108" WIDTH="39" VPOS="2331" HPOS="857"/>
                  <String HEIGHT="108"
                          WIDTH="309"
                          VPOS="2331"
                          HPOS="741"
                          CONTENT="namn"/>
                  <SP HEIGHT="108" WIDTH="39" VPOS="2331" HPOS="1049"/>
                  <String HEIGHT="108"
                          WIDTH="386"
                          VPOS="2331"
                          HPOS="934"
                          CONTENT="märkta"/>
                  <SP HEIGHT="108" WIDTH="39" VPOS="2331" HPOS="1319"/>
                  <String HEIGHT="108"
                          WIDTH="347"
                          VPOS="2331"
                          HPOS="1204"
                          CONTENT="hvita"/>
                  <SP HEIGHT="108" WIDTH="39" VPOS="2331" HPOS="1551"/>
                  <String HEIGHT="108"
                          WIDTH="501"
                          VPOS="2331"
                          HPOS="1435"
                          CONTENT="näsdukar,"/>
                  <SP HEIGHT="108" WIDTH="39" VPOS="2331" HPOS="1936"/>
                  <String HEIGHT="108"
                          WIDTH="231"
                          VPOS="2331"
                          HPOS="1821"
                          CONTENT="en"/>
                  <SP HEIGHT="108" WIDTH="39" VPOS="2331" HPOS="2052"/>
                  <String HEIGHT="108"
                          WIDTH="424"
                          VPOS="2331"
                          HPOS="1898"
                          CONTENT="grönrutig"/>
               </TextLine>
               <TextLine ID="r1l20"
                         BASELINE="538,2508 629,2508 721,2508 813,2510 904,2510 996,2510 1088,2512 1179,2512 1271,2512 1363,2514 1455,2514 1546,2516 1638,2518 1730,2518 1821,2520 1913,2522 2005,2524 2096,2526 2188,2528 2280,2530 2372,2534"
                         HEIGHT="108"
                         WIDTH="1834"
                         VPOS="2453"
                         HPOS="538">
                  <String HEIGHT="108"
                          WIDTH="415"
                          VPOS="2453"
                          HPOS="503"
                          CONTENT="yllesjal"/>
                  <SP HEIGHT="108" WIDTH="35" VPOS="2453" HPOS="919"/>
                  <String HEIGHT="108"
                          WIDTH="242"
                          VPOS="2453"
                          HPOS="815"
                          CONTENT="med"/>
                  <SP HEIGHT="108" WIDTH="35" VPOS="2453" HPOS="1057"/>
                  <String HEIGHT="108"
                          WIDTH="381"
                          VPOS="2453"
                          HPOS="953"
                          CONTENT="fransar"/>
                  <SP HEIGHT="108" WIDTH="35" VPOS="2453" HPOS="1334"/>
                  <String HEIGHT="108"
                          WIDTH="242"
                          VPOS="2453"
                          HPOS="1230"
                          CONTENT="och"/>
                  <SP HEIGHT="108" WIDTH="35" VPOS="2453" HPOS="1472"/>
                  <String HEIGHT="108"
                          WIDTH="208"
                          VPOS="2453"
                          HPOS="1368"
                          CONTENT="en"/>
                  <SP HEIGHT="108" WIDTH="35" VPOS="2453" HPOS="1576"/>
                  <String HEIGHT="108"
                          WIDTH="242"
                          VPOS="2453"
                          HPOS="1472"
                          CONTENT="grå"/>
                  <SP HEIGHT="108" WIDTH="35" VPOS="2453" HPOS="1715"/>
                  <String HEIGHT="108"
                          WIDTH="381"
                          VPOS="2453"
                          HPOS="1611"
                          CONTENT="bajadèr"/>
                  <SP HEIGHT="108" WIDTH="35" VPOS="2453" HPOS="1991"/>
                  <String HEIGHT="108"
                          WIDTH="242"
                          VPOS="2453"
                          HPOS="1888"
                          CONTENT="med"/>
                  <SP HEIGHT="108" WIDTH="35" VPOS="2453" HPOS="2130"/>
                  <String HEIGHT="108"
                          WIDTH="242"
                          VPOS="2453"
                          HPOS="2026"
                          CONTENT="röd"/>
                  <SP HEIGHT="108" WIDTH="35" VPOS="2453" HPOS="2268"/>
                  <String HEIGHT="108"
                          WIDTH="242"
                          VPOS="2453"
                          HPOS="2130"
                          CONTENT="bård."/>
               </TextLine>
               <TextLine ID="r1l21"
                         BASELINE="638,2626 724,2631 810,2636 896,2640 982,2642 1068,2644 1154,2644 1240,2646 1326,2646 1412,2644 1499,2644 1585,2644 1671,2642 1757,2642 1843,2642 1929,2642 2015,2644 2101,2644 2187,2646 2273,2650 2360,2654"
                         HEIGHT="109"
                         WIDTH="1722"
                         VPOS="2572"
                         HPOS="638">
                  <String HEIGHT="109"
                          WIDTH="251"
                          VPOS="2572"
                          HPOS="602"
                          CONTENT="Wid"/>
                  <SP HEIGHT="109" WIDTH="36" VPOS="2572" HPOS="853"/>
                  <String HEIGHT="109"
                          WIDTH="251"
                          VPOS="2572"
                          HPOS="746"
                          CONTENT="det"/>
                  <SP HEIGHT="109" WIDTH="36" VPOS="2572" HPOS="997"/>
                  <String HEIGHT="109"
                          WIDTH="251"
                          VPOS="2572"
                          HPOS="889"
                          CONTENT="med"/>
                  <SP HEIGHT="109" WIDTH="36" VPOS="2572" HPOS="1140"/>
                  <String HEIGHT="109"
                          WIDTH="466"
                          VPOS="2572"
                          HPOS="1033"
                          CONTENT="Olsdotter"/>
                  <SP HEIGHT="109" WIDTH="36" VPOS="2572" HPOS="1499"/>
                  <String HEIGHT="109"
                          WIDTH="179"
                          VPOS="2572"
                          HPOS="1391"
                          CONTENT="i"/>
                  <SP HEIGHT="109" WIDTH="36" VPOS="2572" HPOS="1571"/>
                  <String HEIGHT="109"
                          WIDTH="466"
                          VPOS="2572"
                          HPOS="1463"
                          CONTENT="anledning"/>
                  <SP HEIGHT="109" WIDTH="36" VPOS="2572" HPOS="1930"/>
                  <String HEIGHT="109"
                          WIDTH="323"
                          VPOS="2572"
                          HPOS="1822"
                          CONTENT="häraf"/>
                  <SP HEIGHT="109" WIDTH="36" VPOS="2572" HPOS="2145"/>
                  <String HEIGHT="109"
                          WIDTH="359"
                          VPOS="2572"
                          HPOS="2001"
                          CONTENT="anstälda"/>
               </TextLine>
               <TextLine ID="r1l22"
                         BASELINE="528,2744 619,2748 711,2749 803,2751 895,2752 987,2754 1079,2755 1171,2756 1263,2757 1355,2758 1447,2758 1538,2759 1630,2760 1722,2760 1814,2760 1906,2761 1998,2762 2090,2762 2182,2762 2274,2764 2366,2764"
                         HEIGHT="102"
                         WIDTH="1838"
                         VPOS="2689"
                         HPOS="528">
                  <String HEIGHT="102"
                          WIDTH="400"
                          VPOS="2689"
                          HPOS="488"
                          CONTENT="förhör"/>
                  <SP HEIGHT="102" WIDTH="40" VPOS="2689" HPOS="888"/>
                  <String HEIGHT="102"
                          WIDTH="280"
                          VPOS="2689"
                          HPOS="768"
                          CONTENT="har"/>
                  <SP HEIGHT="102" WIDTH="40" VPOS="2689" HPOS="1047"/>
                  <String HEIGHT="102"
                          WIDTH="280"
                          VPOS="2689"
                          HPOS="928"
                          CONTENT="hon"/>
                  <SP HEIGHT="102" WIDTH="40" VPOS="2689" HPOS="1207"/>
                  <String HEIGHT="102"
                          WIDTH="559"
                          VPOS="2689"
                          HPOS="1087"
                          CONTENT="uppgifvit,"/>
                  <SP HEIGHT="102" WIDTH="40" VPOS="2689" HPOS="1647"/>
                  <String HEIGHT="102"
                          WIDTH="280"
                          VPOS="2689"
                          HPOS="1527"
                          CONTENT="att"/>
                  <SP HEIGHT="102" WIDTH="40" VPOS="2689" HPOS="1807"/>
                  <String HEIGHT="102"
                          WIDTH="320"
                          VPOS="2689"
                          HPOS="1687"
                          CONTENT="hon,"/>
                  <SP HEIGHT="102" WIDTH="40" VPOS="2689" HPOS="2006"/>
                  <String HEIGHT="102"
                          WIDTH="280"
                          VPOS="2689"
                          HPOS="1887"
                          CONTENT="som"/>
                  <SP HEIGHT="102" WIDTH="40" VPOS="2689" HPOS="2166"/>
                  <String HEIGHT="102"
                          WIDTH="280"
                          VPOS="2689"
                          HPOS="2046"
                          CONTENT="för"/>
                  <SP HEIGHT="102" WIDTH="40" VPOS="2689" HPOS="2326"/>
                  <String HEIGHT="102"
                          WIDTH="200"
                          VPOS="2689"
                          HPOS="2166"
                          CONTENT="två"/>
               </TextLine>
               <TextLine ID="r1l23"
                         BASELINE="544,2862 631,2863 719,2864 807,2866 894,2866 982,2868 1070,2868 1157,2870 1245,2870 1333,2872 1421,2872 1508,2874 1596,2874 1684,2876 1771,2876 1859,2878 1947,2878 2034,2880 2122,2882 2210,2882 2298,2884"
                         HEIGHT="106"
                         WIDTH="1754"
                         VPOS="2806"
                         HPOS="544">
                  <String HEIGHT="106"
                          WIDTH="229"
                          VPOS="2806"
                          HPOS="506"
                          CONTENT="år"/>
                  <SP HEIGHT="106" WIDTH="38" VPOS="2806" HPOS="735"/>
                  <String HEIGHT="106"
                          WIDTH="343"
                          VPOS="2806"
                          HPOS="620"
                          CONTENT="sedan"/>
                  <SP HEIGHT="106" WIDTH="38" VPOS="2806" HPOS="963"/>
                  <String HEIGHT="106"
                          WIDTH="458"
                          VPOS="2806"
                          HPOS="849"
                          CONTENT="innehaft"/>
                  <SP HEIGHT="106" WIDTH="38" VPOS="2806" HPOS="1307"/>
                  <String HEIGHT="106"
                          WIDTH="381"
                          VPOS="2806"
                          HPOS="1192"
                          CONTENT="tjenst"/>
                  <SP HEIGHT="106" WIDTH="38" VPOS="2806" HPOS="1574"/>
                  <String HEIGHT="106"
                          WIDTH="343"
                          VPOS="2806"
                          HPOS="1459"
                          CONTENT="såsom"/>
                  <SP HEIGHT="106" WIDTH="38" VPOS="2806" HPOS="1802"/>
                  <String HEIGHT="106"
                          WIDTH="305"
                          VPOS="2806"
                          HPOS="1688"
                          CONTENT="piga"/>
                  <SP HEIGHT="106" WIDTH="38" VPOS="2806" HPOS="1993"/>
                  <String HEIGHT="106"
                          WIDTH="267"
                          VPOS="2806"
                          HPOS="1879"
                          CONTENT="hos"/>
                  <SP HEIGHT="106" WIDTH="38" VPOS="2806" HPOS="2145"/>
                  <String HEIGHT="106"
                          WIDTH="305"
                          VPOS="2806"
                          HPOS="1993"
                          CONTENT="Kapten"/>
               </TextLine>
               <TextLine ID="r1l24"
                         BASELINE="526,2992 616,2990 706,2990 797,2990 887,2990 978,2990 1068,2990 1158,2990 1249,2990 1339,2990 1430,2990 1520,2991 1610,2992 1701,2992 1791,2992 1882,2992 1972,2994 2062,2994 2153,2994 2243,2994 2334,2994"
                         HEIGHT="88"
                         WIDTH="1808"
                         VPOS="2934"
                         HPOS="526">
                  <String HEIGHT="88"
                          WIDTH="414"
                          VPOS="2934"
                          HPOS="488"
                          CONTENT="Nilsson"/>
                  <SP HEIGHT="88" WIDTH="38" VPOS="2934" HPOS="903"/>
                  <String HEIGHT="88" WIDTH="188" VPOS="2934" HPOS="790" CONTENT="i"/>
                  <SP HEIGHT="88" WIDTH="38" VPOS="2934" HPOS="978"/>
                  <String HEIGHT="88"
                          WIDTH="377"
                          VPOS="2934"
                          HPOS="865"
                          CONTENT="Lundby"/>
                  <SP HEIGHT="88" WIDTH="38" VPOS="2934" HPOS="1242"/>
                  <String HEIGHT="88"
                          WIDTH="377"
                          VPOS="2934"
                          HPOS="1129"
                          CONTENT="socken"/>
                  <SP HEIGHT="88" WIDTH="38" VPOS="2934" HPOS="1505"/>
                  <String HEIGHT="88"
                          WIDTH="226"
                          VPOS="2934"
                          HPOS="1392"
                          CONTENT="på"/>
                  <SP HEIGHT="88" WIDTH="38" VPOS="2934" HPOS="1618"/>
                  <String HEIGHT="88"
                          WIDTH="452"
                          VPOS="2934"
                          HPOS="1505"
                          CONTENT="Hisingen"/>
                  <SP HEIGHT="88" WIDTH="38" VPOS="2934" HPOS="1957"/>
                  <String HEIGHT="88"
                          WIDTH="565"
                          VPOS="2934"
                          HPOS="1844"
                          CONTENT="fortfarande"/>
                  <SP HEIGHT="88" WIDTH="38" VPOS="2934" HPOS="2409"/>
                  <String HEIGHT="88" WIDTH="75" VPOS="2934" HPOS="2259" CONTENT=""/>
               </TextLine>
               <TextLine ID="r1l25"
                         BASELINE="540,3102 631,3104 723,3106 815,3108 907,3108 999,3108 1090,3108 1182,3108 1274,3108 1366,3108 1458,3107 1549,3106 1641,3106 1733,3106 1825,3106 1917,3106 2008,3108 2100,3108 2192,3110 2284,3112 2376,3114"
                         HEIGHT="96"
                         WIDTH="1836"
                         VPOS="3046"
                         HPOS="540">
                  <String HEIGHT="96" WIDTH="204" VPOS="3046" HPOS="506" CONTENT="är"/>
                  <SP HEIGHT="96" WIDTH="34" VPOS="3046" HPOS="710"/>
                  <String HEIGHT="96"
                          WIDTH="238"
                          VPOS="3046"
                          HPOS="608"
                          CONTENT="der"/>
                  <SP HEIGHT="96" WIDTH="34" VPOS="3046" HPOS="846"/>
                  <String HEIGHT="96"
                          WIDTH="612"
                          VPOS="3046"
                          HPOS="744"
                          CONTENT="kyrkoskrifven,"/>
                  <SP HEIGHT="96" WIDTH="34" VPOS="3046" HPOS="1356"/>
                  <String HEIGHT="96"
                          WIDTH="238"
                          VPOS="3046"
                          HPOS="1254"
                          CONTENT="att"/>
                  <SP HEIGHT="96" WIDTH="34" VPOS="3046" HPOS="1492"/>
                  <String HEIGHT="96"
                          WIDTH="238"
                          VPOS="3046"
                          HPOS="1390"
                          CONTENT="hon"/>
                  <SP HEIGHT="96" WIDTH="34" VPOS="3046" HPOS="1628"/>
                  <String HEIGHT="96"
                          WIDTH="204"
                          VPOS="3046"
                          HPOS="1526"
                          CONTENT="de"/>
                  <SP HEIGHT="96" WIDTH="34" VPOS="3046" HPOS="1730"/>
                  <String HEIGHT="96"
                          WIDTH="306"
                          VPOS="3046"
                          HPOS="1628"
                          CONTENT="sista"/>
                  <SP HEIGHT="96" WIDTH="34" VPOS="3046" HPOS="1934"/>
                  <String HEIGHT="96"
                          WIDTH="238"
                          VPOS="3046"
                          HPOS="1832"
                          CONTENT="två"/>
                  <SP HEIGHT="96" WIDTH="34" VPOS="3046" HPOS="2070"/>
                  <String HEIGHT="96"
                          WIDTH="272"
                          VPOS="3046"
                          HPOS="1968"
                          CONTENT="åren"/>
                  <SP HEIGHT="96" WIDTH="34" VPOS="3046" HPOS="2240"/>
                  <String HEIGHT="96"
                          WIDTH="272"
                          VPOS="3046"
                          HPOS="2104"
                          CONTENT="tjenat"/>
               </TextLine>
               <TextLine ID="r1l26"
                         BASELINE="510,3216 600,3216 690,3216 780,3216 871,3216 961,3217 1051,3218 1142,3220 1232,3222 1322,3224 1413,3226 1503,3228 1593,3230 1683,3232 1774,3234 1864,3236 1954,3238 2045,3240 2135,3240 2225,3242 2316,3242"
                         HEIGHT="110"
                         WIDTH="1806"
                         VPOS="3160"
                         HPOS="510">
                  <String HEIGHT="110"
                          WIDTH="253"
                          VPOS="3160"
                          HPOS="474"
                          CONTENT="hos"/>
                  <SP HEIGHT="110" WIDTH="36" VPOS="3160" HPOS="727"/>
                  <String HEIGHT="110"
                          WIDTH="614"
                          VPOS="3160"
                          HPOS="618"
                          CONTENT="Hemmansegaren"/>
                  <SP HEIGHT="110" WIDTH="36" VPOS="3160" HPOS="1232"/>
                  <String HEIGHT="110"
                          WIDTH="433"
                          VPOS="3160"
                          HPOS="1124"
                          CONTENT="Svensson"/>
                  <SP HEIGHT="110" WIDTH="36" VPOS="3160" HPOS="1557"/>
                  <String HEIGHT="110"
                          WIDTH="181"
                          VPOS="3160"
                          HPOS="1449"
                          CONTENT="å"/>
                  <SP HEIGHT="110" WIDTH="36" VPOS="3160" HPOS="1630"/>
                  <String HEIGHT="110"
                          WIDTH="361"
                          VPOS="3160"
                          HPOS="1521"
                          CONTENT="garden"/>
                  <SP HEIGHT="110" WIDTH="36" VPOS="3160" HPOS="1883"/>
                  <String HEIGHT="110"
                          WIDTH="578"
                          VPOS="3160"
                          HPOS="1774"
                          CONTENT="Skollvisered"/>
                  <SP HEIGHT="110" WIDTH="36" VPOS="3160" HPOS="2352"/>
                  <String HEIGHT="110"
                          WIDTH="108"
                          VPOS="3160"
                          HPOS="2208"
                          CONTENT="i"/>
               </TextLine>
               <TextLine ID="r1l27"
                         BASELINE="506,3352 598,3350 690,3350 782,3352 874,3352 966,3353 1058,3354 1150,3356 1242,3358 1334,3360 1427,3362 1519,3364 1611,3366 1703,3368 1795,3368 1887,3371 1979,3372 2071,3374 2163,3376 2255,3376 2348,3376"
                         HEIGHT="107"
                         WIDTH="1842"
                         VPOS="3296"
                         HPOS="506">
                  <String HEIGHT="107"
                          WIDTH="319"
                          VPOS="3296"
                          HPOS="471"
                          CONTENT="Säfve"/>
                  <SP HEIGHT="107" WIDTH="35" VPOS="3296" HPOS="789"/>
                  <String HEIGHT="107"
                          WIDTH="354"
                          VPOS="3296"
                          HPOS="683"
                          CONTENT="Socken"/>
                  <SP HEIGHT="107" WIDTH="35" VPOS="3296" HPOS="1037"/>
                  <String HEIGHT="107"
                          WIDTH="390"
                          VPOS="3296"
                          HPOS="931"
                          CONTENT="hvilken"/>
                  <SP HEIGHT="107" WIDTH="35" VPOS="3296" HPOS="1321"/>
                  <String HEIGHT="107"
                          WIDTH="354"
                          VPOS="3296"
                          HPOS="1214"
                          CONTENT="tjenst"/>
                  <SP HEIGHT="107" WIDTH="35" VPOS="3296" HPOS="1569"/>
                  <String HEIGHT="107"
                          WIDTH="248"
                          VPOS="3296"
                          HPOS="1462"
                          CONTENT="hon"/>
                  <SP HEIGHT="107" WIDTH="35" VPOS="3296" HPOS="1710"/>
                  <String HEIGHT="107"
                          WIDTH="354"
                          VPOS="3296"
                          HPOS="1604"
                          CONTENT="lemnat"/>
                  <SP HEIGHT="107" WIDTH="35" VPOS="3296" HPOS="1958"/>
                  <String HEIGHT="107"
                          WIDTH="248"
                          VPOS="3296"
                          HPOS="1852"
                          CONTENT="den"/>
                  <SP HEIGHT="107" WIDTH="35" VPOS="3296" HPOS="2100"/>
                  <String HEIGHT="107"
                          WIDTH="213"
                          VPOS="3296"
                          HPOS="1994"
                          CONTENT="24"/>
                  <SP HEIGHT="107" WIDTH="35" VPOS="3296" HPOS="2206"/>
                  <String HEIGHT="107"
                          WIDTH="283"
                          VPOS="3296"
                          HPOS="2065"
                          CONTENT="sistl."/>
               </TextLine>
               <TextLine ID="r1l28"
                         BASELINE="516,3454 607,3457 699,3458 790,3461 882,3462 973,3464 1065,3468 1156,3470 1248,3472 1339,3474 1431,3478 1522,3480 1614,3482 1705,3485 1797,3488 1888,3490 1980,3492 2071,3494 2163,3496 2254,3498 2346,3500"
                         HEIGHT="128"
                         WIDTH="1830"
                         VPOS="3399"
                         HPOS="516">
                  <String HEIGHT="128"
                          WIDTH="439"
                          VPOS="3399"
                          HPOS="479"
                          CONTENT="Oktober,"/>
                  <SP HEIGHT="128" WIDTH="37" VPOS="3399" HPOS="919"/>
                  <String HEIGHT="128"
                          WIDTH="256"
                          VPOS="3399"
                          HPOS="809"
                          CONTENT="att"/>
                  <SP HEIGHT="128" WIDTH="37" VPOS="3399" HPOS="1065"/>
                  <String HEIGHT="128"
                          WIDTH="256"
                          VPOS="3399"
                          HPOS="955"
                          CONTENT="hon"/>
                  <SP HEIGHT="128" WIDTH="37" VPOS="3399" HPOS="1211"/>
                  <String HEIGHT="128"
                          WIDTH="329"
                          VPOS="3399"
                          HPOS="1102"
                          CONTENT="sedan"/>
                  <SP HEIGHT="128" WIDTH="37" VPOS="3399" HPOS="1431"/>
                  <String HEIGHT="128"
                          WIDTH="293"
                          VPOS="3399"
                          HPOS="1321"
                          CONTENT="dess"/>
                  <SP HEIGHT="128" WIDTH="37" VPOS="3399" HPOS="1614"/>
                  <String HEIGHT="128"
                          WIDTH="293"
                          VPOS="3399"
                          HPOS="1504"
                          CONTENT="icke"/>
                  <SP HEIGHT="128" WIDTH="37" VPOS="3399" HPOS="1797"/>
                  <String HEIGHT="128"
                          WIDTH="293"
                          VPOS="3399"
                          HPOS="1687"
                          CONTENT="haft"/>
                  <SP HEIGHT="128" WIDTH="37" VPOS="3399" HPOS="1980"/>
                  <String HEIGHT="128"
                          WIDTH="329"
                          VPOS="3399"
                          HPOS="1870"
                          CONTENT="någon"/>
                  <SP HEIGHT="128" WIDTH="37" VPOS="3399" HPOS="2200"/>
                  <String HEIGHT="128"
                          WIDTH="293"
                          VPOS="3399"
                          HPOS="2053"
                          CONTENT="stadig"/>
               </TextLine>
               <TextLine ID="r1l29"
                         BASELINE="498,3582 591,3582 684,3580 777,3580 870,3582 963,3584 1056,3586 1149,3588 1242,3590 1335,3594 1429,3596 1522,3600 1615,3604 1708,3606 1801,3609 1894,3611 1987,3612 2080,3614 2173,3615 2266,3615 2360,3614"
                         HEIGHT="119"
                         WIDTH="1862"
                         VPOS="3524"
                         HPOS="498">
                  <String HEIGHT="119"
                          WIDTH="380"
                          VPOS="3524"
                          HPOS="460"
                          CONTENT="tjenst"/>
                  <SP HEIGHT="119" WIDTH="38" VPOS="3524" HPOS="840"/>
                  <String HEIGHT="119"
                          WIDTH="304"
                          VPOS="3524"
                          HPOS="726"
                          CONTENT="utan"/>
                  <SP HEIGHT="119" WIDTH="38" VPOS="3524" HPOS="1030"/>
                  <String HEIGHT="119"
                          WIDTH="532"
                          VPOS="3524"
                          HPOS="916"
                          CONTENT="uppehållit"/>
                  <SP HEIGHT="119" WIDTH="38" VPOS="3524" HPOS="1448"/>
                  <String HEIGHT="119"
                          WIDTH="266"
                          VPOS="3524"
                          HPOS="1334"
                          CONTENT="sig"/>
                  <SP HEIGHT="119" WIDTH="38" VPOS="3524" HPOS="1600"/>
                  <String HEIGHT="119"
                          WIDTH="266"
                          VPOS="3524"
                          HPOS="1486"
                          CONTENT="hos"/>
                  <SP HEIGHT="119" WIDTH="38" VPOS="3524" HPOS="1752"/>
                  <String HEIGHT="119"
                          WIDTH="304"
                          VPOS="3524"
                          HPOS="1638"
                          CONTENT="sina"/>
                  <SP HEIGHT="119" WIDTH="38" VPOS="3524" HPOS="1942"/>
                  <String HEIGHT="119"
                          WIDTH="380"
                          VPOS="3524"
                          HPOS="1828"
                          CONTENT="syskon"/>
                  <SP HEIGHT="119" WIDTH="38" VPOS="3524" HPOS="2208"/>
                  <String HEIGHT="119"
                          WIDTH="266"
                          VPOS="3524"
                          HPOS="2094"
                          CONTENT="som"/>
                  <SP HEIGHT="119" WIDTH="38" VPOS="3524" HPOS="2360"/>
                  <String HEIGHT="119"
                          WIDTH="152"
                          VPOS="3524"
                          HPOS="2208"
                          CONTENT="ä¬"
                          SUBS_TYPE="HypPart1"
                          SUBS_CONTENT="äro"/>
                  <HYP CONTENT="-"/>
               </TextLine>
               <TextLine ID="r1l30"
                         BASELINE="506,3704 597,3700 688,3698 779,3698 871,3698 962,3700 1053,3703 1145,3706 1236,3710 1327,3715 1419,3720 1510,3724 1601,3728 1692,3732 1784,3736 1875,3739 1966,3742 2058,3742 2149,3742 2240,3740 2332,3738"
                         HEIGHT="128"
                         WIDTH="1826"
                         VPOS="3642"
                         HPOS="506">
                  <String HEIGHT="128"
                          WIDTH="255"
                          VPOS="3642"
                          HPOS="464"
                          CONTENT="ro"
                          SUBS_TYPE="HypPart2"
                          SUBS_CONTENT="äro"/>
                  <SP HEIGHT="128" WIDTH="42" VPOS="3642" HPOS="718"/>
                  <String HEIGHT="128"
                          WIDTH="425"
                          VPOS="3642"
                          HPOS="591"
                          CONTENT="boende"/>
                  <SP HEIGHT="128" WIDTH="42" VPOS="3642" HPOS="1016"/>
                  <String HEIGHT="128" WIDTH="212" VPOS="3642" HPOS="888" CONTENT="å"/>
                  <SP HEIGHT="128" WIDTH="42" VPOS="3642" HPOS="1101"/>
                  <String HEIGHT="128"
                          WIDTH="637"
                          VPOS="3642"
                          HPOS="973"
                          CONTENT="Lindholmen;"/>
                  <SP HEIGHT="128" WIDTH="42" VPOS="3642" HPOS="1610"/>
                  <String HEIGHT="128"
                          WIDTH="297"
                          VPOS="3642"
                          HPOS="1483"
                          CONTENT="att"/>
                  <SP HEIGHT="128" WIDTH="42" VPOS="3642" HPOS="1780"/>
                  <String HEIGHT="128"
                          WIDTH="297"
                          VPOS="3642"
                          HPOS="1653"
                          CONTENT="hon"/>
                  <SP HEIGHT="128" WIDTH="42" VPOS="3642" HPOS="1950"/>
                  <String HEIGHT="128"
                          WIDTH="382"
                          VPOS="3642"
                          HPOS="1822"
                          CONTENT="någon"/>
                  <SP HEIGHT="128" WIDTH="42" VPOS="3642" HPOS="2205"/>
                  <String HEIGHT="128"
                          WIDTH="297"
                          VPOS="3642"
                          HPOS="2077"
                          CONTENT="dag"/>
                  <SP HEIGHT="128" WIDTH="42" VPOS="3642" HPOS="2374"/>
                  <String HEIGHT="128"
                          WIDTH="127"
                          VPOS="3642"
                          HPOS="2205"
                          CONTENT="i"/>
               </TextLine>
               <TextLine ID="r1l31"
                         BASELINE="508,3840 600,3840 693,3842 786,3842 878,3844 971,3845 1064,3846 1156,3848 1249,3850 1342,3852 1435,3854 1527,3856 1620,3858 1713,3858 1805,3860 1898,3860 1991,3862 2083,3862 2176,3862 2269,3860 2362,3860"
                         HEIGHT="106"
                         WIDTH="1854"
                         VPOS="3784"
                         HPOS="508">
                  <String HEIGHT="106"
                          WIDTH="364"
                          VPOS="3784"
                          HPOS="472"
                          CONTENT="midten"/>
                  <SP HEIGHT="106" WIDTH="36" VPOS="3784" HPOS="835"/>
                  <String HEIGHT="106"
                          WIDTH="218"
                          VPOS="3784"
                          HPOS="726"
                          CONTENT="af"/>
                  <SP HEIGHT="106" WIDTH="36" VPOS="3784" HPOS="944"/>
                  <String HEIGHT="106"
                          WIDTH="364"
                          VPOS="3784"
                          HPOS="835"
                          CONTENT="sistl."/>
                  <SP HEIGHT="106" WIDTH="36" VPOS="3784" HPOS="1199"/>
                  <String HEIGHT="106"
                          WIDTH="436"
                          VPOS="3784"
                          HPOS="1090"
                          CONTENT="November"/>
                  <SP HEIGHT="106" WIDTH="36" VPOS="3784" HPOS="1526"/>
                  <String HEIGHT="106"
                          WIDTH="327"
                          VPOS="3784"
                          HPOS="1417"
                          CONTENT="månad"/>
                  <SP HEIGHT="106" WIDTH="36" VPOS="3784" HPOS="1744"/>
                  <String HEIGHT="106"
                          WIDTH="182"
                          VPOS="3784"
                          HPOS="1635"
                          CONTENT="i"/>
                  <SP HEIGHT="106" WIDTH="36" VPOS="3784" HPOS="1817"/>
                  <String HEIGHT="106"
                          WIDTH="327"
                          VPOS="3784"
                          HPOS="1708"
                          CONTENT="något"/>
                  <SP HEIGHT="106" WIDTH="36" VPOS="3784" HPOS="2035"/>
                  <String HEIGHT="106"
                          WIDTH="364"
                          VPOS="3784"
                          HPOS="1926"
                          CONTENT="arende"/>
                  <SP HEIGHT="106" WIDTH="36" VPOS="3784" HPOS="2289"/>
                  <String HEIGHT="106"
                          WIDTH="218"
                          VPOS="3784"
                          HPOS="2144"
                          CONTENT="gått"/>
               </TextLine>
            </TextBlock>
            <TextBlock ID="r2" HEIGHT="3616" WIDTH="1886" VPOS="225" HPOS="2732">
               <Shape>
                  <Polygon POINTS="2732,225 2732,3841 4618,3841 4618,225"/>
               </Shape>
               <TextLine ID="r2l1"
                         BASELINE="2766,282 2857,284 2949,284 3041,286 3133,286 3225,286 3317,286 3409,286 3501,284 3593,284 3685,284 3776,282 3868,282 3960,280 4052,280 4144,280 4236,280 4328,282 4420,282 4512,284 4604,286"
                         HEIGHT="88"
                         WIDTH="1838"
                         VPOS="225"
                         HPOS="2766">
                  <String HEIGHT="88"
                          WIDTH="294"
                          VPOS="225"
                          HPOS="2729"
                          CONTENT="till"/>
                  <SP HEIGHT="88" WIDTH="37" VPOS="225" HPOS="3023"/>
                  <String HEIGHT="88"
                          WIDTH="551"
                          VPOS="225"
                          HPOS="2913"
                          CONTENT="Kungstorget"/>
                  <SP HEIGHT="88" WIDTH="37" VPOS="225" HPOS="3464"/>
                  <String HEIGHT="88"
                          WIDTH="257"
                          VPOS="225"
                          HPOS="3354"
                          CONTENT="och"/>
                  <SP HEIGHT="88" WIDTH="37" VPOS="225" HPOS="3611"/>
                  <String HEIGHT="88" WIDTH="221" VPOS="225" HPOS="3501" CONTENT="då"/>
                  <SP HEIGHT="88" WIDTH="37" VPOS="225" HPOS="3722"/>
                  <String HEIGHT="88" WIDTH="221" VPOS="225" HPOS="3611" CONTENT="ur"/>
                  <SP HEIGHT="88" WIDTH="37" VPOS="225" HPOS="3832"/>
                  <String HEIGHT="88"
                          WIDTH="368"
                          VPOS="225"
                          HPOS="3722"
                          CONTENT="fickan"/>
                  <SP HEIGHT="88" WIDTH="37" VPOS="225" HPOS="4089"/>
                  <String HEIGHT="88"
                          WIDTH="294"
                          VPOS="225"
                          HPOS="3979"
                          CONTENT="från"/>
                  <SP HEIGHT="88" WIDTH="37" VPOS="225" HPOS="4273"/>
                  <String HEIGHT="88"
                          WIDTH="257"
                          VPOS="225"
                          HPOS="4163"
                          CONTENT="ett"/>
                  <SP HEIGHT="88" WIDTH="37" VPOS="225" HPOS="4420"/>
                  <String HEIGHT="88"
                          WIDTH="331"
                          VPOS="225"
                          HPOS="4273"
                          CONTENT="obekant"/>
               </TextLine>
               <TextLine ID="r2l2"
                         BASELINE="2734,392 2826,392 2918,394 3010,394 3102,396 3194,396 3286,398 3378,400 3470,400 3562,402 3654,404 3746,404 3838,406 3930,406 4022,408 4114,408 4206,410 4298,410 4390,410 4482,410 4574,410"
                         HEIGHT="100"
                         WIDTH="1840"
                         VPOS="337"
                         HPOS="2734">
                  <String HEIGHT="100"
                          WIDTH="486"
                          VPOS="337"
                          HPOS="2699"
                          CONTENT="fruntimmer"/>
                  <SP HEIGHT="100" WIDTH="35" VPOS="337" HPOS="3185"/>
                  <String HEIGHT="100"
                          WIDTH="486"
                          VPOS="337"
                          HPOS="3081"
                          CONTENT="tillgripit"/>
                  <SP HEIGHT="100" WIDTH="35" VPOS="337" HPOS="3567"/>
                  <String HEIGHT="100"
                          WIDTH="208"
                          VPOS="337"
                          HPOS="3463"
                          CONTENT="en"/>
                  <SP HEIGHT="100" WIDTH="35" VPOS="337" HPOS="3671"/>
                  <String HEIGHT="100"
                          WIDTH="382"
                          VPOS="337"
                          HPOS="3567"
                          CONTENT="näsduk;"/>
                  <SP HEIGHT="100" WIDTH="35" VPOS="337" HPOS="3949"/>
                  <String HEIGHT="100"
                          WIDTH="243"
                          VPOS="337"
                          HPOS="3845"
                          CONTENT="att"/>
                  <SP HEIGHT="100" WIDTH="35" VPOS="337" HPOS="4088"/>
                  <String HEIGHT="100"
                          WIDTH="208"
                          VPOS="337"
                          HPOS="3984"
                          CONTENT="då"/>
                  <SP HEIGHT="100" WIDTH="35" VPOS="337" HPOS="4192"/>
                  <String HEIGHT="100"
                          WIDTH="312"
                          VPOS="337"
                          HPOS="4088"
                          CONTENT="detta"/>
                  <SP HEIGHT="100" WIDTH="35" VPOS="337" HPOS="4400"/>
                  <String HEIGHT="100"
                          WIDTH="312"
                          VPOS="337"
                          HPOS="4262"
                          CONTENT="lyckats"/>
               </TextLine>
               <TextLine ID="r2l3"
                         BASELINE="2754,522 2844,522 2934,520 3024,520 3114,520 3204,518 3294,518 3384,518 3474,518 3564,518 3654,518 3744,518 3834,519 3924,520 4014,520 4104,520 4194,520 4284,520 4374,518 4464,518 4554,518"
                         HEIGHT="86"
                         WIDTH="1800"
                         VPOS="463"
                         HPOS="2754">
                  <String HEIGHT="86"
                          WIDTH="233"
                          VPOS="463"
                          HPOS="2721"
                          CONTENT="hon"/>
                  <SP HEIGHT="86" WIDTH="33" VPOS="463" HPOS="2954"/>
                  <String HEIGHT="86"
                          WIDTH="300"
                          VPOS="463"
                          HPOS="2854"
                          CONTENT="börja"/>
                  <SP HEIGHT="86" WIDTH="33" VPOS="463" HPOS="3154"/>
                  <String HEIGHT="86"
                          WIDTH="367"
                          VPOS="463"
                          HPOS="3054"
                          CONTENT="föröfva"/>
                  <SP HEIGHT="86" WIDTH="33" VPOS="463" HPOS="3421"/>
                  <String HEIGHT="86"
                          WIDTH="500"
                          VPOS="463"
                          HPOS="3321"
                          CONTENT="fickstölder"/>
                  <SP HEIGHT="86" WIDTH="33" VPOS="463" HPOS="3821"/>
                  <String HEIGHT="86"
                          WIDTH="233"
                          VPOS="463"
                          HPOS="3721"
                          CONTENT="och"/>
                  <SP HEIGHT="86" WIDTH="33" VPOS="463" HPOS="3954"/>
                  <String HEIGHT="86"
                          WIDTH="233"
                          VPOS="463"
                          HPOS="3854"
                          CONTENT="vid"/>
                  <SP HEIGHT="86" WIDTH="33" VPOS="463" HPOS="4087"/>
                  <String HEIGHT="86"
                          WIDTH="300"
                          VPOS="463"
                          HPOS="3987"
                          CONTENT="olika"/>
                  <SP HEIGHT="86" WIDTH="33" VPOS="463" HPOS="4287"/>
                  <String HEIGHT="86"
                          WIDTH="400"
                          VPOS="463"
                          HPOS="4154"
                          CONTENT="tillfällen"/>
               </TextLine>
               <TextLine ID="r2l4"
                         BASELINE="2746,636 2838,636 2930,636 3022,636 3114,636 3206,636 3298,634 3390,634 3482,634 3574,634 3666,634 3758,634 3850,636 3942,636 4034,636 4126,638 4218,638 4310,640 4402,642 4494,644 4586,648"
                         HEIGHT="96"
                         WIDTH="1840"
                         VPOS="579"
                         HPOS="2746">
                  <String HEIGHT="96" WIDTH="225" VPOS="579" HPOS="2708" CONTENT="ur"/>
                  <SP HEIGHT="96" WIDTH="38" VPOS="579" HPOS="2934"/>
                  <String HEIGHT="96"
                          WIDTH="601"
                          VPOS="579"
                          HPOS="2821"
                          CONTENT="kappfickorna"/>
                  <SP HEIGHT="96" WIDTH="38" VPOS="579" HPOS="3422"/>
                  <String HEIGHT="96"
                          WIDTH="300"
                          VPOS="579"
                          HPOS="3309"
                          CONTENT="från"/>
                  <SP HEIGHT="96" WIDTH="38" VPOS="579" HPOS="3610"/>
                  <String HEIGHT="96"
                          WIDTH="376"
                          VPOS="579"
                          HPOS="3497"
                          CONTENT="okända"/>
                  <SP HEIGHT="96" WIDTH="38" VPOS="579" HPOS="3873"/>
                  <String HEIGHT="96"
                          WIDTH="526"
                          VPOS="579"
                          HPOS="3760"
                          CONTENT="fruntimmer"/>
                  <SP HEIGHT="96" WIDTH="38" VPOS="579" HPOS="4286"/>
                  <String HEIGHT="96"
                          WIDTH="451"
                          VPOS="579"
                          HPOS="4135"
                          CONTENT="tillgripit"/>
               </TextLine>
               <TextLine ID="r2l5"
                         BASELINE="2748,754 2841,756 2934,756 3028,756 3121,756 3215,754 3308,754 3401,754 3495,754 3588,754 3682,754 3775,754 3868,754 3962,754 4055,756 4149,756 4242,758 4335,760 4429,762 4522,764 4616,766"
                         HEIGHT="93"
                         WIDTH="1868"
                         VPOS="700"
                         HPOS="2748">
                  <String HEIGHT="93"
                          WIDTH="509"
                          VPOS="700"
                          HPOS="2714"
                          CONTENT="ytterligare"/>
                  <SP HEIGHT="93" WIDTH="34" VPOS="700" HPOS="3223"/>
                  <String HEIGHT="93"
                          WIDTH="272"
                          VPOS="700"
                          HPOS="3122"
                          CONTENT="fyra"/>
                  <SP HEIGHT="93" WIDTH="34" VPOS="700" HPOS="3393"/>
                  <String HEIGHT="93"
                          WIDTH="374"
                          VPOS="700"
                          HPOS="3291"
                          CONTENT="stycken"/>
                  <SP HEIGHT="93" WIDTH="34" VPOS="700" HPOS="3665"/>
                  <String HEIGHT="93"
                          WIDTH="408"
                          VPOS="700"
                          HPOS="3563"
                          CONTENT="näsdukar"/>
                  <SP HEIGHT="93" WIDTH="34" VPOS="700" HPOS="3971"/>
                  <String HEIGHT="93"
                          WIDTH="238"
                          VPOS="700"
                          HPOS="3869"
                          CONTENT="som"/>
                  <SP HEIGHT="93" WIDTH="34" VPOS="700" HPOS="4107"/>
                  <String HEIGHT="93"
                          WIDTH="475"
                          VPOS="700"
                          HPOS="4005"
                          CONTENT="påtraffats"/>
                  <SP HEIGHT="93" WIDTH="34" VPOS="700" HPOS="4480"/>
                  <String HEIGHT="93" WIDTH="170" VPOS="700" HPOS="4378" CONTENT="i"/>
                  <SP HEIGHT="93" WIDTH="34" VPOS="700" HPOS="4548"/>
                  <String HEIGHT="93"
                          WIDTH="204"
                          VPOS="700"
                          HPOS="4412"
                          CONTENT="hen¬"
                          SUBS_TYPE="HypPart1"
                          SUBS_CONTENT="hennes"/>
                  <HYP CONTENT="-"/>
               </TextLine>
               <TextLine ID="r2l6"
                         BASELINE="2756,866 2845,866 2934,866 3024,866 3113,866 3203,868 3292,868 3381,870 3471,870 3560,870 3650,872 3739,872 3828,874 3918,874 4007,874 4097,874 4186,874 4275,874 4365,874 4454,872 4544,870"
                         HEIGHT="89"
                         WIDTH="1788"
                         VPOS="812"
                         HPOS="2756">
                  <String HEIGHT="89"
                          WIDTH="266"
                          VPOS="812"
                          HPOS="2718"
                          CONTENT="nes"
                          SUBS_TYPE="HypPart2"
                          SUBS_CONTENT="hennes"/>
                  <SP HEIGHT="89" WIDTH="38" VPOS="812" HPOS="2984"/>
                  <String HEIGHT="89"
                          WIDTH="418"
                          VPOS="812"
                          HPOS="2870"
                          CONTENT="bostad;"/>
                  <SP HEIGHT="89" WIDTH="38" VPOS="812" HPOS="3289"/>
                  <String HEIGHT="89"
                          WIDTH="266"
                          VPOS="812"
                          HPOS="3174"
                          CONTENT="att"/>
                  <SP HEIGHT="89" WIDTH="38" VPOS="812" HPOS="3441"/>
                  <String HEIGHT="89"
                          WIDTH="266"
                          VPOS="812"
                          HPOS="3327"
                          CONTENT="hon"/>
                  <SP HEIGHT="89" WIDTH="38" VPOS="812" HPOS="3593"/>
                  <String HEIGHT="89"
                          WIDTH="342"
                          VPOS="812"
                          HPOS="3479"
                          CONTENT="någon"/>
                  <SP HEIGHT="89" WIDTH="38" VPOS="812" HPOS="3821"/>
                  <String HEIGHT="89"
                          WIDTH="266"
                          VPOS="812"
                          HPOS="3707"
                          CONTENT="dag"/>
                  <SP HEIGHT="89" WIDTH="38" VPOS="812" HPOS="3973"/>
                  <String HEIGHT="89" WIDTH="190" VPOS="812" HPOS="3859" CONTENT="i"/>
                  <SP HEIGHT="89" WIDTH="38" VPOS="812" HPOS="4049"/>
                  <String HEIGHT="89"
                          WIDTH="380"
                          VPOS="812"
                          HPOS="3935"
                          CONTENT="slutet"/>
                  <SP HEIGHT="89" WIDTH="38" VPOS="812" HPOS="4316"/>
                  <String HEIGHT="89" WIDTH="228" VPOS="812" HPOS="4202" CONTENT="af"/>
                  <SP HEIGHT="89" WIDTH="38" VPOS="812" HPOS="4430"/>
                  <String HEIGHT="89"
                          WIDTH="266"
                          VPOS="812"
                          HPOS="4278"
                          CONTENT="samma"/>
               </TextLine>
               <TextLine ID="r2l7"
                         BASELINE="2758,982 2846,982 2935,984 3024,984 3112,984 3201,986 3290,986 3378,986 3467,988 3556,988 3645,988 3733,988 3822,988 3911,990 3999,990 4088,990 4177,990 4265,990 4354,990 4443,988 4532,988"
                         HEIGHT="90"
                         WIDTH="1774"
                         VPOS="927"
                         HPOS="2758">
                  <String HEIGHT="90"
                          WIDTH="333"
                          VPOS="927"
                          HPOS="2721"
                          CONTENT="månad"/>
                  <SP HEIGHT="90" WIDTH="37" VPOS="927" HPOS="3054"/>
                  <String HEIGHT="90" WIDTH="185" VPOS="927" HPOS="2943" CONTENT="å"/>
                  <SP HEIGHT="90" WIDTH="37" VPOS="927" HPOS="3128"/>
                  <String HEIGHT="90"
                          WIDTH="554"
                          VPOS="927"
                          HPOS="3017"
                          CONTENT="Kungstorget"/>
                  <SP HEIGHT="90" WIDTH="37" VPOS="927" HPOS="3571"/>
                  <String HEIGHT="90"
                          WIDTH="370"
                          VPOS="927"
                          HPOS="3460"
                          CONTENT="första"/>
                  <SP HEIGHT="90" WIDTH="37" VPOS="927" HPOS="3830"/>
                  <String HEIGHT="90"
                          WIDTH="370"
                          VPOS="927"
                          HPOS="3719"
                          CONTENT="gången"/>
                  <SP HEIGHT="90" WIDTH="37" VPOS="927" HPOS="4088"/>
                  <String HEIGHT="90" WIDTH="222" VPOS="927" HPOS="3978" CONTENT="ur"/>
                  <SP HEIGHT="90" WIDTH="37" VPOS="927" HPOS="4199"/>
                  <String HEIGHT="90"
                          WIDTH="370"
                          VPOS="927"
                          HPOS="4088"
                          CONTENT="fickan"/>
                  <SP HEIGHT="90" WIDTH="37" VPOS="927" HPOS="4458"/>
                  <String HEIGHT="90"
                          WIDTH="222"
                          VPOS="927"
                          HPOS="4310"
                          CONTENT="från"/>
               </TextLine>
               <TextLine ID="r2l8"
                         BASELINE="2756,1100 2846,1100 2937,1098 3027,1098 3118,1098 3209,1098 3299,1100 3390,1100 3480,1100 3571,1100 3662,1100 3752,1100 3843,1100 3933,1100 4024,1100 4115,1100 4205,1100 4296,1100 4386,1100 4477,1098 4568,1098"
                         HEIGHT="84"
                         WIDTH="1812"
                         VPOS="1043"
                         HPOS="2756">
                  <String HEIGHT="84"
                          WIDTH="254"
                          VPOS="1043"
                          HPOS="2720"
                          CONTENT="ett"/>
                  <SP HEIGHT="84" WIDTH="36" VPOS="1043" HPOS="2973"/>
                  <String HEIGHT="84"
                          WIDTH="399"
                          VPOS="1043"
                          HPOS="2865"
                          CONTENT="obekant"/>
                  <SP HEIGHT="84" WIDTH="36" VPOS="1043" HPOS="3263"/>
                  <String HEIGHT="84"
                          WIDTH="507"
                          VPOS="1043"
                          HPOS="3155"
                          CONTENT="fruntimmer"/>
                  <SP HEIGHT="84" WIDTH="36" VPOS="1043" HPOS="3662"/>
                  <String HEIGHT="84"
                          WIDTH="507"
                          VPOS="1043"
                          HPOS="3553"
                          CONTENT="tillgripit"/>
                  <SP HEIGHT="84" WIDTH="36" VPOS="1043" HPOS="4061"/>
                  <String HEIGHT="84"
                          WIDTH="217"
                          VPOS="1043"
                          HPOS="3952"
                          CONTENT="en"/>
                  <SP HEIGHT="84" WIDTH="36" VPOS="1043" HPOS="4169"/>
                  <String HEIGHT="84"
                          WIDTH="507"
                          VPOS="1043"
                          HPOS="4061"
                          CONTENT="portmonaie"/>
                  <SP HEIGHT="84" WIDTH="36" VPOS="1043" HPOS="4568"/>
                  <String HEIGHT="84"
                          WIDTH="145"
                          VPOS="1043"
                          HPOS="4423"
                          CONTENT="in"/>
               </TextLine>
               <TextLine ID="r2l9"
                         BASELINE="2738,1220 2829,1218 2920,1216 3011,1214 3102,1214 3193,1214 3284,1214 3375,1216 3466,1216 3557,1218 3649,1220 3740,1221 3831,1222 3922,1224 4013,1224 4104,1226 4195,1226 4286,1224 4377,1224 4468,1222 4560,1220"
                         HEIGHT="93"
                         WIDTH="1822"
                         VPOS="1160"
                         HPOS="2738">
                  <String HEIGHT="93"
                          WIDTH="500"
                          VPOS="1160"
                          HPOS="2702"
                          CONTENT="nehållande"/>
                  <SP HEIGHT="93" WIDTH="36" VPOS="1160" HPOS="3202"/>
                  <String HEIGHT="93" WIDTH="179" VPOS="1160" HPOS="3095" CONTENT="9"/>
                  <SP HEIGHT="93" WIDTH="36" VPOS="1160" HPOS="3274"/>
                  <String HEIGHT="93"
                          WIDTH="357"
                          VPOS="1160"
                          HPOS="3167"
                          CONTENT="kronor"/>
                  <SP HEIGHT="93" WIDTH="36" VPOS="1160" HPOS="3524"/>
                  <String HEIGHT="93"
                          WIDTH="393"
                          VPOS="1160"
                          HPOS="3417"
                          CONTENT="hvilken"/>
                  <SP HEIGHT="93" WIDTH="36" VPOS="1160" HPOS="3810"/>
                  <String HEIGHT="93"
                          WIDTH="500"
                          VPOS="1160"
                          HPOS="3703"
                          CONTENT="portmonaie"/>
                  <SP HEIGHT="93" WIDTH="36" VPOS="1160" HPOS="4203"/>
                  <String HEIGHT="93"
                          WIDTH="322"
                          VPOS="1160"
                          HPOS="4096"
                          CONTENT="varit"/>
                  <SP HEIGHT="93" WIDTH="36" VPOS="1160" HPOS="4417"/>
                  <String HEIGHT="93"
                          WIDTH="214"
                          VPOS="1160"
                          HPOS="4310"
                          CONTENT="en"/>
                  <SP HEIGHT="93" WIDTH="36" VPOS="1160" HPOS="4524"/>
                  <String HEIGHT="93"
                          WIDTH="214"
                          VPOS="1160"
                          HPOS="4417"
                          CONTENT="af"/>
                  <SP HEIGHT="93" WIDTH="36" VPOS="1160" HPOS="4631"/>
                  <String HEIGHT="93" WIDTH="71" VPOS="1160" HPOS="4489" CONTENT=""/>
               </TextLine>
               <TextLine ID="r2l10"
                         BASELINE="2754,1328 2843,1328 2932,1328 3021,1328 3110,1328 3200,1330 3289,1330 3378,1330 3467,1332 3556,1332 3646,1332 3735,1332 3824,1332 3913,1332 4002,1332 4092,1332 4181,1332 4270,1330 4359,1330 4448,1328 4538,1326"
                         HEIGHT="87"
                         WIDTH="1784"
                         VPOS="1272"
                         HPOS="2754">
                  <String HEIGHT="87"
                          WIDTH="305"
                          VPOS="1272"
                          HPOS="2710"
                          CONTENT="dem"/>
                  <SP HEIGHT="87" WIDTH="44" VPOS="1272" HPOS="3015"/>
                  <String HEIGHT="87"
                          WIDTH="305"
                          VPOS="1272"
                          HPOS="2885"
                          CONTENT="som"/>
                  <SP HEIGHT="87" WIDTH="44" VPOS="1272" HPOS="3189"/>
                  <String HEIGHT="87"
                          WIDTH="305"
                          VPOS="1272"
                          HPOS="3059"
                          CONTENT="hon"/>
                  <SP HEIGHT="87" WIDTH="44" VPOS="1272" HPOS="3363"/>
                  <String HEIGHT="87"
                          WIDTH="305"
                          VPOS="1272"
                          HPOS="3233"
                          CONTENT="vid"/>
                  <SP HEIGHT="87" WIDTH="44" VPOS="1272" HPOS="3537"/>
                  <String HEIGHT="87"
                          WIDTH="653"
                          VPOS="1272"
                          HPOS="3407"
                          CONTENT="anhallåndet"/>
                  <SP HEIGHT="87" WIDTH="44" VPOS="1272" HPOS="4059"/>
                  <String HEIGHT="87"
                          WIDTH="566"
                          VPOS="1272"
                          HPOS="3929"
                          CONTENT="innehade,"/>
                  <SP HEIGHT="87" WIDTH="44" VPOS="1272" HPOS="4494"/>
                  <String HEIGHT="87"
                          WIDTH="218"
                          VPOS="1272"
                          HPOS="4320"
                          CONTENT="att"/>
               </TextLine>
               <TextLine ID="r2l11"
                         BASELINE="2756,1462 2846,1460 2936,1458 3027,1456 3117,1456 3208,1456 3298,1456 3388,1456 3479,1456 3569,1456 3660,1458 3750,1458 3840,1458 3931,1460 4021,1460 4112,1460 4202,1460 4292,1460 4383,1460 4473,1458 4564,1456"
                         HEIGHT="87"
                         WIDTH="1808"
                         VPOS="1402"
                         HPOS="2756">
                  <String HEIGHT="87"
                          WIDTH="234"
                          VPOS="1402"
                          HPOS="2723"
                          CONTENT="hon"/>
                  <SP HEIGHT="87" WIDTH="33" VPOS="1402" HPOS="2957"/>
                  <String HEIGHT="87"
                          WIDTH="335"
                          VPOS="1402"
                          HPOS="2856"
                          CONTENT="sedan,"/>
                  <SP HEIGHT="87" WIDTH="33" VPOS="1402" HPOS="3191"/>
                  <String HEIGHT="87"
                          WIDTH="335"
                          VPOS="1402"
                          HPOS="3091"
                          CONTENT="hvarje"/>
                  <SP HEIGHT="87" WIDTH="33" VPOS="1402" HPOS="3426"/>
                  <String HEIGHT="87"
                          WIDTH="368"
                          VPOS="1402"
                          HPOS="3325"
                          CONTENT="torgdag"/>
                  <SP HEIGHT="87" WIDTH="33" VPOS="1402" HPOS="3693"/>
                  <String HEIGHT="87" WIDTH="167" VPOS="1402" HPOS="3593" CONTENT="i"/>
                  <SP HEIGHT="87" WIDTH="33" VPOS="1402" HPOS="3760"/>
                  <String HEIGHT="87"
                          WIDTH="335"
                          VPOS="1402"
                          HPOS="3660"
                          CONTENT="afsigt"/>
                  <SP HEIGHT="87" WIDTH="33" VPOS="1402" HPOS="3995"/>
                  <String HEIGHT="87"
                          WIDTH="234"
                          VPOS="1402"
                          HPOS="3894"
                          CONTENT="att"/>
                  <SP HEIGHT="87" WIDTH="33" VPOS="1402" HPOS="4129"/>
                  <String HEIGHT="87"
                          WIDTH="335"
                          VPOS="1402"
                          HPOS="4028"
                          CONTENT="stjala"/>
                  <SP HEIGHT="87" WIDTH="33" VPOS="1402" HPOS="4363"/>
                  <String HEIGHT="87"
                          WIDTH="335"
                          VPOS="1402"
                          HPOS="4229"
                          CONTENT="begifvit"/>
               </TextLine>
               <TextLine ID="r2l12"
                         BASELINE="2748,1570 2840,1568 2932,1566 3025,1566 3117,1566 3210,1566 3302,1566 3394,1566 3487,1568 3579,1568 3672,1570 3764,1570 3856,1572 3949,1574 4041,1574 4134,1576 4226,1576 4318,1578 4411,1578 4503,1578 4596,1578"
                         HEIGHT="93"
                         WIDTH="1848"
                         VPOS="1512"
                         HPOS="2748">
                  <String HEIGHT="93"
                          WIDTH="254"
                          VPOS="1512"
                          HPOS="2712"
                          CONTENT="sig"/>
                  <SP HEIGHT="93" WIDTH="36" VPOS="1512" HPOS="2965"/>
                  <String HEIGHT="93"
                          WIDTH="290"
                          VPOS="1512"
                          HPOS="2857"
                          CONTENT="till"/>
                  <SP HEIGHT="93" WIDTH="36" VPOS="1512" HPOS="3147"/>
                  <String HEIGHT="93"
                          WIDTH="544"
                          VPOS="1512"
                          HPOS="3038"
                          CONTENT="Kungstorget"/>
                  <SP HEIGHT="93" WIDTH="36" VPOS="1512" HPOS="3581"/>
                  <String HEIGHT="93"
                          WIDTH="254"
                          VPOS="1512"
                          HPOS="3473"
                          CONTENT="der"/>
                  <SP HEIGHT="93" WIDTH="36" VPOS="1512" HPOS="3726"/>
                  <String HEIGHT="93"
                          WIDTH="254"
                          VPOS="1512"
                          HPOS="3618"
                          CONTENT="hon"/>
                  <SP HEIGHT="93" WIDTH="36" VPOS="1512" HPOS="3871"/>
                  <String HEIGHT="93" WIDTH="181" VPOS="1512" HPOS="3763" CONTENT="å"/>
                  <SP HEIGHT="93" WIDTH="36" VPOS="1512" HPOS="3944"/>
                  <String HEIGHT="93"
                          WIDTH="435"
                          VPOS="1512"
                          HPOS="3835"
                          CONTENT="uppgifne"/>
                  <SP HEIGHT="93" WIDTH="36" VPOS="1512" HPOS="4270"/>
                  <String HEIGHT="93"
                          WIDTH="326"
                          VPOS="1512"
                          HPOS="4161"
                          CONTENT="dagar"/>
                  <SP HEIGHT="93" WIDTH="36" VPOS="1512" HPOS="4487"/>
                  <String HEIGHT="93"
                          WIDTH="254"
                          VPOS="1512"
                          HPOS="4342"
                          CONTENT="genom"/>
               </TextLine>
               <TextLine ID="r2l13"
                         BASELINE="2740,1694 2831,1692 2923,1692 3015,1692 3107,1692 3199,1692 3291,1690 3383,1690 3475,1690 3567,1690 3659,1690 3750,1688 3842,1688 3934,1688 4026,1688 4118,1686 4210,1686 4302,1684 4394,1684 4486,1684 4578,1682"
                         HEIGHT="93"
                         WIDTH="1838"
                         VPOS="1628"
                         HPOS="2740">
                  <String HEIGHT="93"
                          WIDTH="442"
                          VPOS="1628"
                          HPOS="2706"
                          CONTENT="fickstöld"/>
                  <SP HEIGHT="93" WIDTH="34" VPOS="1628" HPOS="3148"/>
                  <String HEIGHT="93"
                          WIDTH="477"
                          VPOS="1628"
                          HPOS="3046"
                          CONTENT="tillgripit"/>
                  <SP HEIGHT="93" WIDTH="34" VPOS="1628" HPOS="3523"/>
                  <String HEIGHT="93"
                          WIDTH="408"
                          VPOS="1628"
                          HPOS="3421"
                          CONTENT="samtlige"/>
                  <SP HEIGHT="93" WIDTH="34" VPOS="1628" HPOS="3829"/>
                  <String HEIGHT="93"
                          WIDTH="545"
                          VPOS="1628"
                          HPOS="3727"
                          CONTENT="ofvanberörde"/>
                  <SP HEIGHT="93" WIDTH="34" VPOS="1628" HPOS="4272"/>
                  <String HEIGHT="93"
                          WIDTH="442"
                          VPOS="1628"
                          HPOS="4136"
                          CONTENT="portmonaier"/>
               </TextLine>
               <TextLine ID="r2l14"
                         BASELINE="2746,1808 2835,1806 2925,1804 3015,1802 3105,1802 3195,1802 3284,1802 3374,1802 3464,1802 3554,1802 3644,1802 3733,1802 3823,1804 3913,1804 4003,1804 4093,1804 4182,1804 4272,1804 4362,1804 4452,1802 4542,1802"
                         HEIGHT="87"
                         WIDTH="1796"
                         VPOS="1748"
                         HPOS="2746">
                  <String HEIGHT="87"
                          WIDTH="267"
                          VPOS="1748"
                          HPOS="2708"
                          CONTENT="med"/>
                  <SP HEIGHT="87" WIDTH="38" VPOS="1748" HPOS="2975"/>
                  <String HEIGHT="87"
                          WIDTH="306"
                          VPOS="1748"
                          HPOS="2861"
                          CONTENT="deri"/>
                  <SP HEIGHT="87" WIDTH="38" VPOS="1748" HPOS="3166"/>
                  <String HEIGHT="87"
                          WIDTH="497"
                          VPOS="1748"
                          HPOS="3052"
                          CONTENT="förvarade"/>
                  <SP HEIGHT="87" WIDTH="38" VPOS="1748" HPOS="3548"/>
                  <String HEIGHT="87"
                          WIDTH="726"
                          VPOS="1748"
                          HPOS="3434"
                          CONTENT="penningebelopp,"/>
                  <SP HEIGHT="87" WIDTH="38" VPOS="1748" HPOS="4160"/>
                  <String HEIGHT="87"
                          WIDTH="267"
                          VPOS="1748"
                          HPOS="4045"
                          CONTENT="med"/>
                  <SP HEIGHT="87" WIDTH="38" VPOS="1748" HPOS="4313"/>
                  <String HEIGHT="87"
                          WIDTH="382"
                          VPOS="1748"
                          HPOS="4160"
                          CONTENT="undantag"/>
               </TextLine>
               <TextLine ID="r2l15"
                         BASELINE="2770,1916 2860,1918 2950,1918 3040,1920 3130,1920 3220,1920 3310,1920 3400,1921 3490,1922 3580,1922 3670,1922 3760,1922 3850,1922 3940,1922 4030,1924 4120,1924 4210,1926 4300,1926 4390,1928 4480,1930 4570,1932"
                         HEIGHT="95"
                         WIDTH="1800"
                         VPOS="1863"
                         HPOS="2770">
                  <String HEIGHT="95"
                          WIDTH="212"
                          VPOS="1863"
                          HPOS="2735"
                          CONTENT="af"/>
                  <SP HEIGHT="95" WIDTH="35" VPOS="1863" HPOS="2946"/>
                  <String HEIGHT="95"
                          WIDTH="353"
                          VPOS="1863"
                          HPOS="2841"
                          CONTENT="ogifta"/>
                  <SP HEIGHT="95" WIDTH="35" VPOS="1863" HPOS="3194"/>
                  <String HEIGHT="95"
                          WIDTH="565"
                          VPOS="1863"
                          HPOS="3088"
                          CONTENT="Skattströms;"/>
                  <SP HEIGHT="95" WIDTH="35" VPOS="1863" HPOS="3652"/>
                  <String HEIGHT="95"
                          WIDTH="247"
                          VPOS="1863"
                          HPOS="3546"
                          CONTENT="att"/>
                  <SP HEIGHT="95" WIDTH="35" VPOS="1863" HPOS="3794"/>
                  <String HEIGHT="95"
                          WIDTH="247"
                          VPOS="1863"
                          HPOS="3688"
                          CONTENT="hon"/>
                  <SP HEIGHT="95" WIDTH="35" VPOS="1863" HPOS="3935"/>
                  <String HEIGHT="95"
                          WIDTH="424"
                          VPOS="1863"
                          HPOS="3829"
                          CONTENT="dessutom"/>
                  <SP HEIGHT="95" WIDTH="35" VPOS="1863" HPOS="4252"/>
                  <String HEIGHT="95" WIDTH="176" VPOS="1863" HPOS="4146" CONTENT="å"/>
                  <SP HEIGHT="95" WIDTH="35" VPOS="1863" HPOS="4323"/>
                  <String HEIGHT="95"
                          WIDTH="388"
                          VPOS="1863"
                          HPOS="4182"
                          CONTENT="Kungstor¬"
                          SUBS_TYPE="HypPart1"
                          SUBS_CONTENT="Kungstorget"/>
                  <HYP CONTENT="-"/>
               </TextLine>
               <TextLine ID="r2l16"
                         BASELINE="2764,2032 2854,2034 2944,2034 3035,2036 3125,2037 3216,2038 3306,2038 3396,2040 3487,2040 3577,2040 3668,2040 3758,2040 3848,2040 3939,2040 4029,2040 4120,2040 4210,2040 4300,2040 4391,2040 4481,2040 4572,2040"
                         HEIGHT="87"
                         WIDTH="1808"
                         VPOS="1979"
                         HPOS="2764">
                  <String HEIGHT="87"
                          WIDTH="258"
                          VPOS="1979"
                          HPOS="2727"
                          CONTENT="get"
                          SUBS_TYPE="HypPart2"
                          SUBS_CONTENT="Kungstorget"/>
                  <SP HEIGHT="87" WIDTH="37" VPOS="1979" HPOS="2985"/>
                  <String HEIGHT="87" WIDTH="184" VPOS="1979" HPOS="2875" CONTENT="å"/>
                  <SP HEIGHT="87" WIDTH="37" VPOS="1979" HPOS="3059"/>
                  <String HEIGHT="87"
                          WIDTH="332"
                          VPOS="1979"
                          HPOS="2948"
                          CONTENT="dagar"/>
                  <SP HEIGHT="87" WIDTH="37" VPOS="1979" HPOS="3281"/>
                  <String HEIGHT="87"
                          WIDTH="258"
                          VPOS="1979"
                          HPOS="3170"
                          CONTENT="som"/>
                  <SP HEIGHT="87" WIDTH="37" VPOS="1979" HPOS="3428"/>
                  <String HEIGHT="87"
                          WIDTH="258"
                          VPOS="1979"
                          HPOS="3317"
                          CONTENT="hon"/>
                  <SP HEIGHT="87" WIDTH="37" VPOS="1979" HPOS="3576"/>
                  <String HEIGHT="87"
                          WIDTH="295"
                          VPOS="1979"
                          HPOS="3465"
                          CONTENT="icke"/>
                  <SP HEIGHT="87" WIDTH="37" VPOS="1979" HPOS="3760"/>
                  <String HEIGHT="87"
                          WIDTH="258"
                          VPOS="1979"
                          HPOS="3650"
                          CONTENT="kan"/>
                  <SP HEIGHT="87" WIDTH="37" VPOS="1979" HPOS="3908"/>
                  <String HEIGHT="87"
                          WIDTH="443"
                          VPOS="1979"
                          HPOS="3797"
                          CONTENT="uppgifva"/>
                  <SP HEIGHT="87" WIDTH="37" VPOS="1979" HPOS="4240"/>
                  <String HEIGHT="87"
                          WIDTH="332"
                          VPOS="1979"
                          HPOS="4129"
                          CONTENT="genom"/>
                  <SP HEIGHT="87" WIDTH="37" VPOS="1979" HPOS="4461"/>
                  <String HEIGHT="87"
                          WIDTH="258"
                          VPOS="1979"
                          HPOS="4314"
                          CONTENT="fick¬"
                          SUBS_TYPE="HypPart1"
                          SUBS_CONTENT="fickstöld"/>
                  <HYP CONTENT="-"/>
               </TextLine>
               <TextLine ID="r2l17"
                         BASELINE="2732,2152 2823,2152 2915,2150 3006,2150 3098,2150 3190,2150 3281,2150 3373,2148 3464,2148 3556,2148 3648,2148 3739,2148 3831,2148 3922,2148 4014,2148 4106,2148 4197,2148 4289,2149 4380,2150 4472,2150 4564,2150"
                         HEIGHT="85"
                         WIDTH="1832"
                         VPOS="2094"
                         HPOS="2732">
                  <String HEIGHT="85"
                          WIDTH="305"
                          VPOS="2094"
                          HPOS="2698"
                          CONTENT="stöld"
                          SUBS_TYPE="HypPart2"
                          SUBS_CONTENT="fickstöld"/>
                  <SP HEIGHT="85" WIDTH="34" VPOS="2094" HPOS="3003"/>
                  <String HEIGHT="85"
                          WIDTH="271"
                          VPOS="2094"
                          HPOS="2902"
                          CONTENT="från"/>
                  <SP HEIGHT="85" WIDTH="34" VPOS="2094" HPOS="3173"/>
                  <String HEIGHT="85"
                          WIDTH="305"
                          VPOS="2094"
                          HPOS="3071"
                          CONTENT="andra"/>
                  <SP HEIGHT="85" WIDTH="34" VPOS="2094" HPOS="3377"/>
                  <String HEIGHT="85"
                          WIDTH="475"
                          VPOS="2094"
                          HPOS="3275"
                          CONTENT="fruntimmer"/>
                  <SP HEIGHT="85" WIDTH="34" VPOS="2094" HPOS="3750"/>
                  <String HEIGHT="85"
                          WIDTH="475"
                          VPOS="2094"
                          HPOS="3648"
                          CONTENT="tillgripit"/>
                  <SP HEIGHT="85" WIDTH="34" VPOS="2094" HPOS="4123"/>
                  <String HEIGHT="85"
                          WIDTH="339"
                          VPOS="2094"
                          HPOS="4021"
                          CONTENT="öfrige"/>
                  <SP HEIGHT="85" WIDTH="34" VPOS="2094" HPOS="4360"/>
                  <String HEIGHT="85" WIDTH="170" VPOS="2094" HPOS="4259" CONTENT="i"/>
                  <SP HEIGHT="85" WIDTH="34" VPOS="2094" HPOS="4428"/>
                  <String HEIGHT="85"
                          WIDTH="271"
                          VPOS="2094"
                          HPOS="4293"
                          CONTENT="hennes"/>
               </TextLine>
               <TextLine ID="r2l18"
                         BASELINE="2738,2272 2827,2270 2917,2270 3007,2270 3096,2270 3186,2270 3276,2270 3365,2270 3455,2270 3545,2272 3635,2272 3724,2272 3814,2272 3904,2274 3993,2274 4083,2274 4173,2272 4262,2272 4352,2271 4442,2270 4532,2268"
                         HEIGHT="88"
                         WIDTH="1794"
                         VPOS="2213"
                         HPOS="2738">
                  <String HEIGHT="88"
                          WIDTH="366"
                          VPOS="2213"
                          HPOS="2701"
                          CONTENT="bostad"/>
                  <SP HEIGHT="88" WIDTH="37" VPOS="2213" HPOS="3068"/>
                  <String HEIGHT="88"
                          WIDTH="330"
                          VPOS="2213"
                          HPOS="2958"
                          CONTENT="funna"/>
                  <SP HEIGHT="88" WIDTH="37" VPOS="2213" HPOS="3287"/>
                  <String HEIGHT="88"
                          WIDTH="549"
                          VPOS="2213"
                          HPOS="3177"
                          CONTENT="portmonaier"/>
                  <SP HEIGHT="88" WIDTH="37" VPOS="2213" HPOS="3727"/>
                  <String HEIGHT="88"
                          WIDTH="256"
                          VPOS="2213"
                          HPOS="3617"
                          CONTENT="som"/>
                  <SP HEIGHT="88" WIDTH="37" VPOS="2213" HPOS="3873"/>
                  <String HEIGHT="88"
                          WIDTH="513"
                          VPOS="2213"
                          HPOS="3763"
                          CONTENT="innehållit"/>
                  <SP HEIGHT="88" WIDTH="37" VPOS="2213" HPOS="4276"/>
                  <String HEIGHT="88"
                          WIDTH="220"
                          VPOS="2213"
                          HPOS="4166"
                          CONTENT="en"/>
                  <SP HEIGHT="88" WIDTH="37" VPOS="2213" HPOS="4386"/>
                  <String HEIGHT="88" WIDTH="183" VPOS="2213" HPOS="4276" CONTENT="1"/>
                  <SP HEIGHT="88" WIDTH="37" VPOS="2213" HPOS="4459"/>
                  <String HEIGHT="88"
                          WIDTH="220"
                          VPOS="2213"
                          HPOS="4312"
                          CONTENT="öre,"/>
               </TextLine>
               <TextLine ID="r2l19"
                         BASELINE="2744,2392 2836,2392 2928,2392 3020,2392 3113,2392 3205,2392 3297,2394 3390,2394 3482,2394 3574,2394 3667,2392 3759,2392 3851,2392 3943,2390 4036,2390 4128,2388 4220,2386 4313,2384 4405,2382 4497,2380 4590,2376"
                         HEIGHT="100"
                         WIDTH="1846"
                         VPOS="2321"
                         HPOS="2744">
                  <String HEIGHT="100"
                          WIDTH="226"
                          VPOS="2321"
                          HPOS="2706"
                          CONTENT="en"/>
                  <SP HEIGHT="100" WIDTH="38" VPOS="2321" HPOS="2932"/>
                  <String HEIGHT="100"
                          WIDTH="226"
                          VPOS="2321"
                          HPOS="2819"
                          CONTENT="30"/>
                  <SP HEIGHT="100" WIDTH="38" VPOS="2321" HPOS="3045"/>
                  <String HEIGHT="100"
                          WIDTH="301"
                          VPOS="2321"
                          HPOS="2932"
                          CONTENT="öre,"/>
                  <SP HEIGHT="100" WIDTH="38" VPOS="2321" HPOS="3234"/>
                  <String HEIGHT="100"
                          WIDTH="226"
                          VPOS="2321"
                          HPOS="3121"
                          CONTENT="en"/>
                  <SP HEIGHT="100" WIDTH="38" VPOS="2321" HPOS="3347"/>
                  <String HEIGHT="100"
                          WIDTH="188"
                          VPOS="2321"
                          HPOS="3234"
                          CONTENT="2"/>
                  <SP HEIGHT="100" WIDTH="38" VPOS="2321" HPOS="3422"/>
                  <String HEIGHT="100"
                          WIDTH="377"
                          VPOS="2321"
                          HPOS="3309"
                          CONTENT="kronor"/>
                  <SP HEIGHT="100" WIDTH="38" VPOS="2321" HPOS="3686"/>
                  <String HEIGHT="100"
                          WIDTH="264"
                          VPOS="2321"
                          HPOS="3573"
                          CONTENT="och"/>
                  <SP HEIGHT="100" WIDTH="38" VPOS="2321" HPOS="3837"/>
                  <String HEIGHT="100"
                          WIDTH="226"
                          VPOS="2321"
                          HPOS="3724"
                          CONTENT="en"/>
                  <SP HEIGHT="100" WIDTH="38" VPOS="2321" HPOS="3950"/>
                  <String HEIGHT="100"
                          WIDTH="377"
                          VPOS="2321"
                          HPOS="3837"
                          CONTENT="belopp"/>
                  <SP HEIGHT="100" WIDTH="38" VPOS="2321" HPOS="4213"/>
                  <String HEIGHT="100"
                          WIDTH="264"
                          VPOS="2321"
                          HPOS="4100"
                          CONTENT="som"/>
                  <SP HEIGHT="100" WIDTH="38" VPOS="2321" HPOS="4364"/>
                  <String HEIGHT="100"
                          WIDTH="264"
                          VPOS="2321"
                          HPOS="4251"
                          CONTENT="hon"/>
                  <SP HEIGHT="100" WIDTH="38" VPOS="2321" HPOS="4515"/>
                  <String HEIGHT="100"
                          WIDTH="226"
                          VPOS="2321"
                          HPOS="4364"
                          CONTENT="icke"/>
               </TextLine>
               <TextLine ID="r2l20"
                         BASELINE="2750,2508 2841,2508 2932,2508 3024,2508 3115,2508 3207,2508 3298,2508 3389,2508 3481,2508 3572,2508 3664,2508 3755,2506 3846,2506 3938,2506 4029,2506 4121,2506 4212,2504 4303,2504 4395,2502 4486,2502 4578,2500"
                         HEIGHT="90"
                         WIDTH="1828"
                         VPOS="2445"
                         HPOS="2750">
                  <String HEIGHT="90"
                          WIDTH="267"
                          VPOS="2445"
                          HPOS="2712"
                          CONTENT="kan"/>
                  <SP HEIGHT="90" WIDTH="38" VPOS="2445" HPOS="2979"/>
                  <String HEIGHT="90"
                          WIDTH="381"
                          VPOS="2445"
                          HPOS="2864"
                          CONTENT="erinra"/>
                  <SP HEIGHT="90" WIDTH="38" VPOS="2445" HPOS="3245"/>
                  <String HEIGHT="90"
                          WIDTH="305"
                          VPOS="2445"
                          HPOS="3131"
                          CONTENT="sig;"/>
                  <SP HEIGHT="90" WIDTH="38" VPOS="2445" HPOS="3436"/>
                  <String HEIGHT="90"
                          WIDTH="267"
                          VPOS="2445"
                          HPOS="3321"
                          CONTENT="att"/>
                  <SP HEIGHT="90" WIDTH="38" VPOS="2445" HPOS="3588"/>
                  <String HEIGHT="90"
                          WIDTH="229"
                          VPOS="2445"
                          HPOS="3474"
                          CONTENT="då"/>
                  <SP HEIGHT="90" WIDTH="38" VPOS="2445" HPOS="3702"/>
                  <String HEIGHT="90"
                          WIDTH="267"
                          VPOS="2445"
                          HPOS="3588"
                          CONTENT="hon"/>
                  <SP HEIGHT="90" WIDTH="38" VPOS="2445" HPOS="3854"/>
                  <String HEIGHT="90"
                          WIDTH="305"
                          VPOS="2445"
                          HPOS="3740"
                          CONTENT="icke"/>
                  <SP HEIGHT="90" WIDTH="38" VPOS="2445" HPOS="4045"/>
                  <String HEIGHT="90"
                          WIDTH="381"
                          VPOS="2445"
                          HPOS="3931"
                          CONTENT="kunnat"/>
                  <SP HEIGHT="90" WIDTH="38" VPOS="2445" HPOS="4311"/>
                  <String HEIGHT="90"
                          WIDTH="343"
                          VPOS="2445"
                          HPOS="4197"
                          CONTENT="öppna"/>
                  <SP HEIGHT="90" WIDTH="38" VPOS="2445" HPOS="4540"/>
                  <String HEIGHT="90"
                          WIDTH="190"
                          VPOS="2445"
                          HPOS="4388"
                          CONTENT="lå¬"
                          SUBS_TYPE="HypPart1"
                          SUBS_CONTENT="låset"/>
                  <HYP CONTENT="-"/>
               </TextLine>
               <TextLine ID="r2l21"
                         BASELINE="2746,2626 2836,2624 2927,2623 3017,2622 3108,2622 3199,2622 3289,2622 3380,2622 3470,2622 3561,2622 3652,2624 3742,2624 3833,2624 3923,2626 4014,2626 4105,2626 4195,2626 4286,2626 4376,2624 4467,2624 4558,2622"
                         HEIGHT="86"
                         WIDTH="1812"
                         VPOS="2567"
                         HPOS="2746">
                  <String HEIGHT="86"
                          WIDTH="264"
                          VPOS="2567"
                          HPOS="2708"
                          CONTENT="set"
                          SUBS_TYPE="HypPart2"
                          SUBS_CONTENT="låset"/>
                  <SP HEIGHT="86" WIDTH="38" VPOS="2567" HPOS="2973"/>
                  <String HEIGHT="86"
                          WIDTH="302"
                          VPOS="2567"
                          HPOS="2859"
                          CONTENT="till"/>
                  <SP HEIGHT="86" WIDTH="38" VPOS="2567" HPOS="3161"/>
                  <String HEIGHT="86"
                          WIDTH="415"
                          VPOS="2567"
                          HPOS="3048"
                          CONTENT="Enkefru"/>
                  <SP HEIGHT="86" WIDTH="38" VPOS="2567" HPOS="3463"/>
                  <String HEIGHT="86"
                          WIDTH="453"
                          VPOS="2567"
                          HPOS="3350"
                          CONTENT="Warburgs"/>
                  <SP HEIGHT="86" WIDTH="38" VPOS="2567" HPOS="3803"/>
                  <String HEIGHT="86"
                          WIDTH="340"
                          VPOS="2567"
                          HPOS="3690"
                          CONTENT="väska"/>
                  <SP HEIGHT="86" WIDTH="38" VPOS="2567" HPOS="4030"/>
                  <String HEIGHT="86"
                          WIDTH="264"
                          VPOS="2567"
                          HPOS="3916"
                          CONTENT="hon"/>
                  <SP HEIGHT="86" WIDTH="38" VPOS="2567" HPOS="4181"/>
                  <String HEIGHT="86"
                          WIDTH="529"
                          VPOS="2567"
                          HPOS="4030"
                          CONTENT="sönderrifvit"/>
               </TextLine>
               <TextLine ID="r2l22"
                         BASELINE="2754,2740 2845,2740 2937,2740 3028,2740 3120,2742 3212,2742 3303,2742 3395,2742 3486,2742 3578,2742 3670,2742 3761,2742 3853,2742 3944,2742 4036,2742 4128,2742 4219,2742 4311,2742 4402,2740 4494,2740 4586,2740"
                         HEIGHT="84"
                         WIDTH="1832"
                         VPOS="2685"
                         HPOS="2754">
                  <String HEIGHT="84"
                          WIDTH="291"
                          VPOS="2685"
                          HPOS="2712"
                          CONTENT="och"/>
                  <SP HEIGHT="84" WIDTH="42" VPOS="2685" HPOS="3004"/>
                  <String HEIGHT="84" WIDTH="208" VPOS="2685" HPOS="2879" CONTENT="i"/>
                  <SP HEIGHT="84" WIDTH="42" VPOS="2685" HPOS="3087"/>
                  <String HEIGHT="84"
                          WIDTH="291"
                          VPOS="2685"
                          HPOS="2962"
                          CONTENT="Nya"/>
                  <SP HEIGHT="84" WIDTH="42" VPOS="2685" HPOS="3254"/>
                  <String HEIGHT="84"
                          WIDTH="375"
                          VPOS="2685"
                          HPOS="3129"
                          CONTENT="Allèn"/>
                  <SP HEIGHT="84" WIDTH="42" VPOS="2685" HPOS="3503"/>
                  <String HEIGHT="84"
                          WIDTH="583"
                          VPOS="2685"
                          HPOS="3379"
                          CONTENT="bortkastat"/>
                  <SP HEIGHT="84" WIDTH="42" VPOS="2685" HPOS="3961"/>
                  <String HEIGHT="84"
                          WIDTH="541"
                          VPOS="2685"
                          HPOS="3837"
                          CONTENT="densamma,"/>
                  <SP HEIGHT="84" WIDTH="42" VPOS="2685" HPOS="4378"/>
                  <String HEIGHT="84"
                          WIDTH="291"
                          VPOS="2685"
                          HPOS="4253"
                          CONTENT="att"/>
                  <SP HEIGHT="84" WIDTH="42" VPOS="2685" HPOS="4544"/>
                  <String HEIGHT="84"
                          WIDTH="208"
                          VPOS="2685"
                          HPOS="4378"
                          CONTENT="hon"/>
               </TextLine>
               <TextLine ID="r2l23"
                         BASELINE="2734,2854 2825,2856 2917,2858 3009,2858 3101,2858 3193,2860 3284,2860 3376,2860 3468,2860 3560,2860 3652,2860 3743,2860 3835,2860 3927,2860 4019,2858 4111,2858 4202,2856 4294,2854 4386,2854 4478,2852 4570,2850"
                         HEIGHT="92"
                         WIDTH="1836"
                         VPOS="2795"
                         HPOS="2734">
                  <String HEIGHT="92"
                          WIDTH="459"
                          VPOS="2795"
                          HPOS="2696"
                          CONTENT="förstört"/>
                  <SP HEIGHT="92" WIDTH="38" VPOS="2795" HPOS="3155"/>
                  <String HEIGHT="92"
                          WIDTH="230"
                          VPOS="2795"
                          HPOS="3040"
                          CONTENT="de"/>
                  <SP HEIGHT="92" WIDTH="38" VPOS="2795" HPOS="3270"/>
                  <String HEIGHT="92"
                          WIDTH="306"
                          VPOS="2795"
                          HPOS="3155"
                          CONTENT="från"/>
                  <SP HEIGHT="92" WIDTH="38" VPOS="2795" HPOS="3461"/>
                  <String HEIGHT="92"
                          WIDTH="383"
                          VPOS="2795"
                          HPOS="3346"
                          CONTENT="hustru"/>
                  <SP HEIGHT="92" WIDTH="38" VPOS="2795" HPOS="3729"/>
                  <String HEIGHT="92"
                          WIDTH="421"
                          VPOS="2795"
                          HPOS="3614"
                          CONTENT="Ahlgren"/>
                  <SP HEIGHT="92" WIDTH="38" VPOS="2795" HPOS="4035"/>
                  <String HEIGHT="92"
                          WIDTH="268"
                          VPOS="2795"
                          HPOS="3920"
                          CONTENT="Fru"/>
                  <SP HEIGHT="92" WIDTH="38" VPOS="2795" HPOS="4188"/>
                  <String HEIGHT="92"
                          WIDTH="459"
                          VPOS="2795"
                          HPOS="4073"
                          CONTENT="Kärrberg"/>
                  <SP HEIGHT="92" WIDTH="38" VPOS="2795" HPOS="4532"/>
                  <String HEIGHT="92"
                          WIDTH="191"
                          VPOS="2795"
                          HPOS="4379"
                          CONTENT="och"/>
               </TextLine>
               <TextLine ID="r2l24"
                         BASELINE="2746,2976 2839,2974 2933,2972 3026,2972 3120,2972 3214,2972 3307,2974 3401,2974 3494,2976 3588,2978 3682,2979 3775,2980 3869,2981 3962,2982 4056,2982 4150,2982 4243,2980 4337,2978 4430,2976 4524,2972 4618,2966"
                         HEIGHT="95"
                         WIDTH="1872"
                         VPOS="2913"
                         HPOS="2746">
                  <String HEIGHT="95"
                          WIDTH="353"
                          VPOS="2913"
                          HPOS="2711"
                          CONTENT="hustru"/>
                  <SP HEIGHT="95" WIDTH="35" VPOS="2913" HPOS="3064"/>
                  <String HEIGHT="95"
                          WIDTH="424"
                          VPOS="2913"
                          HPOS="2958"
                          CONTENT="Fredrika"/>
                  <SP HEIGHT="95" WIDTH="35" VPOS="2913" HPOS="3382"/>
                  <String HEIGHT="95"
                          WIDTH="459"
                          VPOS="2913"
                          HPOS="3276"
                          CONTENT="Andersson"/>
                  <SP HEIGHT="95" WIDTH="35" VPOS="2913" HPOS="3735"/>
                  <String HEIGHT="95"
                          WIDTH="494"
                          VPOS="2913"
                          HPOS="3629"
                          CONTENT="tillgripne"/>
                  <SP HEIGHT="95" WIDTH="35" VPOS="2913" HPOS="4124"/>
                  <String HEIGHT="95"
                          WIDTH="530"
                          VPOS="2913"
                          HPOS="4018"
                          CONTENT="portmonaier"/>
                  <SP HEIGHT="95" WIDTH="35" VPOS="2913" HPOS="4547"/>
                  <String HEIGHT="95"
                          WIDTH="212"
                          VPOS="2913"
                          HPOS="4406"
                          CONTENT="samt"/>
               </TextLine>
               <TextLine ID="r2l25"
                         BASELINE="2754,3090 2842,3090 2930,3090 3018,3092 3106,3092 3194,3092 3282,3092 3370,3092 3458,3091 3546,3090 3634,3090 3722,3090 3810,3088 3898,3088 3986,3088 4074,3088 4162,3088 4250,3088 4338,3088 4426,3088 4514,3088"
                         HEIGHT="85"
                         WIDTH="1760"
                         VPOS="3034"
                         HPOS="2754">
                  <String HEIGHT="85"
                          WIDTH="257"
                          VPOS="3034"
                          HPOS="2717"
                          CONTENT="den"/>
                  <SP HEIGHT="85" WIDTH="37" VPOS="3034" HPOS="2974"/>
                  <String HEIGHT="85" WIDTH="183" VPOS="3034" HPOS="2864" CONTENT="i"/>
                  <SP HEIGHT="85" WIDTH="37" VPOS="3034" HPOS="3047"/>
                  <String HEIGHT="85"
                          WIDTH="257"
                          VPOS="3034"
                          HPOS="2937"
                          CONTENT="fru"/>
                  <SP HEIGHT="85" WIDTH="37" VPOS="3034" HPOS="3194"/>
                  <String HEIGHT="85"
                          WIDTH="440"
                          VPOS="3034"
                          HPOS="3084"
                          CONTENT="Scharffs"/>
                  <SP HEIGHT="85" WIDTH="37" VPOS="3034" HPOS="3524"/>
                  <String HEIGHT="85"
                          WIDTH="513"
                          VPOS="3034"
                          HPOS="3414"
                          CONTENT="portmonain"/>
                  <SP HEIGHT="85" WIDTH="37" VPOS="3034" HPOS="3927"/>
                  <String HEIGHT="85"
                          WIDTH="477"
                          VPOS="3034"
                          HPOS="3817"
                          CONTENT="förvarade"/>
                  <SP HEIGHT="85" WIDTH="37" VPOS="3034" HPOS="4294"/>
                  <String HEIGHT="85"
                          WIDTH="367"
                          VPOS="3034"
                          HPOS="4147"
                          CONTENT="penknif;"/>
               </TextLine>
               <TextLine ID="r2l26"
                         BASELINE="2740,3206 2833,3208 2926,3210 3019,3212 3112,3214 3205,3214 3298,3216 3391,3216 3484,3218 3577,3218 3670,3218 3763,3218 3856,3218 3949,3218 4042,3218 4135,3218 4228,3216 4321,3216 4414,3216 4507,3215 4600,3214"
                         HEIGHT="94"
                         WIDTH="1860"
                         VPOS="3151"
                         HPOS="2740">
                  <String HEIGHT="94"
                          WIDTH="237"
                          VPOS="3151"
                          HPOS="2706"
                          CONTENT="att"/>
                  <SP HEIGHT="94" WIDTH="34" VPOS="3151" HPOS="2943"/>
                  <String HEIGHT="94"
                          WIDTH="237"
                          VPOS="3151"
                          HPOS="2841"
                          CONTENT="hon"/>
                  <SP HEIGHT="94" WIDTH="34" VPOS="3151" HPOS="3078"/>
                  <String HEIGHT="94"
                          WIDTH="237"
                          VPOS="3151"
                          HPOS="2977"
                          CONTENT="den"/>
                  <SP HEIGHT="94" WIDTH="34" VPOS="3151" HPOS="3213"/>
                  <String HEIGHT="94" WIDTH="169" VPOS="3151" HPOS="3112" CONTENT="6"/>
                  <SP HEIGHT="94" WIDTH="34" VPOS="3151" HPOS="3281"/>
                  <String HEIGHT="94"
                          WIDTH="304"
                          VPOS="3151"
                          HPOS="3180"
                          CONTENT="sist."/>
                  <SP HEIGHT="94" WIDTH="34" VPOS="3151" HPOS="3484"/>
                  <String HEIGHT="94"
                          WIDTH="406"
                          VPOS="3151"
                          HPOS="3383"
                          CONTENT="December"/>
                  <SP HEIGHT="94" WIDTH="34" VPOS="3151" HPOS="3788"/>
                  <String HEIGHT="94" WIDTH="169" VPOS="3151" HPOS="3687" CONTENT="å"/>
                  <SP HEIGHT="94" WIDTH="34" VPOS="3151" HPOS="3856"/>
                  <String HEIGHT="94"
                          WIDTH="507"
                          VPOS="3151"
                          HPOS="3755"
                          CONTENT="Kungstorget"/>
                  <SP HEIGHT="94" WIDTH="34" VPOS="3151" HPOS="4262"/>
                  <String HEIGHT="94"
                          WIDTH="271"
                          VPOS="3151"
                          HPOS="4160"
                          CONTENT="från"/>
                  <SP HEIGHT="94" WIDTH="34" VPOS="3151" HPOS="4431"/>
                  <String HEIGHT="94"
                          WIDTH="237"
                          VPOS="3151"
                          HPOS="4329"
                          CONTENT="ett"/>
                  <SP HEIGHT="94" WIDTH="34" VPOS="3151" HPOS="4566"/>
                  <String HEIGHT="94"
                          WIDTH="169"
                          VPOS="3151"
                          HPOS="4431"
                          CONTENT="åk¬"
                          SUBS_TYPE="HypPart1"
                          SUBS_CONTENT="åkdon"/>
                  <HYP CONTENT="-"/>
               </TextLine>
               <TextLine ID="r2l27"
                         BASELINE="2748,3332 2838,3330 2929,3330 3019,3330 3110,3332 3200,3332 3291,3334 3381,3334 3472,3335 3562,3336 3653,3336 3743,3338 3834,3338 3924,3338 4015,3338 4105,3336 4196,3334 4286,3332 4377,3330 4467,3326 4558,3320"
                         HEIGHT="100"
                         WIDTH="1810"
                         VPOS="3265"
                         HPOS="2748">
                  <String HEIGHT="100"
                          WIDTH="259"
                          VPOS="3265"
                          HPOS="2711"
                          CONTENT="don"
                          SUBS_TYPE="HypPart2"
                          SUBS_CONTENT="åkdon"/>
                  <SP HEIGHT="100" WIDTH="37" VPOS="3265" HPOS="2970"/>
                  <String HEIGHT="100"
                          WIDTH="517"
                          VPOS="3265"
                          HPOS="2859"
                          CONTENT="tillgripit"/>
                  <SP HEIGHT="100" WIDTH="37" VPOS="3265" HPOS="3376"/>
                  <String HEIGHT="100"
                          WIDTH="369"
                          VPOS="3265"
                          HPOS="3265"
                          CONTENT="ogifta"/>
                  <SP HEIGHT="100" WIDTH="37" VPOS="3265" HPOS="3635"/>
                  <String HEIGHT="100"
                          WIDTH="443"
                          VPOS="3265"
                          HPOS="3524"
                          CONTENT="Hoffmans"/>
                  <SP HEIGHT="100" WIDTH="37" VPOS="3265" HPOS="3967"/>
                  <String HEIGHT="100"
                          WIDTH="296"
                          VPOS="3265"
                          HPOS="3856"
                          CONTENT="muff"/>
                  <SP HEIGHT="100" WIDTH="37" VPOS="3265" HPOS="4152"/>
                  <String HEIGHT="100"
                          WIDTH="259"
                          VPOS="3265"
                          HPOS="4041"
                          CONTENT="som"/>
                  <SP HEIGHT="100" WIDTH="37" VPOS="3265" HPOS="4299"/>
                  <String HEIGHT="100"
                          WIDTH="259"
                          VPOS="3265"
                          HPOS="4189"
                          CONTENT="hon"/>
                  <SP HEIGHT="100" WIDTH="37" VPOS="3265" HPOS="4447"/>
                  <String HEIGHT="100"
                          WIDTH="259"
                          VPOS="3265"
                          HPOS="4299"
                          CONTENT="sedan"/>
               </TextLine>
               <TextLine ID="r2l28"
                         BASELINE="2756,3448 2847,3448 2939,3448 3031,3448 3123,3448 3215,3448 3306,3450 3398,3450 3490,3450 3582,3452 3674,3452 3765,3453 3857,3454 3949,3454 4041,3455 4133,3456 4224,3456 4316,3456 4408,3456 4500,3456 4592,3456"
                         HEIGHT="84"
                         WIDTH="1836"
                         VPOS="3397"
                         HPOS="2756">
                  <String HEIGHT="84"
                          WIDTH="468"
                          VPOS="3397"
                          HPOS="2720"
                          CONTENT="begagnat;"/>
                  <SP HEIGHT="84" WIDTH="36" VPOS="3397" HPOS="3188"/>
                  <String HEIGHT="84"
                          WIDTH="252"
                          VPOS="3397"
                          HPOS="3080"
                          CONTENT="att"/>
                  <SP HEIGHT="84" WIDTH="36" VPOS="3397" HPOS="3332"/>
                  <String HEIGHT="84"
                          WIDTH="252"
                          VPOS="3397"
                          HPOS="3224"
                          CONTENT="hon"/>
                  <SP HEIGHT="84" WIDTH="36" VPOS="3397" HPOS="3476"/>
                  <String HEIGHT="84"
                          WIDTH="216"
                          VPOS="3397"
                          HPOS="3368"
                          CONTENT="af"/>
                  <SP HEIGHT="84" WIDTH="36" VPOS="3397" HPOS="3584"/>
                  <String HEIGHT="84"
                          WIDTH="216"
                          VPOS="3397"
                          HPOS="3476"
                          CONTENT="de"/>
                  <SP HEIGHT="84" WIDTH="36" VPOS="3397" HPOS="3692"/>
                  <String HEIGHT="84"
                          WIDTH="468"
                          VPOS="3397"
                          HPOS="3584"
                          CONTENT="penningar"/>
                  <SP HEIGHT="84" WIDTH="36" VPOS="3397" HPOS="4052"/>
                  <String HEIGHT="84"
                          WIDTH="252"
                          VPOS="3397"
                          HPOS="3944"
                          CONTENT="hon"/>
                  <SP HEIGHT="84" WIDTH="36" VPOS="3397" HPOS="4196"/>
                  <String HEIGHT="84"
                          WIDTH="396"
                          VPOS="3397"
                          HPOS="4088"
                          CONTENT="sålunda"/>
                  <SP HEIGHT="84" WIDTH="36" VPOS="3397" HPOS="4484"/>
                  <String HEIGHT="84"
                          WIDTH="252"
                          VPOS="3397"
                          HPOS="4340"
                          CONTENT="till¬"
                          SUBS_TYPE="HypPart1"
                          SUBS_CONTENT="tillgripit,"/>
                  <HYP CONTENT="-"/>
               </TextLine>
               <TextLine ID="r2l29"
                         BASELINE="2748,3550 2839,3554 2930,3558 3021,3560 3112,3564 3204,3566 3295,3568 3386,3568 3477,3570 3568,3570 3660,3570 3751,3570 3842,3570 3933,3570 4024,3570 4116,3570 4207,3570 4298,3570 4389,3572 4480,3572 4572,3572"
                         HEIGHT="97"
                         WIDTH="1824"
                         VPOS="3500"
                         HPOS="2748">
                  <String HEIGHT="97"
                          WIDTH="365"
                          VPOS="3500"
                          HPOS="2715"
                          CONTENT="gripit,"
                          SUBS_TYPE="HypPart2"
                          SUBS_CONTENT="tillgripit,"/>
                  <SP HEIGHT="97" WIDTH="33" VPOS="3500" HPOS="3080"/>
                  <String HEIGHT="97"
                          WIDTH="265"
                          VPOS="3500"
                          HPOS="2980"
                          CONTENT="dels"/>
                  <SP HEIGHT="97" WIDTH="33" VPOS="3500" HPOS="3245"/>
                  <String HEIGHT="97"
                          WIDTH="332"
                          VPOS="3500"
                          HPOS="3146"
                          CONTENT="utlånt"/>
                  <SP HEIGHT="97" WIDTH="33" VPOS="3500" HPOS="3478"/>
                  <String HEIGHT="97"
                          WIDTH="232"
                          VPOS="3500"
                          HPOS="3378"
                          CONTENT="och"/>
                  <SP HEIGHT="97" WIDTH="33" VPOS="3500" HPOS="3610"/>
                  <String HEIGHT="97"
                          WIDTH="332"
                          VPOS="3500"
                          HPOS="3511"
                          CONTENT="skänkt"/>
                  <SP HEIGHT="97" WIDTH="33" VPOS="3500" HPOS="3842"/>
                  <String HEIGHT="97"
                          WIDTH="265"
                          VPOS="3500"
                          HPOS="3743"
                          CONTENT="till"/>
                  <SP HEIGHT="97" WIDTH="33" VPOS="3500" HPOS="4008"/>
                  <String HEIGHT="97"
                          WIDTH="265"
                          VPOS="3500"
                          HPOS="3909"
                          CONTENT="sina"/>
                  <SP HEIGHT="97" WIDTH="33" VPOS="3500" HPOS="4174"/>
                  <String HEIGHT="97"
                          WIDTH="332"
                          VPOS="3500"
                          HPOS="4075"
                          CONTENT="syskon"/>
                  <SP HEIGHT="97" WIDTH="33" VPOS="3500" HPOS="4406"/>
                  <String HEIGHT="97"
                          WIDTH="332"
                          VPOS="3500"
                          HPOS="4307"
                          CONTENT="smärre"/>
                  <SP HEIGHT="97" WIDTH="33" VPOS="3500" HPOS="4638"/>
                  <String HEIGHT="97" WIDTH="66" VPOS="3500" HPOS="4506" CONTENT=""/>
               </TextLine>
               <TextLine ID="r2l30"
                         BASELINE="2738,3680 2830,3680 2923,3678 3015,3676 3108,3676 3201,3674 3293,3674 3386,3674 3478,3672 3571,3672 3664,3672 3756,3672 3849,3672 3941,3672 4034,3674 4127,3674 4219,3674 4312,3676 4404,3678 4497,3680 4590,3682"
                         HEIGHT="85"
                         WIDTH="1852"
                         VPOS="3622"
                         HPOS="2738">
                  <String HEIGHT="85"
                          WIDTH="356"
                          VPOS="3622"
                          HPOS="2702"
                          CONTENT="belopp"/>
                  <SP HEIGHT="85" WIDTH="36" VPOS="3622" HPOS="3059"/>
                  <String HEIGHT="85"
                          WIDTH="249"
                          VPOS="3622"
                          HPOS="2952"
                          CONTENT="och"/>
                  <SP HEIGHT="85" WIDTH="36" VPOS="3622" HPOS="3201"/>
                  <String HEIGHT="85"
                          WIDTH="285"
                          VPOS="3622"
                          HPOS="3094"
                          CONTENT="dels"/>
                  <SP HEIGHT="85" WIDTH="36" VPOS="3622" HPOS="3379"/>
                  <String HEIGHT="85"
                          WIDTH="356"
                          VPOS="3622"
                          HPOS="3272"
                          CONTENT="använt"/>
                  <SP HEIGHT="85" WIDTH="36" VPOS="3622" HPOS="3628"/>
                  <String HEIGHT="85"
                          WIDTH="285"
                          VPOS="3622"
                          HPOS="3522"
                          CONTENT="till"/>
                  <SP HEIGHT="85" WIDTH="36" VPOS="3622" HPOS="3806"/>
                  <String HEIGHT="85"
                          WIDTH="321"
                          VPOS="3622"
                          HPOS="3700"
                          CONTENT="inköp"/>
                  <SP HEIGHT="85" WIDTH="36" VPOS="3622" HPOS="4020"/>
                  <String HEIGHT="85"
                          WIDTH="214"
                          VPOS="3622"
                          HPOS="3913"
                          CONTENT="av"/>
                  <SP HEIGHT="85" WIDTH="36" VPOS="3622" HPOS="4127"/>
                  <String HEIGHT="85"
                          WIDTH="605"
                          VPOS="3622"
                          HPOS="3985"
                          CONTENT="klädespersedlar"/>
               </TextLine>
               <TextLine ID="r2l31"
                         BASELINE="2736,3814 2826,3810 2916,3808 3006,3807 3096,3806 3187,3804 3277,3802 3367,3800 3457,3800 3547,3798 3638,3798 3728,3797 3818,3796 3908,3796 3998,3796 4089,3796 4179,3796 4269,3796 4359,3796 4449,3796 4540,3796"
                         HEIGHT="100"
                         WIDTH="1804"
                         VPOS="3741"
                         HPOS="2736">
                  <String HEIGHT="100"
                          WIDTH="287"
                          VPOS="3741"
                          HPOS="2695"
                          CONTENT="för"/>
                  <SP HEIGHT="100" WIDTH="41" VPOS="3741" HPOS="2982"/>
                  <String HEIGHT="100"
                          WIDTH="328"
                          VPOS="3741"
                          HPOS="2859"
                          CONTENT="egen"/>
                  <SP HEIGHT="100" WIDTH="41" VPOS="3741" HPOS="3187"/>
                  <String HEIGHT="100"
                          WIDTH="287"
                          VPOS="3741"
                          HPOS="3064"
                          CONTENT="del"/>
                  <SP HEIGHT="100" WIDTH="41" VPOS="3741" HPOS="3351"/>
                  <String HEIGHT="100"
                          WIDTH="451"
                          VPOS="3741"
                          HPOS="3228"
                          CONTENT="omkring"/>
                  <SP HEIGHT="100" WIDTH="41" VPOS="3741" HPOS="3679"/>
                  <String HEIGHT="100"
                          WIDTH="246"
                          VPOS="3741"
                          HPOS="3556"
                          CONTENT="80"/>
                  <SP HEIGHT="100" WIDTH="41" VPOS="3741" HPOS="3802"/>
                  <String HEIGHT="100"
                          WIDTH="451"
                          VPOS="3741"
                          HPOS="3679"
                          CONTENT="kronor;"/>
                  <SP HEIGHT="100" WIDTH="41" VPOS="3741" HPOS="4130"/>
                  <String HEIGHT="100"
                          WIDTH="328"
                          VPOS="3741"
                          HPOS="4007"
                          CONTENT="samt"/>
                  <SP HEIGHT="100" WIDTH="41" VPOS="3741" HPOS="4335"/>
                  <String HEIGHT="100"
                          WIDTH="287"
                          VPOS="3741"
                          HPOS="4212"
                          CONTENT="att"/>
                  <SP HEIGHT="100" WIDTH="41" VPOS="3741" HPOS="4499"/>
                  <String HEIGHT="100"
                          WIDTH="205"
                          VPOS="3741"
                          HPOS="4335"
                          CONTENT="hon"/>
               </TextLine>
            </TextBlock>
         </PrintSpace>
      </Page>
   </Layout>
</alto>
