4938 4056
442 84 295 172 nedom
639 84 197 172 om
737 84 197 172 de
835 84 262 172 från
999 84 328 172 Lovisa
1228 84 393 172 Nilsson,
1523 84 393 172 Josefina
1818 84 360 172 Larsson
2080 84 229 172 och
2178 84 131 172 Å¬-

437 203 295 153 karen
634 203 361 153 Larsson
896 203 426 153 föröfwade
1224 203 426 153 tillgrepp
1552 203 230 153 och
1683 203 295 153 hafwa
1880 203 197 153 de
1945 203 361 153 förnekat,

451 325 226 120 att
580 325 193 120 de
676 325 226 120 den
805 325 484 120 sistberörde
1192 325 226 120 dag
1321 325 290 120 warit
1515 325 161 120 i
1579 325 387 120 sällskap
1870 325 226 120 med
1966 325 355 120 Sjömannen

399 402 348 127 Jansson.

576 423 295 192 Efter
773 423 229 192 det
904 423 295 192 genom
1100 423 426 192 tidningen
1427 423 753 192 Polisunderrättelser
2082 423 196 192 No
2147 423 164 192 148

454 532 237 144 för
590 532 237 144 den
725 532 203 144 18
827 532 203 144 ds
929 532 475 144 inhämtats;
1302 532 237 144 att
1437 532 271 144 Carl
1607 532 305 144 Georg
1810 532 339 144 Hultin
2014 532 305 144 blifvit

449 606 178 161 i
521 606 462 161 Lidköping
876 606 355 161 häktad
1124 606 249 161 för
1266 606 533 161 lösdrifweri
1693 606 249 161 och
1835 606 355 161 Hultin
2083 606 249 161 den
2190 606 142 161 22

443 674 219 135 ds
553 674 256 135 med
699 674 622 135 fångtransport
1212 674 402 135 anländt
1504 674 293 135 till
1687 674 512 135 härvarande
2053 674 256 135 Cell¬-

430 758 476 171 fängelse,
797 758 256 171 der
943 758 256 171 han
1090 758 220 171 nu
1200 758 476 171 förvaras,
1566 758 256 171 har
1713 758 403 171 Hultin,
1969 758 330 171 hvilken

448 833 237 187 för
583 833 507 187 undergående
989 833 203 187 af
1091 833 372 187 förhör,
1361 833 304 187 warit
1564 833 271 187 från
1733 833 575 187 Cellfängelset
2173 833 169 187 ut¬-

456 935 502 153 reqvirerad
850 935 358 153 derwid
1101 935 502 153 uppgifwit,
1495 935 251 153 att
1638 935 251 153 han
1782 935 322 153 jemte
1997 935 287 153 Carl
2140 935 179 153 Au¬-

457 1027 278 160 gust
631 1027 348 160 Olsson
875 1027 244 160 och
1014 1027 313 160 Johan
1223 1027 348 160 Albert
1466 1027 487 160 Andersson,
1849 1027 244 160 den
1988 1027 209 160 30
2057 1027 244 160 sist.

443 1115 450 182 November
780 1115 225 182 på
892 1115 412 182 aftonen
1192 1115 187 182 i
1267 1115 375 182 ogifta
1530 1115 225 182 N.
1642 1115 450 182 Felldins
1942 1115 375 182 nyckter¬-

451 1214 607 162 hetswärdshus,
951 1214 500 162 sällskapat
1344 1214 250 162 med
1487 1214 464 162 Sjömannen
1844 1214 428 162 Jansson,
2129 1214 179 162 att

454 1304 421 169 Hultin,
760 1304 383 169 Olsson
1028 1304 268 169 och
1182 1304 536 169 Andersson;
1603 1304 345 169 efter
1833 1304 268 169 det
1986 1304 230 169 de
2063 1304 268 169 samma

460 1393 287 200 afton
651 1393 351 200 skiljts
907 1393 255 200 från
1066 1393 383 200 Jansson,
1353 1393 383 200 begifwit
1640 1393 223 200 sig
1768 1393 255 200 till
1927 1393 319 200 Lovisa
2119 1393 223 200 Nils¬-

410 1482 308 168 sons
602 1482 269 168 och
756 1482 461 168 Josefina
1102 1482 461 168 Larssons
1448 1482 500 168 bostäder,
1832 1482 269 168 der
1986 1482 231 168 de
2063 1482 269 168 uppe¬-

459 1590 326 157 hållit
687 1590 228 157 sig
818 1590 195 157 en
915 1590 260 157 kort
1078 1590 326 157 stund,
1306 1590 423 157 hvarefter
1631 1590 195 157 de
1729 1590 391 157 samtlige
1989 1590 326 157 begifvit

444 1695 249 163 sig
587 1695 427 163 derifrån
907 1695 249 163 och
1050 1695 178 163 å
1121 1695 499 163 Husargatan
1513 1695 499 163 åtskiljts;
1904 1695 249 163 att
2011 1695 285 163 Hultin

442 1794 427 170 hvarken
753 1794 544 170 tillgripit
1180 1794 350 170 någon
1413 1794 583 170 portemonaie
1879 1794 272 170 med
1996 1794 350 170 pennin¬-

460 1882 266 157 gar
612 1882 304 157 från
802 1882 418 157 Jonsson
1106 1882 342 157 eller
1334 1882 304 157 egde
1525 1882 342 157 någon
1753 1882 456 157 kännedom
2095 1882 228 157 om
2171 1882 152 157 de

456 1972 238 187 af
575 1972 396 187 Lovisa
853 1972 476 187 Nilsson,
1209 1972 476 187 Josefina
1566 1972 436 187 Larsson
1883 1972 277 187 och
2002 1972 317 187 Åkaren

439 2054 419 191 Larsson
744 2054 419 191 anmälda
1049 2054 610 191 tillgreppen;
1544 2054 267 191 att
1696 2054 267 191 han
1849 2054 305 191 icke
2039 2054 229 191 på
2115 2054 229 191 sätt

437 2151 564 196 Sjömannen
871 2151 477 196 Jansson
1218 2151 304 196 och
1391 2151 477 196 Makarna
1738 2151 521 196 Eliasson
2086 2151 260 196 upp¬-

455 2246 361 190 gifwit
707 2246 253 190 den
852 2246 180 190 1
924 2246 216 190 ds
1032 2246 216 190 på
1140 2246 216 190 f.
1249 2246 216 190 m.
1357 2246 505 190 uppehållit
1754 2246 253 190 sig
1898 2246 180 190 å
1934 2246 433 190 Landsvägs¬-

470 2346 344 149 gatan
699 2346 344 149 eller
928 2346 496 149 innewarit
1310 2346 191 149 i
1386 2346 382 149 gården
1654 2346 306 149 till
1845 2346 344 149 huset
2074 2346 229 149 No
2150 2346 153 149 34

454 2446 277 126 wid
612 2446 356 126 sagde
850 2446 356 126 gata,
1088 2446 317 126 samt
1286 2446 277 126 att
1444 2446 317 126 han,
1642 2446 277 126 som
1800 2446 277 126 här
1959 2446 198 126 i
1998 2446 317 126 staden

466 2540 263 143 icke
630 2540 361 143 lyckats
893 2540 361 143 erhålla
1156 2540 296 143 något
1353 2540 329 143 arbete
1583 2540 230 143 för
1715 2540 230 143 att
1846 2540 427 143 förskaffa
2142 2540 164 143 sig

455 2617 393 173 sådant,
741 2617 429 173 begifwit
1063 2617 250 173 sig
1206 2617 286 173 till
1384 2617 500 173 Lidköping,
1777 2617 250 173 der
1920 2617 250 173 han
2028 2617 214 173 dock

456 2716 322 157 såsom
671 2716 429 157 saknande
992 2716 357 157 betyg,
1243 2716 393 157 blifwit
1493 2716 393 157 anhållen.

561 2799 467 165 Makarna
900 2799 467 165 Eilsson
1239 2799 382 165 hafwa
1494 2799 467 165 upplyst
1833 2799 297 165 att
2003 2799 255 165 de
2088 2799 127 165 i

446 2891 419 171 Hultin
740 2891 419 171 tyckte
1033 2891 294 171 sig
1201 2891 545 171 igenkänna
1620 2891 294 171 den
1788 2891 461 171 person,
2081 2891 210 171 som

455 2976 265 173 den
606 2976 189 173 1
682 2976 227 173 ds
795 2976 491 173 innewarit
1173 2976 189 173 i
1249 2976 378 173 gården
1513 2976 302 173 till
1702 2976 340 173 huset
1929 2976 227 173 No
2042 2976 227 173 34
2118 2976 189 173 wid

465 3091 652 146 Landswägsgatan
1008 3091 290 146 kort
1189 3091 290 146 före
1370 3091 253 146 det
1515 3091 290 146 Uret
1696 3091 253 146 der
1804 3091 471 146 påträffades

472 3177 246 164 och
613 3177 387 164 hvilken
894 3177 211 164 en
1000 3177 282 164 kort
1176 3177 317 164 stund
1387 3177 422 164 derefter
1704 3177 493 164 återkommit
2056 3177 176 164 och

477 3318 303 140 frågat
689 3318 273 140 efter
841 3318 212 140 uret.

551 3345 269 184 Dett
720 3345 337 184 skulle
955 3345 236 184 här
1090 3345 437 184 antecknas
1426 3345 236 184 att
1561 3345 269 184 Carl
1729 3345 337 184 August
1931 3345 303 184 Olsson,

454 3455 265 167 den
606 3455 227 167 16
719 3455 227 167 ds
833 3455 227 167 af
946 3455 644 167 Poliskammaren
1477 3455 417 167 blifvit
1742 3455 492 167 införpassad

438 3544 290 212 till
619 3544 617 212 Cellfängelset
1128 3544 254 212 för
1273 3544 290 212 wåld
1454 3544 254 212 mot
1599 3544 363 212 Polis,
1854 3544 363 212 hvarom
2071 3544 182 212 den

468 3633 346 199 widare
711 3633 554 199 ransakningen
1161 3633 554 199 öfverlemnats
1612 3633 277 199 till
1785 3633 346 199 Rådhus
1993 3633 277 199 Rätten

480 3743 158 178 å
544 3743 284 178 Andra
733 3743 473 178 Afdelningen
1112 3743 252 178 samt
1269 3743 221 178 att
1395 3743 284 178 Johan
1585 3743 316 178 Albert
1806 3743 442 178 Andersson,
2121 3743 158 178 som

2620 126 225 166 bor
2748 126 161 166 i
2813 126 290 166 huset
3006 126 193 166 No
3102 126 193 166 16
3199 126 225 166 vid
3328 126 547 166 Kronhusgatan,
3778 126 322 166 wistas
4003 126 193 166 på
4100 126 225 166 fri
4196 126 193 166 fot.

3021 332 435 133 Göteborg
3347 332 254 133 den
3492 332 218 133 27
3601 332 435 133 December
3891 332 254 133 1880.

4374 439 289 174 No
4470 439 289 174 270.

2648 429 972 133 Detektivpoliskonstapeln
3512 429 216 133 C.
3620 429 216 133 G.
3728 429 360 133 Andrén
3980 429 252 133 har
4124 429 252 133 den
4232 429 144 133 23

2584 530 337 159 dennes
2820 530 202 159 på
2921 530 370 159 aftonen
3190 530 404 159 anhållit
3493 530 539 159 Arbetskarlen
3931 530 269 159 Olof
4065 530 337 159 Jonsson,

2587 613 387 158 boende
2858 613 194 158 i
2936 613 542 158 Handlanden
3362 613 465 158 Nilssons
3711 613 271 158 hus
3866 613 271 158 wid
3982 613 426 158 Annedals¬-

2596 704 338 142 gatan
2822 704 188 142 i
2897 704 677 142 Landalabergen,
3461 704 226 142 då
3574 704 263 142 han
3724 704 263 142 hos
3837 704 489 142 Pantlånaren

2576 798 232 162 G.
2692 798 464 162 Bergman,
3041 798 387 162 boende
3312 798 193 162 i
3389 798 348 162 huset
3621 798 232 162 No
3737 798 232 162 37
3853 798 271 162 vid
4008 798 348 162 Breda
4202 798 193 162 wä¬-

2581 904 302 163 gen,
2770 904 340 163 sökte
2996 904 377 163 belåna
3260 904 226 163 en
3373 904 302 163 Rock
3562 904 226 163 af
3675 904 340 163 blått
3864 904 528 163 Kamgarnstyg,

2530 1002 265 166 för
2682 1002 417 166 åtkomst
2985 1002 454 166 hvartill
3325 1002 265 166 han
3477 1002 227 166 ej
3590 1002 379 166 kunnat
3818 1002 417 166 redogöra.

2659 1099 276 103 Den
2816 1099 236 103 24
2934 1099 394 103 dennes
3210 1099 433 103 anmälde
3525 1099 551 103 Handlanden
3958 1099 236 103 J.
4037 1099 157 103 N.

2566 1182 295 166 som
2734 1182 295 166 har
2903 1182 379 166 butik
3156 1182 211 166 i
3240 1182 379 166 huset
3493 1182 253 166 No
3620 1182 253 166 22
3746 1182 295 166 wid
3915 1182 379 166 Östra
4126 1182 295 166 Larm¬-

2579 1277 384 163 gatan,
2847 1277 269 163 att
3001 1277 691 163 derförutgångne
3577 1277 269 163 dag
3730 1277 230 163 på
3845 1277 422 163 aftonen
4152 1277 192 163 i
4191 1277 230 163 hans

2581 1362 382 173 butik,
2848 1362 305 173 från
3039 1362 344 173 honom
3268 1362 573 173 tillgripits
3726 1362 229 173 en
3840 1362 267 173 blå
3955 1362 458 173 öfwerrock,

2576 1466 327 168 värd
2781 1466 246 168 22
2904 1466 450 168 kronor;
3231 1466 450 168 hvilken
3558 1466 532 168 befunnits
3968 1466 327 168 wara
4131 1466 246 168 den,

2586 1574 233 130 af
2703 1574 311 130 Olof
2897 1574 427 130 Jonsson
3207 1574 505 130 innehafda
3557 1574 349 130 rocken.

2562 1668 289 158 Wid
2727 1668 289 158 det
2892 1668 289 158 med
3057 1668 330 158 Olof
3263 1668 495 158 Jonsson,
3634 1668 206 158 i
3717 1668 536 158 anledning
4088 1668 289 158 häraf

2577 1760 511 151 anställde
2970 1760 433 151 förhör,
3285 1760 275 151 har
3442 1760 275 151 han
3599 1760 511 151 uppgifvit
3992 1760 275 151 att
4150 1760 236 151 då
4228 1760 197 151 han

2597 1863 586 146 ifrågakomne
3066 1863 352 146 afton
3300 1863 547 146 uppehållit
3730 1863 273 146 sig
3886 1863 195 146 å
3964 1863 352 146 Östra
4160 1863 273 146 Larm¬-

2542 1974 407 147 gatan,
2827 1974 244 147 en
2950 1974 448 147 obekant
3275 1974 326 147 karl
3479 1974 489 147 utkommit
3846 1974 326 147 från
4049 1974 244 147 en
4131 1974 244 147 för¬-

2551 2040 336 157 stuga
2775 2040 299 157 till
2961 2040 261 157 det
3111 2040 299 157 hus,
3297 2040 261 157 der
3409 2040 448 157 handlanden

4033 2043 227 147 har
4162 2043 227 147 sin
4259 2043 162 147 bu¬-

2578 2140 301 132 tik,
2767 2140 264 132 att
2917 2140 414 132 karlen,
3219 2140 264 132 som
3370 2140 377 132 hållit
3633 2140 226 132 en
3746 2140 339 132 rock,
3973 2140 301 132 dold
4123 2140 264 132 under

2575 2224 261 171 sin
2724 2224 410 171 påhafda
3022 2224 373 171 tröja,
3284 2224 373 171 kommit
3545 2224 299 171 fram
3731 2224 299 171 till
3918 2224 410 171 Jonsson
4179 2224 224 171 samt

2594 2322 446 144 anmodat
2919 2322 365 144 honom
3162 2322 527 144 pantsatta
3567 2322 446 144 rocken;
3891 2322 284 144 att
4013 2322 324 144 karlen

2581 2423 249 172 och
2724 2423 391 172 Jonsson
3008 2423 426 172 derefter
3328 2423 426 172 åtföljts
3647 2423 213 172 ut
3754 2423 284 172 till
3896 2423 462 172 Masthugget,

2593 2518 290 129 der
2758 2518 249 129 de
2883 2518 207 129 å
2965 2518 373 129 andra
3214 2518 539 129 Långgatan
3628 2518 704 129 sammanträffat
4167 2518 207 129 med

2574 2608 576 169 Arbetskarlen
3042 2608 360 169 Rudolf
3294 2608 396 169 Olsson,
3583 2608 360 169 boende
3835 2608 180 169 i
3907 2608 324 169 huset
4123 2608 216 169 No
4195 2608 144 169 19

2588 2711 274 163 vid
2745 2711 666 163 Kapuniergatan
3293 2711 314 163 samt
3489 2711 235 163 en
3607 2711 549 163 arbetskarl
4038 2711 274 163 wid
4156 2711 235 163 namn

2581 2806 411 131 Anders;
2879 2806 261 131 att
3029 2806 299 131 enär
3215 2806 299 131 Olof
3402 2806 411 131 Jonsson
3701 2806 224 131 ej
3813 2806 261 131 egt
3962 2806 336 131 någon
4149 2806 224 131 egen

2583 2887 338 125 rock,
2809 2887 263 125 han
2959 2887 225 125 af
3071 2887 375 125 Rudolf
3334 2887 413 125 Olsson,
3634 2887 300 125 fått
3821 2887 413 125 mottaga
4084 2887 300 125 dennes

2578 2981 329 163 rock,
2798 2981 402 163 hvilken
3090 2981 402 163 Jonsson
3382 2981 365 163 genast
3638 2981 365 163 iklädt
3894 2981 292 163 sig;
4077 2981 256 163 att
4186 2981 183 163 Ru¬-

2567 3072 295 160 dolf
2751 3072 368 160 Olsson
3009 3072 258 160 och
3156 3072 405 160 bemälde
3451 3072 368 160 Anders
3708 3072 331 160 följt
3929 3072 405 160 Jonsson
4187 3072 184 160 och

2584 3160 253 175 den
2729 3160 434 175 obekante
3054 3160 362 175 karlen
3307 3160 289 175 till
3488 3160 579 175 Ångbageriet,
3959 3160 253 175 der
4103 3160 217 175 de
4176 3160 253 175 åter¬-

2577 3251 312 130 vändt
2785 3251 277 130 till
2958 3251 381 130 staden,
3235 3251 415 130 hvaremot
3547 3251 242 130 den
3685 3251 415 130 obekante
3997 3251 242 130 och
4100 3251 312 130 Jonsson

2570 3348 428 147 begifwit
2891 3348 250 147 sig
3034 3348 214 147 ut
3141 3348 285 147 till
3320 3348 535 147 Pantlånaren
3748 3348 428 147 Bergmans
4033 3348 393 147 Pantlåne¬-

2566 3428 394 159 kontor,
2853 3428 251 159 det
2996 3428 394 159 Jonsson
3283 3428 359 159 ingått
3534 3428 323 159 medan
3750 3428 251 159 den
3893 3428 430 159 obekante
4180 3428 251 159 stad¬-

2582 3523 253 162 nat
2727 3523 398 162 utanför
3016 3523 724 162 pantlånekontoret
3632 3523 290 162 samt
3813 3523 253 162 att
3957 3523 398 162 Jonsson
4211 3523 217 162 der¬-

2575 3614 333 163 städes
2808 3614 333 163 genast
3008 3614 400 163 anhållits.

2625 3701 317 170 Rudolf
2847 3701 348 170 Olsson,
3100 3701 222 170 som
3227 3701 348 170 blifwit
3480 3701 380 170 anhållen
3765 3701 222 170 för
3892 3701 285 170 annan
4050 3701 348 170 förseelse
