4885 4065
492 141 483 205 förnekat
854 141 282 205 all
1015 141 483 205 kännedom
1377 141 241 205 om
1498 141 603 205 ifrågakomne
1940 141 523 205 bedrägerier

597 273 515 172 Följande
983 273 515 172 personer
1369 273 386 172 hafva
1584 273 429 172 upplyst:

458 368 230 131 1o
573 368 689 131 Tjensteflickan
1147 368 345 131 Mimmi
1376 368 421 131 Olsson,
1683 368 421 131 anstäld
1989 368 268 131 hos
2104 368 306 131 Gross¬-

481 467 592 169 handlanden
946 467 380 169 Lamm,
1199 467 296 169 att
1368 467 296 169 hon
1538 467 338 169 icke
1749 467 423 169 säkert
2045 467 380 169 kunde
2256 467 127 169 i

468 521 551 200 Petersson
891 521 551 200 igenkänna
1315 521 297 200 den
1485 521 424 200 person
1781 521 297 200 som
1951 521 254 200 af
2035 521 297 200 henne

461 622 328 190 fått
666 622 492 190 emottaga
1035 622 451 190 rocken;
1363 622 328 190 samt
1569 622 287 190 att
1733 622 410 190 enligt
2020 622 328 190 hvad
2184 622 205 190 hon

471 726 319 222 vill
671 726 399 222 erinra
950 726 279 222 sig
1110 726 439 222 bemälde
1429 726 399 222 person
1708 726 319 222 haft
1908 726 319 222 rödt
2068 726 279 222 skägg

428 811 227 230 2o
542 811 832 230 Skomakeriarbetaren
1260 811 227 230 J.
1374 811 227 230 A.
1487 811 454 230 Nilsson,
1828 811 378 230 boende
2092 811 189 230 i
2130 811 265 230 huset

427 922 242 238 No
548 922 242 238 29
669 922 283 238 vid
831 922 606 238 Stampgatan,
1315 922 283 238 att
1477 922 283 238 han
1639 922 283 238 den
1800 922 202 238 9
1881 922 404 238 sistl.
2124 922 242 238 Juni

435 1025 553 226 innevarit
861 1025 213 226 å
946 1025 298 226 sin
1116 1025 468 226 hustrus
1456 1025 723 226 Pantlånerskan
2008 1025 383 226 Johanna

419 1132 501 213 Nilssons
795 1132 794 213 pantlånekontor,
1464 1132 251 213 då
1589 1132 585 213 Petersson,
2007 1132 376 213 hvilken

453 1253 292 237 han
620 1253 292 237 med
787 1253 501 237 säkerhet
1164 1253 585 237 igenkände,
1623 1253 543 237 derstädes
1999 1253 418 237 inkommit

435 1316 313 247 och
614 1316 492 247 belånat
972 1316 671 247 ifrågakomne
1464 1316 313 247 rock;

427 1450 255 245 3o
555 1450 766 245 Tjensteflickan
1194 1450 298 245 Ada
1364 1450 596 245 Petersson,
1832 1450 468 245 anstäld
2130 1450 213 245 hos

451 1551 275 276 hos
608 1551 588 276 ofvannämnde
1078 1551 353 276 Lutti
1314 1551 275 276 att
1471 1551 510 276 Petersson
1863 1551 275 276 den
2020 1551 235 276 30
2098 1551 275 276 sist.

437 1677 314 210 Juni
633 1677 471 210 inkommit
986 1677 196 210 i
1064 1677 392 210 Luttis
1339 1677 392 210 bostad
1613 1677 274 210 och
1770 1677 235 210 af
1888 1677 274 210 Ada
2005 1677 353 210 Peters¬-

419 1772 297 222 son
588 1772 425 222 begärt
886 1772 297 222 och
1056 1772 510 222 erhållit
1438 1772 637 222 ifrågakomne
1905 1772 467 222 snörskor;

438 1862 325 223 samt
641 1862 284 223 att
804 1862 243 223 då
925 1862 284 223 hon
1088 1862 284 223 den
1250 1862 203 223 2
1331 1862 406 223 dennes
1615 1862 325 223 fått
1818 1862 243 223 se
1940 1862 365 223 samma
2143 1862 243 223 per¬-

413 1948 347 236 son,
629 1948 303 236 hon
803 1948 260 236 då
933 1948 477 236 utvisat
1279 1948 390 236 honom
1539 1948 303 236 för
1713 1948 650 236 ofvannamnde
2189 1948 217 236 po¬-

408 2022 675 166 liskonstapel;
924 2022 199 166 och

404 2120 245 240 4o
527 2120 695 240 Hushållerskan
1099 2120 327 240 Anna
1303 2120 490 240 Larsson,
1671 2120 449 240 anstäld
1997 2120 286 240 hos
2120 2120 286 240 Klam¬-

405 2234 353 228 paren
640 2234 431 228 Olsson:
954 2234 275 228 att
1111 2234 235 228 en
1228 2234 588 228 mansperson,
1699 2234 471 228 liknande
2013 2234 353 228 Peters¬-

409 2333 297 249 son,
594 2333 222 249 af
706 2333 334 249 henne
928 2333 519 249 tillnarrat
1336 2333 260 249 sig
1484 2333 556 249 ifrågakomne
1892 2333 519 249 resårpjexor.

543 2471 273 192 På
680 2471 410 192 grund
953 2471 273 192 af
1090 2471 364 192 hvad
1318 2471 501 192 sålunda
1682 2471 638 192 förekommit
2138 2471 273 192 kom¬-

391 2526 303 219 mer
564 2526 346 219 Axel
780 2526 433 219 Patrik
1083 2526 562 219 Petersson
1516 2526 303 219 att
1689 2526 389 219 denna
1948 2526 303 219 dag
2078 2526 303 219 inför

439 2627 649 228 Poliskammaren
973 2627 534 228 inställas.
1393 2627 458 228 Göteborg
1736 2627 267 228 den
1889 2627 191 228 3
1965 2627 305 228 Juli
2118 2627 229 228 1880

73 2672 286 134 No
169 2672 238 134 149

53 2775 230 138 Peter
181 2775 256 138 Stenberg

49 2899 211 120 Johan
189 2899 211 120 Alfr.
307 2899 164 120 Dahl¬-

47 2982 223 90 ström
196 2982 174 90 och
270 2982 174 90 Anton

31 3063 301 138 Severin
222 3063 247 138 Hansson

494 2765 197 216 I
572 2765 553 216 skrifvelse
1007 2765 276 216 den
1165 2765 237 216 21
1283 2765 513 216 sistlidne
1678 2765 355 216 juni,
1915 2765 434 216 hvilken
2192 2765 197 216 den

442 2912 286 140 22
585 2912 238 140 i
680 2912 428 140 samma
966 2912 428 140 månad
1252 2912 333 140 kom
1442 2912 809 140 Poliskammaren
2061 2912 333 140 till¬-

445 3006 439 147 handa,
752 3006 483 147 anmälde
1104 3006 746 147 stadsfiskalen
1718 3006 263 147 P.
1850 3006 263 147 F.
1938 3006 439 147 Kylander

456 3109 222 127 i
544 3109 578 127 Carlstad:
989 3109 356 127 att,
1212 3109 400 127 sedan
1479 3109 222 127 å
1568 3109 623 127 Stockholms
2013 3109 400 127 Inteck¬-

438 3213 401 163 nings
706 3213 491 163 Garanti
1063 3213 669 163 Aktiebolags
1553 3213 803 163 Afdelningskontor

425 3308 580 169 derstädes
871 3308 312 169 den
1050 3308 223 169 7
1139 3308 312 169 och
1317 3308 223 169 8
1406 3308 357 169 Juni
1629 3308 312 169 sex
1807 3308 490 169 stycken
2120 3308 267 169 vex¬-

423 3415 414 164 lar,
682 3415 362 164 tre
889 3415 620 164 hvardera
1354 3415 465 164 dagen
1612 3415 517 164 nemligen

419 3546 213 148 No
526 3546 320 148 31852
739 3546 178 148 å
810 3546 213 148 20
917 3546 249 148 Kr.
1059 3546 213 148 47
1166 3546 249 148 öre
1308 3546 320 148 stäld
1521 3546 284 148 till
1698 3546 213 148 F.
1805 3546 497 148 Petersson,
2160 3546 249 148 Gefle

421 3626 253 118 No
547 3626 379 118 31853
800 3626 211 118 å
885 3626 253 118 18
1011 3626 211 118 "
1095 3626 379 118 stäld
1348 3626 337 118 till
1559 3626 253 118 B.
1686 3626 337 118 Ren,
1854 3626 506 118 Sundsvall.

2559 230 219 149 No
2669 230 329 149 31860
2888 230 183 149 å
2961 230 219 149 21
3071 230 219 149 Kr
3181 230 219 149 13
3290 230 292 149 öre,
3473 230 329 149 stäld
3692 230 292 149 till
3875 230 219 149 A.
3985 230 402 149 Larsson
4240 230 183 149 och

2566 373 212 127 No
2672 373 319 127 31862
2884 373 177 127 å
2955 373 212 127 15
3061 373 212 127 Kr
3167 373 212 127 75
3274 373 248 127 öre
3415 373 319 127 stäld
3628 373 283 127 till
3805 373 212 127 K.
3911 373 212 127 W.
4017 373 283 127 Ask,
4159 373 283 127 Upsala

2538 489 341 130 samt
2751 489 255 130 en
2879 489 383 130 vexel
3134 489 213 130 å
3220 489 255 130 16
3347 489 255 130 kr
3475 489 298 130 och
3645 489 255 130 en
3773 489 213 130 å
3858 489 255 130 19
3986 489 255 130 kr
4071 489 383 130 blifvit

2553 594 292 154 af
2699 594 292 154 en
2845 594 438 154 okänd
3137 594 681 154 mansperson
3672 594 584 154 inköpte,
4110 594 292 154 de
4208 594 243 154 två

2554 682 663 118 sistnämnde
3075 682 616 118 vexlarne,
3548 682 758 118 förfalskade,
4164 682 332 118 den
4306 682 142 118 å

2560 767 242 129 16
2681 767 242 129 Kr
2802 767 323 129 till
3003 767 282 129 760
3165 767 403 129 kronor
3447 767 282 129 och
3609 767 282 129 den
3770 767 202 129 å
3851 767 242 129 19
3972 767 403 129 kronor
4214 767 242 129 till

2553 910 328 138 790
2741 910 281 138 kr
2881 910 516 138 blifvit
3256 910 281 138 af
3397 910 375 138 Bank
3631 910 234 138 i
3725 910 422 138 Gefle
3959 910 469 138 inlöste;

2541 983 346 137 att
2738 983 346 137 det
2936 983 692 137 antagligen
3480 983 445 137 varit
3777 983 297 137 en
3925 983 346 137 och
4074 983 346 137 samme

2540 1070 571 172 person,
2955 1070 363 172 som
3163 1070 415 172 köpt
3422 1070 415 172 alla
3682 1070 726 172 förenämnde
4201 1070 259 172 sex

2540 1217 503 145 vexlar,
2906 1217 457 145 emedan
3226 1217 274 145 de
3363 1217 320 145 två
3546 1217 228 145 i
3637 1217 411 145 Gefte
3911 1217 503 145 inlöste
4231 1217 274 145 för¬-

2552 1299 581 165 falskade
2987 1299 581 165 vexlarne
3423 1299 436 165 varit
3714 1299 678 165 utfardade,
4198 1299 242 165 den

2486 1406 340 168 ene
2681 1406 340 168 den
2875 1406 243 168 7
2972 1406 340 168 och
3166 1406 340 168 den
3360 1406 437 168 andre
3652 1406 340 168 den
3846 1406 243 168 8
3943 1406 437 168 Juni;
4186 1406 291 168 samt

2537 1518 346 162 att
2734 1518 346 162 den
2932 1518 346 162 för
3130 1518 890 162 förfalskningen
3822 1518 594 162 misstänkte

2520 1614 699 161 personen,
3058 1614 592 161 hvilken
3489 1614 430 161 vore
3758 1614 323 161 en
3919 1614 484 161 karl,
4188 1614 269 161 som

2544 1717 609 153 uppgifvit
3013 1717 328 153 sig
3200 1717 375 153 heta
3435 1717 281 153 O.
3575 1717 609 153 Andersson
4044 1717 328 153 och
4185 1717 281 153 vara

2550 1815 370 177 från
2781 1815 462 177 Borås,
3104 1815 554 177 beskrefs
3520 1815 370 177 vara
3751 1815 277 177 30
3890 1815 370 177 till
4121 1815 277 177 40
4213 1815 185 177 år

2539 1926 566 188 gammal,
2950 1926 618 188 temligen
3414 1926 412 188 lång
3671 1926 463 188 eller
3929 1926 463 188 ungefär

2522 2026 342 189 5,8
2718 2026 391 189 fot,
2962 2026 391 189 gröf
3207 2026 342 189 och
3402 2026 636 189 korpulent
3891 2026 342 189 med
4038 2026 440 189 rödbru¬-

2509 2121 397 188 sigt
2757 2121 595 188 ansifte,
3203 2121 446 188 mörkt
3501 2121 347 188 hår
3699 2121 347 188 och
3848 2121 545 188 rödbrunt,

2539 2260 710 166 Kindskägg,
3097 2260 507 166 iklädd
3452 2260 456 166 mörka
3756 2260 456 166 eller
4010 2260 456 166 grönak¬-

2519 2381 428 122 tiga
2787 2381 856 122 underkläder,
3483 2381 642 122 gråaktig
3911 2381 589 122 sommaröf¬-

2525 2461 564 157 verrock,
2948 2461 376 157 samt
3183 2461 423 157 svart
3465 2461 658 157 rundkullig
3982 2461 423 157 hatt;
4217 2461 235 157 och

2519 2552 502 123 anhöll
2870 2552 802 123 Stadfiskalen
3522 2552 602 123 Rylander
3973 2552 351 123 att
4124 2552 401 123 bemäl¬-

2492 2651 296 182 de
2640 2651 395 182 karl
2887 2651 445 182 måtte
3183 2651 741 182 efterspanas
3776 2651 346 182 och
3974 2651 296 182 om
4122 2651 346 182 han
4270 2651 247 182 an¬-

2503 2768 682 161 träffades,
3039 2768 633 161 befordras
3527 2768 390 161 till
3770 2768 731 161 undergående
4306 2768 195 161 af

2523 2880 671 160 ransakning
3050 2880 240 160 i
3098 2880 384 160 Gefle.

2601 2981 599 158 Samtidigt
3062 2981 461 158 härmed
3384 2981 691 158 efterlystes
3937 2981 230 158 i
3983 2981 461 158 Polisun¬-

2508 3103 681 169 derrättelser
3062 3103 256 169 No
3190 3103 256 169 72
3318 3103 256 169 A.
3445 3103 213 169 7
3531 3103 298 169 den
3701 3103 213 169 i
3786 3103 554 169 Kylanders
4169 3103 341 169 skrif¬-

2509 3194 442 158 velse
2804 3194 688 158 omförmälde
3344 3194 540 158 karlen,
3737 3194 639 158 hvarjemte
4179 3194 295 158 med¬-

2494 3285 595 193 delades,
2941 3285 347 193 att
3139 3285 298 193 de
3288 3285 347 193 två
3487 3285 694 193 förenämnde
3983 3285 446 193 förfal¬-

2507 3390 456 204 skade
2811 3390 608 204 vexlarne
3267 3390 557 204 blifvit
3672 3390 557 204 inlöste
4078 3390 304 204 af
4179 3390 304 204 Gef¬-

2514 3497 548 189 leborgs
2913 3497 598 189 Enskilda
3361 3497 449 189 Bank,
3661 3497 349 189 att
3860 3497 349 189 två
4059 3497 299 189 af
4209 3497 299 189 de
4308 3497 150 189 i

2520 3610 537 196 Carlstad
2923 3610 492 196 inköpte
3281 3610 537 196 vexlarne
3684 3610 448 196 ingått
3998 3610 358 196 till
4177 3610 313 196 Skan¬
