4995 4077
536 230 180 90 i
608 230 287 90 hvad
788 230 251 90 det
931 230 323 90 honom
1147 230 431 90 anginge,
1470 230 251 90 med
1614 230 431 90 tillägg,
1937 230 251 90 att
2081 230 251 90 han
2188 230 216 90 Lör¬-

524 344 328 96 dagen
742 344 255 96 den
888 344 218 96 10
997 344 364 96 dennes
1251 344 218 96 af
1361 344 291 96 Carl
1543 344 400 96 Gabriel
1834 344 473 96 Andersson
2161 344 255 96 blif¬-

541 454 248 104 vit
682 454 532 104 underrättad
1108 454 248 104 att
1250 454 177 104 å
1321 454 496 104 Skeppsbron
1711 454 248 104 låg
1853 454 248 104 ett
1994 454 284 104 fat,
2136 454 284 104 hvarur

525 566 286 98 man
689 566 368 98 kunde
934 566 327 98 taga
1098 566 532 98 metallplåt.

522 676 300 98 Carl
710 676 413 98 Gabriel
1010 676 488 98 Andersson
1385 676 263 98 att
1535 676 263 98 han
1685 676 263 98 och
1835 676 338 98 Ernst
2023 676 375 98 Frithiof

530 794 432 98 Eriksson
854 794 432 98 Tisdagen
1178 794 252 98 den
1322 794 216 98 13
1430 794 360 98 dennes
1682 794 216 98 på
1790 794 288 98 eft.
1970 794 288 98 midd
2114 794 216 98 sam¬-

517 908 496 102 manträffat
906 908 177 102 å
977 908 531 102 Skeppsbron,
1402 908 390 102 hvarvid
1686 908 425 102 Eriksson
2004 908 213 102 ur
2111 908 248 102 ett
2217 908 177 102 fat

508 1031 361 93 tagit
748 1031 361 93 några
989 1031 401 93 mindre
1270 1031 441 93 stycken
1590 1031 601 93 metallplåt,
2031 1031 361 93 hvarmed

523 1143 212 79 de
629 1143 424 79 begifvit
946 1143 247 79 sig
1088 1143 282 79 till
1264 1143 636 79 Jernhandlanden
1794 1143 459 79 Andersson
2147 1143 177 79 i
2182 1143 212 79 hus¬-

515 1252 247 84 set
656 1252 211 84 No
761 1252 211 84 14
867 1252 247 84 vid
1008 1252 493 84 Husargatan
1396 1252 247 84 och
1536 1252 282 84 sålt
1713 1252 247 84 det
1854 1252 493 84 tillgripne
2206 1252 176 84 för

521 1372 164 84 4
587 1372 262 84 öre,
750 1372 229 84 som
881 1372 196 84 de
979 1372 262 84 lika
1110 1372 360 84 fördelat;

514 1472 326 98 Ernst
731 1472 435 98 Frithiof
1057 1472 471 98 Eriksson:
1420 1472 290 98 lika
1601 1472 254 98 med
1746 1472 290 98 Carl
1927 1472 399 98 Gabriel
2181 1472 181 98 An¬-

512 1586 427 100 dersson,
833 1586 249 100 med
975 1586 392 100 tillägg
1260 1586 249 100 att
1403 1586 249 100 det
1545 1586 249 100 var
1687 1586 463 100 Andersson
2044 1586 249 100 som
2150 1586 214 100 lös¬-

525 1714 333 85 brutit
758 1714 233 85 och
891 1714 300 85 tagit
1058 1714 300 85 plåten.

612 1808 438 99 Följande
940 1808 438 99 personer
1268 1808 328 99 hafva
1450 1808 438 99 uppgifvit:

506 1907 216 98 1o
614 1907 648 98 Lumphandlanden
1154 1907 360 98 Samuel
1406 1907 504 98 Andersson,
1802 1907 360 98 boende
2054 1907 180 98 i
2090 1907 252 98 huset

510 2028 207 100 No
613 2028 207 100 12
716 2028 241 100 vid
854 2028 517 100 Husargatan,
1268 2028 241 100 att
1405 2028 241 100 han
1543 2028 207 100 af
1646 2028 241 100 två
1784 2028 413 100 obekante
2060 2028 310 100 ynglin¬-

485 2138 230 106 gar
617 2138 263 106 köpt
781 2138 164 106 2
847 2138 164 106 ℔
912 2138 460 106 yellowplåt
1274 2138 296 106 efter
1471 2138 230 106 ett
1602 2138 263 106 pris
1767 2138 197 106 af
1865 2138 197 106 20
1964 2138 164 106 à
2029 2138 197 106 25
2128 2138 230 106 öre
2227 2138 131 106 ℔;

517 2244 209 110 2o
622 2244 384 110 Hustrun
901 2244 454 110 Charlotta
1250 2244 489 110 Andersson,
1634 2244 349 110 boende
1878 2244 175 110 i
1948 2244 314 110 huset
2157 2244 209 110 No
2227 2244 105 110 1

491 2360 259 114 vid
639 2360 666 114 Landsvägsgatan
1194 2360 259 114 att
1342 2360 259 114 hon
1490 2360 222 114 af
1601 2360 444 114 obekanta
1897 2360 407 114 ynglingar

481 2479 278 110 köpt
655 2479 208 110 22
759 2479 174 110 ℔
829 2479 313 110 dylik
1037 2479 278 110 plåt
1211 2479 313 110 efter
1419 2479 243 110 ett
1558 2479 278 110 pris
1732 2479 208 110 af
1836 2479 208 110 25
1940 2479 243 110 öre
2079 2479 208 110 ℔:
2148 2479 174 110 och

493 2581 196 114 3o
591 2581 523 114 Gelbgjutaren
1016 2581 196 114 J.
1114 2581 196 114 A.
1213 2581 425 114 Carlsson,
1539 2581 327 114 boende
1768 2581 163 114 i
1834 2581 294 114 huset
2030 2581 196 114 No
2128 2581 163 114 1
2161 2581 163 114 vid

501 2691 484 106 Torggatan,
881 2691 242 106 att
1020 2691 242 106 han
1158 2691 207 106 af
1262 2691 207 106 en
1365 2691 380 106 obekant
1642 2691 311 106 gosse
1849 2691 276 106 köpt
2022 2691 173 106 2
2091 2691 242 106 1/2
2194 2691 104 106 ℔

509 2808 514 100 yellowplåt
913 2808 330 100 efter
1133 2808 220 100 25
1243 2808 257 100 öre
1353 2808 147 100 ℔.

610 2892 228 126 På
724 2892 342 126 grund
952 2892 228 126 af
1066 2892 304 126 hvad
1255 2892 418 126 sålunda
1559 2892 531 126 förekommit
1976 2892 266 126 äro
2090 2892 266 126 Frans

477 2984 348 148 August
721 2984 279 148 Emil
895 2984 488 148 Andersson,
1279 2984 348 148 Victor
1523 2984 383 148 Emanuel
1801 2984 314 148 Frise
2010 2984 244 148 och
2115 2984 209 148 Thor

480 3089 291 156 Emil
661 3089 327 156 Frise
880 3089 291 156 samt
1061 3089 327 156 deras
1279 3089 327 156 fader
1498 3089 364 156 Gustaf
1752 3089 364 156 Frise,
2006 3089 291 156 Carl
2152 3089 218 156 Robt

494 3214 384 131 Eriksson
782 3214 224 131 och
910 3214 256 131 hans
1070 3214 288 131 fader
1262 3214 512 131 arbetskarlen
1678 3214 256 131 Lars
1838 3214 416 131 Eriksson,
2126 3214 224 131 James

488 3330 349 109 Theodor
742 3330 349 109 Jonsson
995 3330 222 109 och
1122 3330 254 109 hans
1281 3330 380 109 farfader
1566 3330 380 109 Johannes
1851 3330 380 109 Jonsson,
2136 3330 285 109 Johan

466 3436 369 115 Leonard
735 3436 436 115 Bengtsson
1070 3436 235 115 och
1204 3436 268 115 hans
1372 3436 302 115 fader
1573 3436 369 115 Andreas
1841 3436 470 115 Bengtsson,
2177 3436 201 115 Carl

483 3548 306 103 Victor
698 3548 337 103 Larsson
943 3548 215 103 och
1066 3548 245 103 hans
1219 3548 276 103 fader
1403 3548 337 103 Salomon
1648 3548 368 103 Larsson,
1924 3548 306 103 Julius
2107 3548 215 103 Bene¬-

468 3664 364 98 diktus
723 3664 437 98 Hultgren
1051 3664 255 98 och
1196 3664 292 98 hans
1379 3664 328 98 fader
1597 3664 328 98 Johan
1816 3664 292 98 Lars
1962 3664 364 98 Hultgren

2617 254 300 106 Carl
2804 254 413 106 Gabriel
3104 254 488 106 Andersson
3479 254 263 106 och
3629 254 338 106 Ernst
3854 254 450 106 Frithiof
4154 254 300 106 Eriks¬-

2608 366 318 142 son,
2807 366 476 142 äfvensom
3164 366 715 142 Lumphandlanden
3759 366 397 142 Samuel
3998 366 476 142 Andersson,

2623 472 403 160 hustrun
2916 472 476 160 Charlotta
3283 472 476 160 Andersson
3649 472 256 160 och
3796 472 586 160 Gelbgjutaren
4272 472 220 160 J.
4345 472 147 160 A.

2621 596 464 150 Carlsson
2969 596 271 150 äro
3124 596 425 150 kallade
3434 596 309 150 till
3627 596 580 150 inställelse
4091 596 348 150 inför
4285 596 193 150 PKn

2614 740 378 105 denna
2866 740 336 105 dag.
3076 740 504 105 Göteborg
3454 740 294 105 den
3621 740 252 105 17
3747 740 378 105 April
3957 740 294 105 1880.

4463 854 296 87 No
4561 854 247 87 89.

4465 1001 217 63 Carl
4601 1001 244 63 Johan
4736 1001 136 63 Za¬-

4433 1080 291 66 chrisson.

2745 843 721 124 Detektivkonstapeln
3368 843 197 124 V.
3466 843 295 124 Bruun
3663 843 229 124 har
3794 843 393 124 Lördagen
4088 843 229 124 den
4219 843 197 124 19
4285 843 131 124 ds

2642 937 364 144 anhållit
2915 937 213 144 för
3036 937 364 144 snatteri
3310 937 395 144 straffade
3614 937 486 144 arbetskarlen
4008 937 243 144 Carl
4160 937 273 144 Johan
4312 937 152 144 Za¬-

2610 1044 416 150 chrisson,
2930 1044 320 150 boende
3155 1044 160 150 i
3219 1044 288 150 huser
3411 1044 192 150 No
3507 1044 192 150 51
3603 1044 224 150 vid
3731 1044 513 150 Annedalgatan
4148 1044 160 150 i
4180 1044 256 150 Landa¬-

2615 1156 370 154 labergen
2893 1156 216 154 för
3016 1156 216 154 det
3140 1156 216 154 han
3263 1156 370 154 innehade
3541 1156 216 154 ett
3664 1156 463 154 smältstycke
4035 1156 185 154 af
4127 1156 278 154 jern,
4282 1156 154 154 vä¬-

2616 1259 268 176 gande
2795 1259 327 176 omkring
3033 1259 179 176 50
3122 1259 179 176 ℔,
3212 1259 179 176 om
3301 1259 327 176 åtkomst
3539 1259 357 176 hvartill
3807 1259 417 176 Zachrisson
4135 1259 208 176 vid
4224 1259 238 176 förhör

2629 1365 455 176 uppgifvit,
2987 1365 228 176 att
3117 1365 228 176 han
3247 1365 520 176 ofvanberörde
3670 1365 228 176 dag
3800 1365 260 176 inne
3962 1365 163 176 å
3995 1365 455 176 Skeppsbroka¬-

2619 1536 234 123 jen
2752 1536 468 123 tillgripit
3086 1536 368 123 detsamma.

2692 1608 285 133 Någon
2882 1608 285 133 egare
3072 1608 253 133 till
3231 1608 317 133 jernet
3452 1608 222 133 har
3579 1608 253 133 icke
3737 1608 317 133 anmält
3959 1608 222 133 sig
4086 1608 285 133 eller
4244 1608 190 133 kun¬-

2614 1777 249 94 nat
2721 1777 427 94 anträffas.

2795 1829 208 138 På
2899 1829 312 138 grund
3107 1829 208 138 af
3211 1829 277 138 hvad
3384 1829 381 138 sålunda
3661 1829 519 138 förekommit,
4077 1829 208 138 är
4180 1829 277 138 Carl
4319 1829 173 138 Jo¬-

2611 1952 217 156 han
2735 1952 434 156 Zachrisson
3076 1952 310 156 kallad
3293 1952 248 156 till
3448 1952 465 156 inställelse
3819 1952 279 156 inför
4005 1952 217 156 PKn
4129 1952 279 156 denna
4284 1952 186 156 dag.

3101 2082 394 86 Göteborg
3397 2082 230 86 den
3528 2082 197 86 19
3626 2082 295 86 April
3790 2082 230 86 1880.

4504 2159 205 59 No
4572 2159 171 59 90.

4443 2273 387 67 Mina
4636 2273 242 67 An¬-

4383 2347 440 60 dersson

2715 2174 769 136 Skeppstimmermannen
3379 2174 315 136 Johan
3589 2174 385 136 Olsson,
3869 2174 385 136 ansälld
4148 2174 175 136 å
4183 2174 245 136 Bark¬-

2623 2283 368 149 skeppet
2890 2283 368 149 "Alma",
3158 2283 234 149 som
3292 2283 335 149 ligger
3526 2283 368 149 förtöjt
3794 2283 234 149 vid
3928 2283 368 149 Bläsan,
4163 2283 167 149 har

2615 2367 519 177 Onsdagen
3004 2367 303 177 den
3177 2367 259 177 14
3306 2367 432 177 dennes
3609 2367 432 177 anmält
3911 2367 303 177 att
4041 2367 389 177 derför¬-

2596 2490 571 158 utgångne
3025 2490 429 158 afton
3311 2490 429 158 under
3596 2490 333 158 det
3787 2490 333 158 han
3977 2490 429 158 varit
4215 2490 143 158 i

2610 2567 558 198 sällskap
3028 2567 325 198 med
3214 2567 790 198 prostituerade
3818 2567 604 198 qvinsperso¬-

2587 2668 373 214 nen
2800 2668 320 214 No
2960 2668 320 214 90
3119 2668 426 214 Mina
3386 2668 693 214 Andersson
3919 2668 533 214 boende
4238 2668 160 214 i

2604 2822 453 178 huset
2906 2822 302 178 No
3057 2822 302 178 19
3208 2822 352 178 vid
3409 2822 856 178 Kapuniergatan
4064 2822 302 178 från

2602 2946 448 176 honom
2901 2946 746 176 tillgripits
3497 2946 298 176 en
3646 2946 249 176 i
3746 2946 348 176 ena
3895 2946 547 176 byxfickan

2613 3068 665 178 förvarad
3111 3068 443 178 brun
3333 3068 997 178 skinnportmonnaie

2594 3206 804 160 innehållande
3247 3206 553 160 omkring
3649 3206 301 160 25
3799 3206 553 160 kronor,
4151 3206 251 160 be¬-

2615 3346 513 136 stående
2988 3346 233 136 i
3082 3346 373 136 fyra
3315 3346 466 136 sedlar
3641 3346 233 136 å
3735 3346 233 136 5
3828 3346 466 136 kronor
4108 3346 326 136 hvar¬-

2606 3472 382 136 dera,
2860 3472 297 136 och
3030 3472 297 136 det
3200 3472 424 136 öfriga
3497 3472 212 136 i
3581 3472 467 136 silfver
3921 3472 297 136 och
4048 3472 382 136 koppar¬-

2601 3588 463 132 mynt,
2909 3588 412 132 samt
3167 3588 309 132 en
3321 3588 669 132 pantsedel
3835 3588 257 132 å
3938 3588 360 132 ett
4093 3588 257 132 par

2619 3712 583 122 stöflar
3043 3712 583 122 belånta
3467 3712 371 122 den
3678 3712 318 122 12
3837 3712 530 122 dennes
4155 3712 265 122 med
