<?xml version="1.0" encoding="UTF-8"?>
<alto xmlns:xsi="http://www.w3.org/2001/XMLSchema-instance"
      xmlns="http://www.loc.gov/standards/alto/ns-v4#"
      xmlns:page="http://schema.primaresearch.org/PAGE/gts/pagecontent/2013-07-15"
      xsi:schemaLocation="http://www.loc.gov/standards/alto/ns-v4# https://www.loc.gov/standards/alto/v4/alto.xsd">
   <Description>
      <MeasurementUnit>pixel</MeasurementUnit>
      <OCRProcessing ID="IdOcr">
         <ocrProcessingStep>
            <processingDateTime>2022-11-18T16:09:54.215+01:00</processingDateTime>
            <processingSoftware>
               <softwareCreator>READ COOP</softwareCreator>
               <softwareName>Transkribus</softwareName>
            </processingSoftware>
         </ocrProcessingStep>
      </OCRProcessing>
   </Description>
   <Tags/>
   <Layout>
      <Page ID="Page1" PHYSICAL_IMG_NR="1" HEIGHT="4071" WIDTH="4957">
         <TopMargin HEIGHT="0" WIDTH="4957" VPOS="0" HPOS="0"/>
         <LeftMargin HEIGHT="4071" WIDTH="0" VPOS="0" HPOS="0"/>
         <RightMargin HEIGHT="4071" WIDTH="0" VPOS="0" HPOS="4957"/>
         <BottomMargin HEIGHT="0" WIDTH="4957" VPOS="4071" HPOS="0"/>
         <PrintSpace HEIGHT="4071" WIDTH="4957" VPOS="0" HPOS="0">
            <TextBlock ID="TextRegion_1584707363198_494"
                       HEIGHT="849"
                       WIDTH="1946"
                       VPOS="221"
                       HPOS="466">
               <Shape>
                  <Polygon POINTS="470,221 2404,221 2412,1014 466,1070"/>
               </Shape>
               <TextLine ID="r2l1"
                         BASELINE="474,284 566,282 659,280 752,280 845,278 938,276 1030,276 1123,274 1216,274 1309,272 1402,272 1494,272 1587,272 1680,272 1773,272 1866,272 1958,272 2051,272 2144,272 2237,272 2330,272"
                         HEIGHT="166"
                         WIDTH="1881"
                         VPOS="199"
                         HPOS="462">
                  <String HEIGHT="166"
                          WIDTH="219"
                          VPOS="199"
                          HPOS="431"
                          CONTENT="dag"/>
                  <SP HEIGHT="166" WIDTH="31" VPOS="199" HPOS="650"/>
                  <String HEIGHT="166"
                          WIDTH="314"
                          VPOS="199"
                          HPOS="556"
                          CONTENT="ingått"/>
                  <SP HEIGHT="166" WIDTH="31" VPOS="199" HPOS="870"/>
                  <String HEIGHT="166" WIDTH="157" VPOS="199" HPOS="776" CONTENT="i"/>
                  <SP HEIGHT="166" WIDTH="31" VPOS="199" HPOS="932"/>
                  <String HEIGHT="166"
                          WIDTH="282"
                          VPOS="199"
                          HPOS="838"
                          CONTENT="huset"/>
                  <SP HEIGHT="166" WIDTH="31" VPOS="199" HPOS="1120"/>
                  <String HEIGHT="166"
                          WIDTH="188"
                          VPOS="199"
                          HPOS="1026"
                          CONTENT="No"/>
                  <SP HEIGHT="166" WIDTH="31" VPOS="199" HPOS="1214"/>
                  <String HEIGHT="166"
                          WIDTH="188"
                          VPOS="199"
                          HPOS="1120"
                          CONTENT="16"/>
                  <SP HEIGHT="166" WIDTH="31" VPOS="199" HPOS="1308"/>
                  <String HEIGHT="166"
                          WIDTH="219"
                          VPOS="199"
                          HPOS="1214"
                          CONTENT="vid"/>
                  <SP HEIGHT="166" WIDTH="31" VPOS="199" HPOS="1434"/>
                  <String HEIGHT="166"
                          WIDTH="596"
                          VPOS="199"
                          HPOS="1340"
                          CONTENT="Qvarnbergsgatan"/>
                  <SP HEIGHT="166" WIDTH="31" VPOS="199" HPOS="1935"/>
                  <String HEIGHT="166"
                          WIDTH="219"
                          VPOS="199"
                          HPOS="1841"
                          CONTENT="för"/>
                  <SP HEIGHT="166" WIDTH="31" VPOS="199" HPOS="2061"/>
                  <String HEIGHT="166"
                          WIDTH="219"
                          VPOS="199"
                          HPOS="1967"
                          CONTENT="att"/>
                  <SP HEIGHT="166" WIDTH="31" VPOS="199" HPOS="2186"/>
                  <String HEIGHT="166"
                          WIDTH="282"
                          VPOS="199"
                          HPOS="2061"
                          CONTENT="bettla,"/>
               </TextLine>
               <TextLine ID="r2l2"
                         BASELINE="472,410 565,406 658,402 751,399 844,396 937,394 1030,391 1123,390 1216,388 1309,386 1403,386 1496,386 1589,384 1682,386 1775,386 1868,386 1961,388 2054,388 2147,390 2240,392 2334,394"
                         HEIGHT="137"
                         WIDTH="1888"
                         VPOS="284"
                         HPOS="459">
                  <String HEIGHT="137"
                          WIDTH="260"
                          VPOS="284"
                          HPOS="426"
                          CONTENT="samt"/>
                  <SP HEIGHT="137" WIDTH="33" VPOS="284" HPOS="687"/>
                  <String HEIGHT="137"
                          WIDTH="228"
                          VPOS="284"
                          HPOS="589"
                          CONTENT="att"/>
                  <SP HEIGHT="137" WIDTH="33" VPOS="284" HPOS="817"/>
                  <String HEIGHT="137"
                          WIDTH="228"
                          VPOS="284"
                          HPOS="719"
                          CONTENT="han"/>
                  <SP HEIGHT="137" WIDTH="33" VPOS="284" HPOS="947"/>
                  <String HEIGHT="137"
                          WIDTH="228"
                          VPOS="284"
                          HPOS="850"
                          CONTENT="der"/>
                  <SP HEIGHT="137" WIDTH="33" VPOS="284" HPOS="1077"/>
                  <String HEIGHT="137" WIDTH="195" VPOS="284" HPOS="980" CONTENT="ur"/>
                  <SP HEIGHT="137" WIDTH="33" VPOS="284" HPOS="1175"/>
                  <String HEIGHT="137"
                          WIDTH="195"
                          VPOS="284"
                          HPOS="1077"
                          CONTENT="en"/>
                  <SP HEIGHT="137" WIDTH="33" VPOS="284" HPOS="1273"/>
                  <String HEIGHT="137"
                          WIDTH="293"
                          VPOS="284"
                          HPOS="1175"
                          CONTENT="olåst"/>
                  <SP HEIGHT="137" WIDTH="33" VPOS="284" HPOS="1468"/>
                  <String HEIGHT="137"
                          WIDTH="326"
                          VPOS="284"
                          HPOS="1370"
                          CONTENT="tambur"/>
                  <SP HEIGHT="137" WIDTH="33" VPOS="284" HPOS="1696"/>
                  <String HEIGHT="137"
                          WIDTH="456"
                          VPOS="284"
                          HPOS="1598"
                          CONTENT="tillgripit"/>
                  <SP HEIGHT="137" WIDTH="33" VPOS="284" HPOS="2054"/>
                  <String HEIGHT="137"
                          WIDTH="423"
                          VPOS="284"
                          HPOS="1924"
                          CONTENT="ifrågakomne"/>
               </TextLine>
               <TextLine ID="r2l3"
                         BASELINE="472,528 568,522 664,515 760,510 856,506 952,502 1048,498 1144,496 1240,494 1336,492 1432,492 1528,490 1624,490 1720,490 1816,490 1912,490 2008,492 2104,492 2200,493 2296,494 2392,494"
                         HEIGHT="205"
                         WIDTH="1947"
                         VPOS="393"
                         HPOS="458">
                  <String HEIGHT="205"
                          WIDTH="628"
                          VPOS="393"
                          HPOS="427"
                          CONTENT="sommaröfverrock,"/>
                  <SP HEIGHT="205" WIDTH="31" VPOS="393" HPOS="1055"/>
                  <String HEIGHT="205"
                          WIDTH="345"
                          VPOS="393"
                          HPOS="960"
                          CONTENT="hvilken"/>
                  <SP HEIGHT="205" WIDTH="31" VPOS="393" HPOS="1306"/>
                  <String HEIGHT="205"
                          WIDTH="220"
                          VPOS="393"
                          HPOS="1212"
                          CONTENT="han"/>
                  <SP HEIGHT="205" WIDTH="31" VPOS="393" HPOS="1432"/>
                  <String HEIGHT="205"
                          WIDTH="251"
                          VPOS="393"
                          HPOS="1337"
                          CONTENT="haft"/>
                  <SP HEIGHT="205" WIDTH="31" VPOS="393" HPOS="1589"/>
                  <String HEIGHT="205"
                          WIDTH="220"
                          VPOS="393"
                          HPOS="1494"
                          CONTENT="för"/>
                  <SP HEIGHT="205" WIDTH="31" VPOS="393" HPOS="1714"/>
                  <String HEIGHT="205"
                          WIDTH="314"
                          VPOS="393"
                          HPOS="1620"
                          CONTENT="afsigt"/>
                  <SP HEIGHT="205" WIDTH="31" VPOS="393" HPOS="1934"/>
                  <String HEIGHT="205"
                          WIDTH="220"
                          VPOS="393"
                          HPOS="1840"
                          CONTENT="att"/>
                  <SP HEIGHT="205" WIDTH="31" VPOS="393" HPOS="2060"/>
                  <String HEIGHT="205"
                          WIDTH="283"
                          VPOS="393"
                          HPOS="1965"
                          CONTENT="sälja"/>
                  <SP HEIGHT="205" WIDTH="31" VPOS="393" HPOS="2248"/>
                  <String HEIGHT="205"
                          WIDTH="220"
                          VPOS="393"
                          HPOS="2154"
                          CONTENT="för"/>
                  <SP HEIGHT="205" WIDTH="31" VPOS="393" HPOS="2374"/>
                  <String HEIGHT="205"
                          WIDTH="157"
                          VPOS="393"
                          HPOS="2248"
                          CONTENT="att"/>
               </TextLine>
               <TextLine ID="r2l4"
                         BASELINE="472,636 511,636 550,635 589,634 628,633 668,632 707,630 746,628 785,626 824,624 864,622 903,620 942,618 981,617 1020,614 1060,614 1099,612 1138,611 1177,610 1216,610 1256,608"
                         HEIGHT="206"
                         WIDTH="811"
                         VPOS="512"
                         HPOS="458">
                  <String HEIGHT="206" WIDTH="221" VPOS="512" HPOS="421" CONTENT="få"/>
                  <SP HEIGHT="206" WIDTH="37" VPOS="512" HPOS="642"/>
                  <String HEIGHT="206"
                          WIDTH="479"
                          VPOS="512"
                          HPOS="532"
                          CONTENT="penningar"/>
                  <SP HEIGHT="206" WIDTH="37" VPOS="512" HPOS="1011"/>
                  <String HEIGHT="206"
                          WIDTH="295"
                          VPOS="512"
                          HPOS="900"
                          CONTENT="till"/>
                  <SP HEIGHT="206" WIDTH="37" VPOS="512" HPOS="1195"/>
                  <String HEIGHT="206"
                          WIDTH="221"
                          VPOS="512"
                          HPOS="1048"
                          CONTENT="mat."/>
               </TextLine>
               <TextLine ID="r2l5"
                         BASELINE="734,718 801,718 869,716 936,716 1004,714 1071,713 1139,712 1206,710 1274,708 1341,708 1409,706 1476,705 1544,704 1611,704 1679,702 1746,702 1814,703 1881,704 1949,704 2016,706 2084,710"
                         HEIGHT="159"
                         WIDTH="1376"
                         VPOS="614"
                         HPOS="721">
                  <String HEIGHT="159"
                          WIDTH="328"
                          VPOS="614"
                          HPOS="688"
                          CONTENT="Rocken"/>
                  <SP HEIGHT="159" WIDTH="33" VPOS="614" HPOS="1016"/>
                  <String HEIGHT="159"
                          WIDTH="229"
                          VPOS="614"
                          HPOS="918"
                          CONTENT="har"/>
                  <SP HEIGHT="159" WIDTH="33" VPOS="614" HPOS="1147"/>
                  <String HEIGHT="159"
                          WIDTH="360"
                          VPOS="614"
                          HPOS="1049"
                          CONTENT="blifvit"/>
                  <SP HEIGHT="159" WIDTH="33" VPOS="614" HPOS="1409"/>
                  <String HEIGHT="159"
                          WIDTH="262"
                          VPOS="614"
                          HPOS="1311"
                          CONTENT="till"/>
                  <SP HEIGHT="159" WIDTH="33" VPOS="614" HPOS="1573"/>
                  <String HEIGHT="159"
                          WIDTH="328"
                          VPOS="614"
                          HPOS="1475"
                          CONTENT="egaren"/>
                  <SP HEIGHT="159" WIDTH="33" VPOS="614" HPOS="1802"/>
                  <String HEIGHT="159"
                          WIDTH="426"
                          VPOS="614"
                          HPOS="1671"
                          CONTENT="återlemnad."/>
               </TextLine>
               <TextLine ID="r2l6"
                         BASELINE="724,828 808,828 892,828 976,826 1060,826 1144,824 1228,822 1312,820 1396,819 1480,818 1564,816 1648,814 1732,814 1816,812 1900,812 1984,812 2068,812 2152,812 2236,814 2320,816 2404,818"
                         HEIGHT="197"
                         WIDTH="1704"
                         VPOS="706"
                         HPOS="712">
                  <String HEIGHT="197" WIDTH="204" VPOS="706" HPOS="678" CONTENT="På"/>
                  <SP HEIGHT="197" WIDTH="34" VPOS="706" HPOS="882"/>
                  <String HEIGHT="197"
                          WIDTH="307"
                          VPOS="706"
                          HPOS="780"
                          CONTENT="grund"/>
                  <SP HEIGHT="197" WIDTH="34" VPOS="706" HPOS="1087"/>
                  <String HEIGHT="197" WIDTH="204" VPOS="706" HPOS="985" CONTENT="af"/>
                  <SP HEIGHT="197" WIDTH="34" VPOS="706" HPOS="1189"/>
                  <String HEIGHT="197"
                          WIDTH="273"
                          VPOS="706"
                          HPOS="1087"
                          CONTENT="hvad"/>
                  <SP HEIGHT="197" WIDTH="34" VPOS="706" HPOS="1360"/>
                  <String HEIGHT="197"
                          WIDTH="375"
                          VPOS="706"
                          HPOS="1257"
                          CONTENT="sålunda"/>
                  <SP HEIGHT="197" WIDTH="34" VPOS="706" HPOS="1632"/>
                  <String HEIGHT="197"
                          WIDTH="511"
                          VPOS="706"
                          HPOS="1530"
                          CONTENT="förekommit,"/>
                  <SP HEIGHT="197" WIDTH="34" VPOS="706" HPOS="2041"/>
                  <String HEIGHT="197"
                          WIDTH="204"
                          VPOS="706"
                          HPOS="1939"
                          CONTENT="är"/>
                  <SP HEIGHT="197" WIDTH="34" VPOS="706" HPOS="2143"/>
                  <String HEIGHT="197"
                          WIDTH="307"
                          VPOS="706"
                          HPOS="2041"
                          CONTENT="Johan"/>
                  <SP HEIGHT="197" WIDTH="34" VPOS="706" HPOS="2348"/>
                  <String HEIGHT="197"
                          WIDTH="204"
                          VPOS="706"
                          HPOS="2212"
                          CONTENT="Ols¬"
                          SUBS_TYPE="HypPart1"
                          SUBS_CONTENT="Olsson"/>
                  <HYP CONTENT="-"/>
               </TextLine>
               <TextLine ID="r2l7"
                         BASELINE="484,956 564,952 644,947 724,942 804,938 885,934 965,932 1045,928 1125,926 1205,924 1286,922 1366,922 1446,920 1526,920 1606,920 1687,920 1767,920 1847,920 1927,921 2007,922 2088,924"
                         HEIGHT="185"
                         WIDTH="1631"
                         VPOS="818"
                         HPOS="470">
                  <String HEIGHT="185"
                          WIDTH="238"
                          VPOS="818"
                          HPOS="436"
                          CONTENT="son"
                          SUBS_TYPE="HypPart2"
                          SUBS_CONTENT="Olsson"/>
                  <SP HEIGHT="185" WIDTH="34" VPOS="818" HPOS="674"/>
                  <String HEIGHT="185"
                          WIDTH="340"
                          VPOS="818"
                          HPOS="572"
                          CONTENT="kallad"/>
                  <SP HEIGHT="185" WIDTH="34" VPOS="818" HPOS="912"/>
                  <String HEIGHT="185"
                          WIDTH="272"
                          VPOS="818"
                          HPOS="810"
                          CONTENT="till"/>
                  <SP HEIGHT="185" WIDTH="34" VPOS="818" HPOS="1082"/>
                  <String HEIGHT="185"
                          WIDTH="510"
                          VPOS="818"
                          HPOS="980"
                          CONTENT="inställelse"/>
                  <SP HEIGHT="185" WIDTH="34" VPOS="818" HPOS="1489"/>
                  <String HEIGHT="185"
                          WIDTH="306"
                          VPOS="818"
                          HPOS="1387"
                          CONTENT="inför"/>
                  <SP HEIGHT="185" WIDTH="34" VPOS="818" HPOS="1693"/>
                  <String HEIGHT="185"
                          WIDTH="238"
                          VPOS="818"
                          HPOS="1591"
                          CONTENT="PKn"/>
                  <SP HEIGHT="185" WIDTH="34" VPOS="818" HPOS="1829"/>
                  <String HEIGHT="185"
                          WIDTH="306"
                          VPOS="818"
                          HPOS="1727"
                          CONTENT="denna"/>
                  <SP HEIGHT="185" WIDTH="34" VPOS="818" HPOS="2033"/>
                  <String HEIGHT="185"
                          WIDTH="204"
                          VPOS="818"
                          HPOS="1897"
                          CONTENT="dag."/>
               </TextLine>
               <TextLine ID="line_1584707384226_499"
                         BASELINE="923,1035 1087,1033 1260,1029 1454,1027 1636,1020 1738,1020"
                         HEIGHT="161"
                         WIDTH="841"
                         VPOS="929"
                         HPOS="910">
                  <String HEIGHT="161"
                          WIDTH="404"
                          VPOS="929"
                          HPOS="876"
                          CONTENT="Göteborg"/>
                  <SP HEIGHT="161" WIDTH="34" VPOS="929" HPOS="1280"/>
                  <String HEIGHT="161"
                          WIDTH="235"
                          VPOS="929"
                          HPOS="1179"
                          CONTENT="den"/>
                  <SP HEIGHT="161" WIDTH="34" VPOS="929" HPOS="1415"/>
                  <String HEIGHT="161"
                          WIDTH="202"
                          VPOS="929"
                          HPOS="1314"
                          CONTENT="31"/>
                  <SP HEIGHT="161" WIDTH="34" VPOS="929" HPOS="1516"/>
                  <String HEIGHT="161"
                          WIDTH="235"
                          VPOS="929"
                          HPOS="1415"
                          CONTENT="Maj"/>
                  <SP HEIGHT="161" WIDTH="34" VPOS="929" HPOS="1650"/>
                  <String HEIGHT="161"
                          WIDTH="235"
                          VPOS="929"
                          HPOS="1516"
                          CONTENT="1880."/>
               </TextLine>
            </TextBlock>
            <TextBlock ID="TextRegion_1584707348453_479"
                       HEIGHT="220"
                       WIDTH="370"
                       VPOS="1080"
                       HPOS="94">
               <Shape>
                  <Polygon POINTS="94,1080 464,1080 464,1300 94,1300"/>
               </Shape>
               <TextLine ID="r1l1"
                         BASELINE="122,1140 148,1138 174,1136 200,1136 226,1136 252,1136 279,1137 305,1138 331,1140 357,1141 383,1142 410,1144"
                         HEIGHT="115"
                         WIDTH="315"
                         VPOS="1048"
                         HPOS="109">
                  <String HEIGHT="115" WIDTH="270" VPOS="1048" HPOS="64" CONTENT="No"/>
                  <SP HEIGHT="115" WIDTH="45" VPOS="1048" HPOS="334"/>
                  <String HEIGHT="115"
                          WIDTH="270"
                          VPOS="1048"
                          HPOS="154"
                          CONTENT="124."/>
               </TextLine>
               <TextLine ID="r1l2"
                         BASELINE="102,1256 127,1254 152,1254 177,1254 202,1254 227,1256 252,1256 277,1256 302,1258 327,1258 352,1258 377,1258 402,1258 427,1256 452,1254"
                         HEIGHT="145"
                         WIDTH="377"
                         VPOS="1194"
                         HPOS="89">
                  <String HEIGHT="145"
                          WIDTH="226"
                          VPOS="1194"
                          HPOS="64"
                          CONTENT="Maria"/>
                  <SP HEIGHT="145" WIDTH="25" VPOS="1194" HPOS="290"/>
                  <String HEIGHT="145"
                          WIDTH="276"
                          VPOS="1194"
                          HPOS="190"
                          CONTENT="Johansson"/>
               </TextLine>
            </TextBlock>
            <TextBlock ID="TextRegion_1584707419078_540"
                       HEIGHT="1829"
                       WIDTH="1943"
                       VPOS="1031"
                       HPOS="463">
               <Shape>
                  <Polygon POINTS="464,1098 2404,1031 2406,2806 463,2860"/>
               </Shape>
               <TextLine ID="r2l9"
                         BASELINE="568,1148 656,1144 744,1140 833,1135 921,1132 1010,1128 1098,1124 1186,1121 1275,1118 1363,1114 1452,1110 1540,1108 1628,1104 1717,1102 1805,1100 1894,1096 1982,1094 2070,1092 2159,1088 2247,1086 2336,1084"
                         HEIGHT="176"
                         WIDTH="1798"
                         VPOS="1010"
                         HPOS="551">
                  <String HEIGHT="176"
                          WIDTH="785"
                          VPOS="1010"
                          HPOS="518"
                          CONTENT="Detektivkonstaplarne"/>
                  <SP HEIGHT="176" WIDTH="33" VPOS="1010" HPOS="1303"/>
                  <String HEIGHT="176"
                          WIDTH="196"
                          VPOS="1010"
                          HPOS="1205"
                          CONTENT="C."/>
                  <SP HEIGHT="176" WIDTH="33" VPOS="1010" HPOS="1401"/>
                  <String HEIGHT="176"
                          WIDTH="196"
                          VPOS="1010"
                          HPOS="1303"
                          CONTENT="G."/>
                  <SP HEIGHT="176" WIDTH="33" VPOS="1010" HPOS="1499"/>
                  <String HEIGHT="176"
                          WIDTH="327"
                          VPOS="1010"
                          HPOS="1401"
                          CONTENT="Andrén"/>
                  <SP HEIGHT="176" WIDTH="33" VPOS="1010" HPOS="1728"/>
                  <String HEIGHT="176"
                          WIDTH="229"
                          VPOS="1010"
                          HPOS="1630"
                          CONTENT="och"/>
                  <SP HEIGHT="176" WIDTH="33" VPOS="1010" HPOS="1859"/>
                  <String HEIGHT="176"
                          WIDTH="196"
                          VPOS="1010"
                          HPOS="1761"
                          CONTENT="P."/>
                  <SP HEIGHT="176" WIDTH="33" VPOS="1010" HPOS="1957"/>
                  <String HEIGHT="176"
                          WIDTH="392"
                          VPOS="1010"
                          HPOS="1859"
                          CONTENT="Lindgren"/>
                  <SP HEIGHT="176" WIDTH="33" VPOS="1010" HPOS="2251"/>
                  <String HEIGHT="176"
                          WIDTH="229"
                          VPOS="1010"
                          HPOS="2120"
                          CONTENT="hafva"/>
               </TextLine>
               <TextLine ID="r2l10"
                         BASELINE="508,1276 600,1266 692,1258 785,1252 877,1245 970,1240 1062,1234 1154,1229 1247,1226 1339,1222 1432,1218 1524,1215 1616,1212 1709,1210 1801,1207 1894,1204 1986,1202 2078,1200 2171,1198 2263,1196 2356,1194"
                         HEIGHT="163"
                         WIDTH="1875"
                         VPOS="1126"
                         HPOS="494">
                  <String HEIGHT="163"
                          WIDTH="375"
                          VPOS="1126"
                          HPOS="463"
                          CONTENT="Lördagen"/>
                  <SP HEIGHT="163" WIDTH="31" VPOS="1126" HPOS="838"/>
                  <String HEIGHT="163"
                          WIDTH="219"
                          VPOS="1126"
                          HPOS="744"
                          CONTENT="den"/>
                  <SP HEIGHT="163" WIDTH="31" VPOS="1126" HPOS="963"/>
                  <String HEIGHT="163"
                          WIDTH="188"
                          VPOS="1126"
                          HPOS="869"
                          CONTENT="29"/>
                  <SP HEIGHT="163" WIDTH="31" VPOS="1126" HPOS="1057"/>
                  <String HEIGHT="163"
                          WIDTH="313"
                          VPOS="1126"
                          HPOS="963"
                          CONTENT="dennes"/>
                  <SP HEIGHT="163" WIDTH="31" VPOS="1126" HPOS="1275"/>
                  <String HEIGHT="163"
                          WIDTH="188"
                          VPOS="1126"
                          HPOS="1182"
                          CONTENT="kl"/>
                  <SP HEIGHT="163" WIDTH="31" VPOS="1126" HPOS="1369"/>
                  <String HEIGHT="163"
                          WIDTH="188"
                          VPOS="1126"
                          HPOS="1275"
                          CONTENT="11"/>
                  <SP HEIGHT="163" WIDTH="31" VPOS="1126" HPOS="1463"/>
                  <String HEIGHT="163"
                          WIDTH="250"
                          VPOS="1126"
                          HPOS="1369"
                          CONTENT="f.m."/>
                  <SP HEIGHT="163" WIDTH="31" VPOS="1126" HPOS="1619"/>
                  <String HEIGHT="163"
                          WIDTH="375"
                          VPOS="1126"
                          HPOS="1525"
                          CONTENT="anhållit"/>
                  <SP HEIGHT="163" WIDTH="31" VPOS="1126" HPOS="1900"/>
                  <String HEIGHT="163"
                          WIDTH="344"
                          VPOS="1126"
                          HPOS="1807"
                          CONTENT="hustrun"/>
                  <SP HEIGHT="163" WIDTH="31" VPOS="1126" HPOS="2150"/>
                  <String HEIGHT="163"
                          WIDTH="281"
                          VPOS="1126"
                          HPOS="2057"
                          CONTENT="Maria"/>
                  <SP HEIGHT="163" WIDTH="31" VPOS="1126" HPOS="2338"/>
                  <String HEIGHT="163"
                          WIDTH="156"
                          VPOS="1126"
                          HPOS="2213"
                          CONTENT="Jo¬"
                          SUBS_TYPE="HypPart1"
                          SUBS_CONTENT="Johansson,"/>
                  <HYP CONTENT="-"/>
               </TextLine>
               <TextLine ID="r2l11"
                         BASELINE="492,1388 587,1380 682,1374 777,1367 872,1361 967,1354 1062,1349 1157,1344 1252,1340 1347,1335 1442,1330 1537,1326 1632,1323 1727,1320 1822,1318 1917,1314 2012,1312 2107,1312 2202,1310 2297,1310 2392,1308"
                         HEIGHT="219"
                         WIDTH="1929"
                         VPOS="1217"
                         HPOS="478">
                  <String HEIGHT="219"
                          WIDTH="367"
                          VPOS="1217"
                          HPOS="447"
                          CONTENT="hansson,"
                          SUBS_TYPE="HypPart2"
                          SUBS_CONTENT="Johansson,"/>
                  <SP HEIGHT="219" WIDTH="31" VPOS="1217" HPOS="815"/>
                  <String HEIGHT="219"
                          WIDTH="306"
                          VPOS="1217"
                          HPOS="723"
                          CONTENT="boende"/>
                  <SP HEIGHT="219" WIDTH="31" VPOS="1217" HPOS="1029"/>
                  <String HEIGHT="219" WIDTH="153" VPOS="1217" HPOS="937" CONTENT="i"/>
                  <SP HEIGHT="219" WIDTH="31" VPOS="1217" HPOS="1090"/>
                  <String HEIGHT="219"
                          WIDTH="337"
                          VPOS="1217"
                          HPOS="999"
                          CONTENT="Edbergs"/>
                  <SP HEIGHT="219" WIDTH="31" VPOS="1217" HPOS="1335"/>
                  <String HEIGHT="219"
                          WIDTH="214"
                          VPOS="1217"
                          HPOS="1243"
                          CONTENT="hus"/>
                  <SP HEIGHT="219" WIDTH="31" VPOS="1217" HPOS="1458"/>
                  <String HEIGHT="219"
                          WIDTH="153"
                          VPOS="1217"
                          HPOS="1366"
                          CONTENT="i"/>
                  <SP HEIGHT="219" WIDTH="31" VPOS="1217" HPOS="1519"/>
                  <String HEIGHT="219"
                          WIDTH="551"
                          VPOS="1217"
                          HPOS="1427"
                          CONTENT="Tjörnbostaden,"/>
                  <SP HEIGHT="219" WIDTH="31" VPOS="1217" HPOS="1978"/>
                  <String HEIGHT="219"
                          WIDTH="214"
                          VPOS="1217"
                          HPOS="1886"
                          CONTENT="för"/>
                  <SP HEIGHT="219" WIDTH="31" VPOS="1217" HPOS="2101"/>
                  <String HEIGHT="219"
                          WIDTH="214"
                          VPOS="1217"
                          HPOS="2009"
                          CONTENT="det"/>
                  <SP HEIGHT="219" WIDTH="31" VPOS="1217" HPOS="2223"/>
                  <String HEIGHT="219"
                          WIDTH="214"
                          VPOS="1217"
                          HPOS="2131"
                          CONTENT="hon"/>
                  <SP HEIGHT="219" WIDTH="31" VPOS="1217" HPOS="2346"/>
                  <String HEIGHT="219"
                          WIDTH="184"
                          VPOS="1217"
                          HPOS="2223"
                          CONTENT="kort"/>
               </TextLine>
               <TextLine ID="r2l12"
                         BASELINE="470,1494 565,1490 660,1485 755,1480 850,1475 946,1470 1041,1465 1136,1459 1231,1455 1326,1450 1422,1446 1517,1442 1612,1438 1707,1436 1802,1433 1898,1432 1993,1430 2088,1430 2183,1430 2278,1432 2374,1434"
                         HEIGHT="218"
                         WIDTH="1931"
                         VPOS="1334"
                         HPOS="455">
                  <String HEIGHT="218"
                          WIDTH="267"
                          VPOS="1334"
                          HPOS="425"
                          CONTENT="förut"/>
                  <SP HEIGHT="218" WIDTH="30" VPOS="1334" HPOS="693"/>
                  <String HEIGHT="218" WIDTH="149" VPOS="1334" HPOS="604" CONTENT="å"/>
                  <SP HEIGHT="218" WIDTH="30" VPOS="1334" HPOS="752"/>
                  <String HEIGHT="218"
                          WIDTH="446"
                          VPOS="1334"
                          HPOS="663"
                          CONTENT="Kungstorget"/>
                  <SP HEIGHT="218" WIDTH="30" VPOS="1334" HPOS="1109"/>
                  <String HEIGHT="218"
                          WIDTH="178"
                          VPOS="1334"
                          HPOS="1019"
                          CONTENT="ur"/>
                  <SP HEIGHT="218" WIDTH="30" VPOS="1334" HPOS="1198"/>
                  <String HEIGHT="218"
                          WIDTH="178"
                          VPOS="1334"
                          HPOS="1109"
                          CONTENT="en"/>
                  <SP HEIGHT="218" WIDTH="30" VPOS="1334" HPOS="1287"/>
                  <String HEIGHT="218"
                          WIDTH="327"
                          VPOS="1334"
                          HPOS="1198"
                          CONTENT="ägglåda"/>
                  <SP HEIGHT="218" WIDTH="30" VPOS="1334" HPOS="1524"/>
                  <String HEIGHT="218"
                          WIDTH="238"
                          VPOS="1334"
                          HPOS="1435"
                          CONTENT="från"/>
                  <SP HEIGHT="218" WIDTH="30" VPOS="1334" HPOS="1673"/>
                  <String HEIGHT="218"
                          WIDTH="475"
                          VPOS="1334"
                          HPOS="1584"
                          CONTENT="ägghandlaren"/>
                  <SP HEIGHT="218" WIDTH="30" VPOS="1334" HPOS="2059"/>
                  <String HEIGHT="218"
                          WIDTH="178"
                          VPOS="1334"
                          HPOS="1970"
                          CONTENT="P."/>
                  <SP HEIGHT="218" WIDTH="30" VPOS="1334" HPOS="2148"/>
                  <String HEIGHT="218"
                          WIDTH="178"
                          VPOS="1334"
                          HPOS="2059"
                          CONTENT="S."/>
                  <SP HEIGHT="218" WIDTH="30" VPOS="1334" HPOS="2237"/>
                  <String HEIGHT="218"
                          WIDTH="267"
                          VPOS="1334"
                          HPOS="2119"
                          CONTENT="Anders¬"
                          SUBS_TYPE="HypPart1"
                          SUBS_CONTENT="Andersson"/>
                  <HYP CONTENT="-"/>
               </TextLine>
               <TextLine ID="r2l13"
                         BASELINE="484,1610 578,1606 672,1601 766,1596 860,1591 954,1586 1048,1581 1142,1575 1236,1570 1330,1566 1425,1560 1519,1555 1613,1552 1707,1548 1801,1544 1895,1542 1989,1538 2083,1536 2177,1536 2271,1534 2366,1534"
                         HEIGHT="211"
                         WIDTH="1910"
                         VPOS="1451"
                         HPOS="469">
                  <String HEIGHT="211"
                          WIDTH="197"
                          VPOS="1451"
                          HPOS="441"
                          CONTENT="son"
                          SUBS_TYPE="HypPart2"
                          SUBS_CONTENT="Andersson"/>
                  <SP HEIGHT="211" WIDTH="28" VPOS="1451" HPOS="638"/>
                  <String HEIGHT="211" WIDTH="140" VPOS="1451" HPOS="553" CONTENT="i"/>
                  <SP HEIGHT="211" WIDTH="28" VPOS="1451" HPOS="694"/>
                  <String HEIGHT="211"
                          WIDTH="253"
                          VPOS="1451"
                          HPOS="609"
                          CONTENT="huset"/>
                  <SP HEIGHT="211" WIDTH="28" VPOS="1451" HPOS="862"/>
                  <String HEIGHT="211"
                          WIDTH="169"
                          VPOS="1451"
                          HPOS="778"
                          CONTENT="No"/>
                  <SP HEIGHT="211" WIDTH="28" VPOS="1451" HPOS="946"/>
                  <String HEIGHT="211"
                          WIDTH="169"
                          VPOS="1451"
                          HPOS="862"
                          CONTENT="11"/>
                  <SP HEIGHT="211" WIDTH="28" VPOS="1451" HPOS="1031"/>
                  <String HEIGHT="211"
                          WIDTH="197"
                          VPOS="1451"
                          HPOS="946"
                          CONTENT="vid"/>
                  <SP HEIGHT="211" WIDTH="28" VPOS="1451" HPOS="1143"/>
                  <String HEIGHT="211"
                          WIDTH="365"
                          VPOS="1451"
                          HPOS="1059"
                          CONTENT="Korsgatan"/>
                  <SP HEIGHT="211" WIDTH="28" VPOS="1451" HPOS="1424"/>
                  <String HEIGHT="211"
                          WIDTH="393"
                          VPOS="1451"
                          HPOS="1340"
                          CONTENT="tillgripit"/>
                  <SP HEIGHT="211" WIDTH="28" VPOS="1451" HPOS="1733"/>
                  <String HEIGHT="211"
                          WIDTH="169"
                          VPOS="1451"
                          HPOS="1649"
                          CONTENT="23"/>
                  <SP HEIGHT="211" WIDTH="28" VPOS="1451" HPOS="1817"/>
                  <String HEIGHT="211"
                          WIDTH="197"
                          VPOS="1451"
                          HPOS="1733"
                          CONTENT="st."/>
                  <SP HEIGHT="211" WIDTH="28" VPOS="1451" HPOS="1930"/>
                  <String HEIGHT="211"
                          WIDTH="225"
                          VPOS="1451"
                          HPOS="1845"
                          CONTENT="ägg,"/>
                  <SP HEIGHT="211" WIDTH="28" VPOS="1451" HPOS="2070"/>
                  <String HEIGHT="211"
                          WIDTH="253"
                          VPOS="1451"
                          HPOS="1986"
                          CONTENT="värde"/>
                  <SP HEIGHT="211" WIDTH="28" VPOS="1451" HPOS="2239"/>
                  <String HEIGHT="211"
                          WIDTH="169"
                          VPOS="1451"
                          HPOS="2154"
                          CONTENT="75"/>
                  <SP HEIGHT="211" WIDTH="28" VPOS="1451" HPOS="2323"/>
                  <String HEIGHT="211"
                          WIDTH="169"
                          VPOS="1451"
                          HPOS="2210"
                          CONTENT="öre."/>
               </TextLine>
               <TextLine ID="r2l14"
                         BASELINE="604,1712 691,1708 779,1703 867,1698 955,1693 1043,1690 1131,1686 1219,1682 1307,1678 1395,1675 1483,1672 1570,1668 1658,1666 1746,1663 1834,1660 1922,1658 2010,1654 2098,1652 2186,1650 2274,1648 2362,1646"
                         HEIGHT="207"
                         WIDTH="1787"
                         VPOS="1582"
                         HPOS="589">
                  <String HEIGHT="207"
                          WIDTH="319"
                          VPOS="1582"
                          HPOS="557"
                          CONTENT="Hustru"/>
                  <SP HEIGHT="207" WIDTH="32" VPOS="1582" HPOS="876"/>
                  <String HEIGHT="207"
                          WIDTH="447"
                          VPOS="1582"
                          HPOS="780"
                          CONTENT="Johansson,"/>
                  <SP HEIGHT="207" WIDTH="32" VPOS="1582" HPOS="1227"/>
                  <String HEIGHT="207"
                          WIDTH="223"
                          VPOS="1582"
                          HPOS="1131"
                          CONTENT="som"/>
                  <SP HEIGHT="207" WIDTH="32" VPOS="1582" HPOS="1355"/>
                  <String HEIGHT="207"
                          WIDTH="223"
                          VPOS="1582"
                          HPOS="1259"
                          CONTENT="vid"/>
                  <SP HEIGHT="207" WIDTH="32" VPOS="1582" HPOS="1483"/>
                  <String HEIGHT="207"
                          WIDTH="479"
                          VPOS="1582"
                          HPOS="1387"
                          CONTENT="anhållandet"/>
                  <SP HEIGHT="207" WIDTH="32" VPOS="1582" HPOS="1865"/>
                  <String HEIGHT="207"
                          WIDTH="287"
                          VPOS="1582"
                          HPOS="1770"
                          CONTENT="jemte"/>
                  <SP HEIGHT="207" WIDTH="32" VPOS="1582" HPOS="2057"/>
                  <String HEIGHT="207"
                          WIDTH="287"
                          VPOS="1582"
                          HPOS="1961"
                          CONTENT="äggen"/>
                  <SP HEIGHT="207" WIDTH="32" VPOS="1582" HPOS="2248"/>
                  <String HEIGHT="207"
                          WIDTH="255"
                          VPOS="1582"
                          HPOS="2121"
                          CONTENT="jemväl"/>
               </TextLine>
               <TextLine ID="r2l15"
                         BASELINE="480,1828 573,1821 666,1815 760,1809 853,1804 947,1799 1040,1794 1133,1791 1227,1786 1320,1783 1414,1780 1507,1776 1600,1774 1694,1772 1787,1768 1881,1766 1974,1764 2067,1762 2161,1760 2254,1758 2348,1756"
                         HEIGHT="208"
                         WIDTH="1891"
                         VPOS="1671"
                         HPOS="467">
                  <String HEIGHT="208"
                          WIDTH="397"
                          VPOS="1671"
                          HPOS="437"
                          CONTENT="innnehade"/>
                  <SP HEIGHT="208" WIDTH="31" VPOS="1671" HPOS="833"/>
                  <String HEIGHT="208"
                          WIDTH="183"
                          VPOS="1671"
                          HPOS="742"
                          CONTENT="en"/>
                  <SP HEIGHT="208" WIDTH="31" VPOS="1671" HPOS="925"/>
                  <String HEIGHT="208"
                          WIDTH="214"
                          VPOS="1671"
                          HPOS="833"
                          CONTENT="del"/>
                  <SP HEIGHT="208" WIDTH="31" VPOS="1671" HPOS="1047"/>
                  <String HEIGHT="208"
                          WIDTH="244"
                          VPOS="1671"
                          HPOS="955"
                          CONTENT="kött"/>
                  <SP HEIGHT="208" WIDTH="31" VPOS="1671" HPOS="1199"/>
                  <String HEIGHT="208"
                          WIDTH="214"
                          VPOS="1671"
                          HPOS="1108"
                          CONTENT="och"/>
                  <SP HEIGHT="208" WIDTH="31" VPOS="1671" HPOS="1321"/>
                  <String HEIGHT="208"
                          WIDTH="519"
                          VPOS="1671"
                          HPOS="1230"
                          CONTENT="fläskstycken,"/>
                  <SP HEIGHT="208" WIDTH="31" VPOS="1671" HPOS="1748"/>
                  <String HEIGHT="208"
                          WIDTH="397"
                          VPOS="1671"
                          HPOS="1657"
                          CONTENT="uppgående"/>
                  <SP HEIGHT="208" WIDTH="31" VPOS="1671" HPOS="2053"/>
                  <String HEIGHT="208"
                          WIDTH="244"
                          VPOS="1671"
                          HPOS="1962"
                          CONTENT="till"/>
                  <SP HEIGHT="208" WIDTH="31" VPOS="1671" HPOS="2206"/>
                  <String HEIGHT="208"
                          WIDTH="275"
                          VPOS="1671"
                          HPOS="2084"
                          CONTENT="omkring"/>
               </TextLine>
               <TextLine ID="r2l16"
                         BASELINE="476,1942 569,1936 663,1930 757,1926 851,1922 945,1916 1038,1914 1132,1909 1226,1905 1320,1902 1414,1899 1507,1896 1601,1894 1695,1891 1789,1888 1883,1886 1976,1884 2070,1882 2164,1879 2258,1877 2352,1876"
                         HEIGHT="231"
                         WIDTH="1904"
                         VPOS="1787"
                         HPOS="462">
                  <String HEIGHT="231"
                          WIDTH="179"
                          VPOS="1787"
                          HPOS="432"
                          CONTENT="10"/>
                  <SP HEIGHT="231" WIDTH="30" VPOS="1787" HPOS="611"/>
                  <String HEIGHT="231" WIDTH="149" VPOS="1787" HPOS="522" CONTENT="℔"/>
                  <SP HEIGHT="231" WIDTH="30" VPOS="1787" HPOS="670"/>
                  <String HEIGHT="231"
                          WIDTH="268"
                          VPOS="1787"
                          HPOS="581"
                          CONTENT="vigt,"/>
                  <SP HEIGHT="231" WIDTH="30" VPOS="1787" HPOS="849"/>
                  <String HEIGHT="231"
                          WIDTH="208"
                          VPOS="1787"
                          HPOS="760"
                          CONTENT="har"/>
                  <SP HEIGHT="231" WIDTH="30" VPOS="1787" HPOS="968"/>
                  <String HEIGHT="231"
                          WIDTH="208"
                          VPOS="1787"
                          HPOS="879"
                          CONTENT="vid"/>
                  <SP HEIGHT="231" WIDTH="30" VPOS="1787" HPOS="1087"/>
                  <String HEIGHT="231"
                          WIDTH="208"
                          VPOS="1787"
                          HPOS="998"
                          CONTENT="det"/>
                  <SP HEIGHT="231" WIDTH="30" VPOS="1787" HPOS="1206"/>
                  <String HEIGHT="231"
                          WIDTH="208"
                          VPOS="1787"
                          HPOS="1117"
                          CONTENT="med"/>
                  <SP HEIGHT="231" WIDTH="30" VPOS="1787" HPOS="1325"/>
                  <String HEIGHT="231"
                          WIDTH="268"
                          VPOS="1787"
                          HPOS="1236"
                          CONTENT="henne"/>
                  <SP HEIGHT="231" WIDTH="30" VPOS="1787" HPOS="1503"/>
                  <String HEIGHT="231"
                          WIDTH="387"
                          VPOS="1787"
                          HPOS="1414"
                          CONTENT="anställda"/>
                  <SP HEIGHT="231" WIDTH="30" VPOS="1787" HPOS="1801"/>
                  <String HEIGHT="231"
                          WIDTH="298"
                          VPOS="1787"
                          HPOS="1712"
                          CONTENT="förhör"/>
                  <SP HEIGHT="231" WIDTH="30" VPOS="1787" HPOS="2009"/>
                  <String HEIGHT="231"
                          WIDTH="417"
                          VPOS="1787"
                          HPOS="1920"
                          CONTENT="uppgifvit,"/>
                  <SP HEIGHT="231" WIDTH="30" VPOS="1787" HPOS="2336"/>
                  <String HEIGHT="231"
                          WIDTH="149"
                          VPOS="1787"
                          HPOS="2217"
                          CONTENT="att"/>
               </TextLine>
               <TextLine ID="r2l17"
                         BASELINE="474,2054 568,2049 663,2046 757,2042 852,2038 946,2034 1041,2030 1135,2026 1230,2023 1324,2020 1419,2017 1513,2014 1608,2010 1702,2008 1797,2006 1891,2004 1986,2001 2080,1998 2175,1996 2269,1995 2364,1994"
                         HEIGHT="215"
                         WIDTH="1916"
                         VPOS="1901"
                         HPOS="460">
                  <String HEIGHT="215"
                          WIDTH="260"
                          VPOS="1901"
                          HPOS="428"
                          CONTENT="hon,"/>
                  <SP HEIGHT="215" WIDTH="32" VPOS="1901" HPOS="687"/>
                  <String HEIGHT="215"
                          WIDTH="227"
                          VPOS="1901"
                          HPOS="590"
                          CONTENT="som"/>
                  <SP HEIGHT="215" WIDTH="32" VPOS="1901" HPOS="817"/>
                  <String HEIGHT="215"
                          WIDTH="325"
                          VPOS="1901"
                          HPOS="720"
                          CONTENT="saknat"/>
                  <SP HEIGHT="215" WIDTH="32" VPOS="1901" HPOS="1045"/>
                  <String HEIGHT="215"
                          WIDTH="455"
                          VPOS="1901"
                          HPOS="947"
                          CONTENT="penningar,"/>
                  <SP HEIGHT="215" WIDTH="32" VPOS="1901" HPOS="1402"/>
                  <String HEIGHT="215"
                          WIDTH="357"
                          VPOS="1901"
                          HPOS="1304"
                          CONTENT="hvarför"/>
                  <SP HEIGHT="215" WIDTH="32" VPOS="1901" HPOS="1662"/>
                  <String HEIGHT="215"
                          WIDTH="227"
                          VPOS="1901"
                          HPOS="1564"
                          CONTENT="hon"/>
                  <SP HEIGHT="215" WIDTH="32" VPOS="1901" HPOS="1791"/>
                  <String HEIGHT="215"
                          WIDTH="292"
                          VPOS="1901"
                          HPOS="1694"
                          CONTENT="kunde"/>
                  <SP HEIGHT="215" WIDTH="32" VPOS="1901" HPOS="1986"/>
                  <String HEIGHT="215"
                          WIDTH="260"
                          VPOS="1901"
                          HPOS="1889"
                          CONTENT="köpa"/>
                  <SP HEIGHT="215" WIDTH="32" VPOS="1901" HPOS="2149"/>
                  <String HEIGHT="215"
                          WIDTH="357"
                          VPOS="1901"
                          HPOS="2019"
                          CONTENT="matvaror,"/>
               </TextLine>
               <TextLine ID="r2l18"
                         BASELINE="472,2172 567,2169 662,2164 757,2162 852,2158 948,2154 1043,2152 1138,2149 1233,2146 1328,2144 1424,2142 1519,2138 1614,2136 1709,2132 1804,2130 1900,2126 1995,2122 2090,2118 2185,2114 2280,2109 2376,2104"
                         HEIGHT="207"
                         WIDTH="1931"
                         VPOS="2016"
                         HPOS="457">
                  <String HEIGHT="207"
                          WIDTH="422"
                          VPOS="2016"
                          HPOS="427"
                          CONTENT="tillgripit"/>
                  <SP HEIGHT="207" WIDTH="30" VPOS="2016" HPOS="849"/>
                  <String HEIGHT="207"
                          WIDTH="453"
                          VPOS="2016"
                          HPOS="759"
                          CONTENT="ifrågakomne"/>
                  <SP HEIGHT="207" WIDTH="30" VPOS="2016" HPOS="1211"/>
                  <String HEIGHT="207"
                          WIDTH="211"
                          VPOS="2016"
                          HPOS="1121"
                          CONTENT="ägg"/>
                  <SP HEIGHT="207" WIDTH="30" VPOS="2016" HPOS="1332"/>
                  <String HEIGHT="207"
                          WIDTH="181"
                          VPOS="2016"
                          HPOS="1241"
                          CONTENT="ur"/>
                  <SP HEIGHT="207" WIDTH="30" VPOS="2016" HPOS="1423"/>
                  <String HEIGHT="207"
                          WIDTH="181"
                          VPOS="2016"
                          HPOS="1332"
                          CONTENT="en"/>
                  <SP HEIGHT="207" WIDTH="30" VPOS="2016" HPOS="1513"/>
                  <String HEIGHT="207"
                          WIDTH="392"
                          VPOS="2016"
                          HPOS="1423"
                          CONTENT="Andersson"/>
                  <SP HEIGHT="207" WIDTH="30" VPOS="2016" HPOS="1815"/>
                  <String HEIGHT="207"
                          WIDTH="392"
                          VPOS="2016"
                          HPOS="1724"
                          CONTENT="tillhörig"/>
                  <SP HEIGHT="207" WIDTH="30" VPOS="2016" HPOS="2116"/>
                  <String HEIGHT="207"
                          WIDTH="302"
                          VPOS="2016"
                          HPOS="2026"
                          CONTENT="kista;"/>
                  <SP HEIGHT="207" WIDTH="30" VPOS="2016" HPOS="2328"/>
                  <String HEIGHT="207"
                          WIDTH="181"
                          VPOS="2016"
                          HPOS="2207"
                          CONTENT="samt"/>
               </TextLine>
               <TextLine ID="r2l19"
                         BASELINE="488,2288 582,2281 677,2274 772,2268 867,2264 962,2258 1057,2254 1152,2250 1247,2247 1342,2244 1437,2240 1531,2238 1626,2236 1721,2233 1816,2232 1911,2229 2006,2226 2101,2224 2196,2222 2291,2219 2386,2216"
                         HEIGHT="185"
                         WIDTH="1926"
                         VPOS="2139"
                         HPOS="475">
                  <String HEIGHT="185"
                          WIDTH="217"
                          VPOS="2139"
                          HPOS="444"
                          CONTENT="att"/>
                  <SP HEIGHT="185" WIDTH="31" VPOS="2139" HPOS="661"/>
                  <String HEIGHT="185"
                          WIDTH="217"
                          VPOS="2139"
                          HPOS="568"
                          CONTENT="han"/>
                  <SP HEIGHT="185" WIDTH="31" VPOS="2139" HPOS="786"/>
                  <String HEIGHT="185" WIDTH="155" VPOS="2139" HPOS="692" CONTENT="å"/>
                  <SP HEIGHT="185" WIDTH="31" VPOS="2139" HPOS="848"/>
                  <String HEIGHT="185"
                          WIDTH="466"
                          VPOS="2139"
                          HPOS="755"
                          CONTENT="Kungstorget"/>
                  <SP HEIGHT="185" WIDTH="31" VPOS="2139" HPOS="1221"/>
                  <String HEIGHT="185"
                          WIDTH="249"
                          VPOS="2139"
                          HPOS="1127"
                          CONTENT="från"/>
                  <SP HEIGHT="185" WIDTH="31" VPOS="2139" HPOS="1376"/>
                  <String HEIGHT="185"
                          WIDTH="217"
                          VPOS="2139"
                          HPOS="1283"
                          CONTENT="der"/>
                  <SP HEIGHT="185" WIDTH="31" VPOS="2139" HPOS="1500"/>
                  <String HEIGHT="185"
                          WIDTH="342"
                          VPOS="2139"
                          HPOS="1407"
                          CONTENT="stående"/>
                  <SP HEIGHT="185" WIDTH="31" VPOS="2139" HPOS="1749"/>
                  <String HEIGHT="185"
                          WIDTH="280"
                          VPOS="2139"
                          HPOS="1655"
                          CONTENT="åkdon"/>
                  <SP HEIGHT="185" WIDTH="31" VPOS="2139" HPOS="1935"/>
                  <String HEIGHT="185"
                          WIDTH="217"
                          VPOS="2139"
                          HPOS="1842"
                          CONTENT="och"/>
                  <SP HEIGHT="185" WIDTH="31" VPOS="2139" HPOS="2059"/>
                  <String HEIGHT="185"
                          WIDTH="466"
                          VPOS="2139"
                          HPOS="1935"
                          CONTENT="försäljnings¬"
                          SUBS_TYPE="HypPart1"
                          SUBS_CONTENT="försäljningsbord"/>
                  <HYP CONTENT="-"/>
               </TextLine>
               <TextLine ID="r2l20"
                         BASELINE="480,2400 576,2394 672,2387 768,2381 864,2375 960,2372 1056,2366 1152,2362 1248,2358 1344,2354 1441,2352 1537,2348 1633,2346 1729,2344 1825,2342 1921,2340 2017,2338 2113,2337 2209,2336 2305,2335 2402,2334"
                         HEIGHT="166"
                         WIDTH="1948"
                         VPOS="2253"
                         HPOS="465">
                  <String HEIGHT="166"
                          WIDTH="226"
                          VPOS="2253"
                          HPOS="437"
                          CONTENT="bord"
                          SUBS_TYPE="HypPart2"
                          SUBS_CONTENT="försäljningsbord"/>
                  <SP HEIGHT="166" WIDTH="28" VPOS="2253" HPOS="663"/>
                  <String HEIGHT="166"
                          WIDTH="395"
                          VPOS="2253"
                          HPOS="578"
                          CONTENT="tillgripit"/>
                  <SP HEIGHT="166" WIDTH="28" VPOS="2253" HPOS="973"/>
                  <String HEIGHT="166"
                          WIDTH="198"
                          VPOS="2253"
                          HPOS="888"
                          CONTENT="det"/>
                  <SP HEIGHT="166" WIDTH="28" VPOS="2253" HPOS="1086"/>
                  <String HEIGHT="166"
                          WIDTH="226"
                          VPOS="2253"
                          HPOS="1001"
                          CONTENT="kött"/>
                  <SP HEIGHT="166" WIDTH="28" VPOS="2253" HPOS="1227"/>
                  <String HEIGHT="166"
                          WIDTH="198"
                          VPOS="2253"
                          HPOS="1143"
                          CONTENT="och"/>
                  <SP HEIGHT="166" WIDTH="28" VPOS="2253" HPOS="1340"/>
                  <String HEIGHT="166"
                          WIDTH="282"
                          VPOS="2253"
                          HPOS="1255"
                          CONTENT="fläsk,"/>
                  <SP HEIGHT="166" WIDTH="28" VPOS="2253" HPOS="1538"/>
                  <String HEIGHT="166"
                          WIDTH="198"
                          VPOS="2253"
                          HPOS="1453"
                          CONTENT="som"/>
                  <SP HEIGHT="166" WIDTH="28" VPOS="2253" HPOS="1651"/>
                  <String HEIGHT="166"
                          WIDTH="198"
                          VPOS="2253"
                          HPOS="1566"
                          CONTENT="hon"/>
                  <SP HEIGHT="166" WIDTH="28" VPOS="2253" HPOS="1764"/>
                  <String HEIGHT="166"
                          WIDTH="198"
                          VPOS="2253"
                          HPOS="1679"
                          CONTENT="vid"/>
                  <SP HEIGHT="166" WIDTH="28" VPOS="2253" HPOS="1877"/>
                  <String HEIGHT="166"
                          WIDTH="423"
                          VPOS="2253"
                          HPOS="1792"
                          CONTENT="anhållandet"/>
                  <SP HEIGHT="166" WIDTH="28" VPOS="2253" HPOS="2215"/>
                  <String HEIGHT="166"
                          WIDTH="311"
                          VPOS="2253"
                          HPOS="2102"
                          CONTENT="innehade."/>
               </TextLine>
               <TextLine ID="r2l21"
                         BASELINE="602,2486 688,2484 775,2482 862,2480 949,2477 1036,2474 1122,2472 1209,2468 1296,2466 1383,2463 1470,2460 1556,2458 1643,2455 1730,2453 1817,2450 1904,2448 1990,2446 2077,2443 2164,2442 2251,2440 2338,2438"
                         HEIGHT="184"
                         WIDTH="1761"
                         VPOS="2349"
                         HPOS="588">
                  <String HEIGHT="184"
                          WIDTH="269"
                          VPOS="2349"
                          HPOS="558"
                          CONTENT="Någon"/>
                  <SP HEIGHT="184" WIDTH="30" VPOS="2349" HPOS="827"/>
                  <String HEIGHT="184"
                          WIDTH="269"
                          VPOS="2349"
                          HPOS="737"
                          CONTENT="egare"/>
                  <SP HEIGHT="184" WIDTH="30" VPOS="2349" HPOS="1006"/>
                  <String HEIGHT="184"
                          WIDTH="239"
                          VPOS="2349"
                          HPOS="916"
                          CONTENT="till"/>
                  <SP HEIGHT="184" WIDTH="30" VPOS="2349" HPOS="1155"/>
                  <String HEIGHT="184"
                          WIDTH="179"
                          VPOS="2349"
                          HPOS="1066"
                          CONTENT="de"/>
                  <SP HEIGHT="184" WIDTH="30" VPOS="2349" HPOS="1245"/>
                  <String HEIGHT="184"
                          WIDTH="179"
                          VPOS="2349"
                          HPOS="1155"
                          CONTENT="af"/>
                  <SP HEIGHT="184" WIDTH="30" VPOS="2349" HPOS="1334"/>
                  <String HEIGHT="184"
                          WIDTH="298"
                          VPOS="2349"
                          HPOS="1245"
                          CONTENT="hustru"/>
                  <SP HEIGHT="184" WIDTH="30" VPOS="2349" HPOS="1543"/>
                  <String HEIGHT="184"
                          WIDTH="388"
                          VPOS="2349"
                          HPOS="1454"
                          CONTENT="Johansson"/>
                  <SP HEIGHT="184" WIDTH="30" VPOS="2349" HPOS="1842"/>
                  <String HEIGHT="184"
                          WIDTH="388"
                          VPOS="2349"
                          HPOS="1752"
                          CONTENT="innehafda"/>
                  <SP HEIGHT="184" WIDTH="30" VPOS="2349" HPOS="2140"/>
                  <String HEIGHT="184"
                          WIDTH="269"
                          VPOS="2349"
                          HPOS="2051"
                          CONTENT="kött-"/>
                  <SP HEIGHT="184" WIDTH="30" VPOS="2349" HPOS="2319"/>
                  <String HEIGHT="184"
                          WIDTH="149"
                          VPOS="2349"
                          HPOS="2200"
                          CONTENT="och"/>
               </TextLine>
               <TextLine ID="r2l22"
                         BASELINE="500,2602 553,2601 606,2598 659,2596 713,2593 766,2590 819,2588 873,2586 926,2584 979,2582 1033,2580 1086,2577 1139,2576 1192,2573 1246,2572 1299,2570 1352,2568 1406,2568 1459,2566 1512,2566 1566,2566"
                         HEIGHT="217"
                         WIDTH="1094"
                         VPOS="2458"
                         HPOS="485">
                  <String HEIGHT="217"
                          WIDTH="547"
                          VPOS="2458"
                          HPOS="453"
                          CONTENT="fläskstycken,"/>
                  <SP HEIGHT="217" WIDTH="32" VPOS="2458" HPOS="1000"/>
                  <String HEIGHT="217"
                          WIDTH="225"
                          VPOS="2458"
                          HPOS="903"
                          CONTENT="har"/>
                  <SP HEIGHT="217" WIDTH="32" VPOS="2458" HPOS="1129"/>
                  <String HEIGHT="217"
                          WIDTH="257"
                          VPOS="2458"
                          HPOS="1032"
                          CONTENT="icke"/>
                  <SP HEIGHT="217" WIDTH="32" VPOS="2458" HPOS="1289"/>
                  <String HEIGHT="217"
                          WIDTH="322"
                          VPOS="2458"
                          HPOS="1193"
                          CONTENT="anmält"/>
                  <SP HEIGHT="217" WIDTH="32" VPOS="2458" HPOS="1515"/>
                  <String HEIGHT="217"
                          WIDTH="193"
                          VPOS="2458"
                          HPOS="1386"
                          CONTENT="sig."/>
               </TextLine>
               <TextLine ID="r2l23"
                         BASELINE="648,2712 733,2709 818,2706 903,2704 988,2700 1074,2698 1159,2696 1244,2692 1329,2689 1414,2686 1500,2684 1585,2680 1670,2678 1755,2675 1840,2672 1926,2670 2011,2667 2096,2664 2181,2661 2266,2658 2352,2656"
                         HEIGHT="203"
                         WIDTH="1730"
                         VPOS="2577"
                         HPOS="635">
                  <String HEIGHT="203"
                          WIDTH="189"
                          VPOS="2577"
                          HPOS="604"
                          CONTENT="På"/>
                  <SP HEIGHT="203" WIDTH="31" VPOS="2577" HPOS="792"/>
                  <String HEIGHT="203"
                          WIDTH="283"
                          VPOS="2577"
                          HPOS="698"
                          CONTENT="grund"/>
                  <SP HEIGHT="203" WIDTH="31" VPOS="2577" HPOS="981"/>
                  <String HEIGHT="203"
                          WIDTH="189"
                          VPOS="2577"
                          HPOS="887"
                          CONTENT="af"/>
                  <SP HEIGHT="203" WIDTH="31" VPOS="2577" HPOS="1075"/>
                  <String HEIGHT="203"
                          WIDTH="252"
                          VPOS="2577"
                          HPOS="981"
                          CONTENT="hvad"/>
                  <SP HEIGHT="203" WIDTH="31" VPOS="2577" HPOS="1233"/>
                  <String HEIGHT="203"
                          WIDTH="346"
                          VPOS="2577"
                          HPOS="1138"
                          CONTENT="sålunda"/>
                  <SP HEIGHT="203" WIDTH="31" VPOS="2577" HPOS="1484"/>
                  <String HEIGHT="203"
                          WIDTH="472"
                          VPOS="2577"
                          HPOS="1390"
                          CONTENT="förekommit,"/>
                  <SP HEIGHT="203" WIDTH="31" VPOS="2577" HPOS="1862"/>
                  <String HEIGHT="203"
                          WIDTH="189"
                          VPOS="2577"
                          HPOS="1767"
                          CONTENT="är"/>
                  <SP HEIGHT="203" WIDTH="31" VPOS="2577" HPOS="1956"/>
                  <String HEIGHT="203"
                          WIDTH="283"
                          VPOS="2577"
                          HPOS="1862"
                          CONTENT="Maria"/>
                  <SP HEIGHT="203" WIDTH="31" VPOS="2577" HPOS="2145"/>
                  <String HEIGHT="203"
                          WIDTH="346"
                          VPOS="2577"
                          HPOS="2019"
                          CONTENT="Johansson"/>
               </TextLine>
               <TextLine ID="line_1584707444011_545"
                         BASELINE="514,2838 762,2821 1010,2810 1206,2801 1535,2795 1702,2790 1920,2783 2201,2772 2357,2764"
                         HEIGHT="205"
                         WIDTH="1870"
                         VPOS="2683"
                         HPOS="499">
                  <String HEIGHT="205"
                          WIDTH="271"
                          VPOS="2683"
                          HPOS="472"
                          CONTENT="kallad"/>
                  <SP HEIGHT="205" WIDTH="27" VPOS="2683" HPOS="743"/>
                  <String HEIGHT="205"
                          WIDTH="217"
                          VPOS="2683"
                          HPOS="662"
                          CONTENT="till"/>
                  <SP HEIGHT="205" WIDTH="27" VPOS="2683" HPOS="878"/>
                  <String HEIGHT="205"
                          WIDTH="407"
                          VPOS="2683"
                          HPOS="797"
                          CONTENT="inställelse"/>
                  <SP HEIGHT="205" WIDTH="27" VPOS="2683" HPOS="1204"/>
                  <String HEIGHT="205"
                          WIDTH="244"
                          VPOS="2683"
                          HPOS="1122"
                          CONTENT="inför"/>
                  <SP HEIGHT="205" WIDTH="27" VPOS="2683" HPOS="1366"/>
                  <String HEIGHT="205"
                          WIDTH="190"
                          VPOS="2683"
                          HPOS="1285"
                          CONTENT="PKn"/>
                  <SP HEIGHT="205" WIDTH="27" VPOS="2683" HPOS="1475"/>
                  <String HEIGHT="205"
                          WIDTH="244"
                          VPOS="2683"
                          HPOS="1393"
                          CONTENT="denna"/>
                  <SP HEIGHT="205" WIDTH="27" VPOS="2683" HPOS="1637"/>
                  <String HEIGHT="205"
                          WIDTH="217"
                          VPOS="2683"
                          HPOS="1556"
                          CONTENT="dag."/>
                  <SP HEIGHT="205" WIDTH="27" VPOS="2683" HPOS="1773"/>
                  <String HEIGHT="205"
                          WIDTH="325"
                          VPOS="2683"
                          HPOS="1691"
                          CONTENT="Göteborg"/>
                  <SP HEIGHT="205" WIDTH="27" VPOS="2683" HPOS="2017"/>
                  <String HEIGHT="205"
                          WIDTH="163"
                          VPOS="2683"
                          HPOS="1935"
                          CONTENT="d."/>
                  <SP HEIGHT="205" WIDTH="27" VPOS="2683" HPOS="2098"/>
                  <String HEIGHT="205"
                          WIDTH="163"
                          VPOS="2683"
                          HPOS="2017"
                          CONTENT="31"/>
                  <SP HEIGHT="205" WIDTH="27" VPOS="2683" HPOS="2179"/>
                  <String HEIGHT="205"
                          WIDTH="190"
                          VPOS="2683"
                          HPOS="2098"
                          CONTENT="Maj"/>
                  <SP HEIGHT="205" WIDTH="27" VPOS="2683" HPOS="2288"/>
                  <String HEIGHT="205"
                          WIDTH="190"
                          VPOS="2683"
                          HPOS="2179"
                          CONTENT="1880."/>
               </TextLine>
            </TextBlock>
            <TextBlock ID="TextRegion_1584707345077_474"
                       HEIGHT="249"
                       WIDTH="370"
                       VPOS="2879"
                       HPOS="94">
               <Shape>
                  <Polygon POINTS="94,2879 464,2879 464,3128 94,3128"/>
               </Shape>
               <TextLine ID="r1l4"
                         BASELINE="124,2960 149,2957 174,2956 199,2954 225,2956 250,2956 275,2957 300,2958 326,2958 351,2958 376,2957 402,2954"
                         HEIGHT="133"
                         WIDTH="303"
                         VPOS="2849"
                         HPOS="112">
                  <String HEIGHT="133" WIDTH="260" VPOS="2849" HPOS="69" CONTENT="No"/>
                  <SP HEIGHT="133" WIDTH="43" VPOS="2849" HPOS="328"/>
                  <String HEIGHT="133"
                          WIDTH="260"
                          VPOS="2849"
                          HPOS="155"
                          CONTENT="125."/>
               </TextLine>
               <TextLine ID="r1l5"
                         BASELINE="94,3086 120,3084 146,3084 173,3084 199,3082 226,3082 252,3082 279,3082 305,3081 331,3080 358,3080 384,3080 411,3079 437,3078 464,3076"
                         HEIGHT="135"
                         WIDTH="397"
                         VPOS="3015"
                         HPOS="81">
                  <String HEIGHT="135"
                          WIDTH="304"
                          VPOS="3015"
                          HPOS="58"
                          CONTENT="Alexander"/>
                  <SP HEIGHT="135" WIDTH="23" VPOS="3015" HPOS="361"/>
                  <String HEIGHT="135"
                          WIDTH="210"
                          VPOS="3015"
                          HPOS="268"
                          CONTENT="Olsson."/>
               </TextLine>
            </TextBlock>
            <TextBlock ID="TextRegion_1584707419078_539"
                       HEIGHT="1010"
                       WIDTH="1938"
                       VPOS="2840"
                       HPOS="468">
               <Shape>
                  <Polygon POINTS="468,2885 2406,2840 2404,3850 470,3850"/>
               </Shape>
               <TextLine ID="r2l25"
                         BASELINE="556,2952 646,2947 737,2944 828,2940 918,2937 1009,2934 1100,2931 1190,2928 1281,2926 1372,2924 1463,2922 1553,2919 1644,2916 1735,2914 1825,2912 1916,2910 2007,2907 2097,2904 2188,2902 2279,2898 2370,2894"
                         HEIGHT="191"
                         WIDTH="1840"
                         VPOS="2814"
                         HPOS="543">
                  <String HEIGHT="191"
                          WIDTH="593"
                          VPOS="2814"
                          HPOS="512"
                          CONTENT="Poliskonstapeln"/>
                  <SP HEIGHT="191" WIDTH="31" VPOS="2814" HPOS="1104"/>
                  <String HEIGHT="191"
                          WIDTH="187"
                          VPOS="2814"
                          HPOS="1011"
                          CONTENT="No"/>
                  <SP HEIGHT="191" WIDTH="31" VPOS="2814" HPOS="1198"/>
                  <String HEIGHT="191"
                          WIDTH="187"
                          VPOS="2814"
                          HPOS="1104"
                          CONTENT="92"/>
                  <SP HEIGHT="191" WIDTH="31" VPOS="2814" HPOS="1291"/>
                  <String HEIGHT="191"
                          WIDTH="343"
                          VPOS="2814"
                          HPOS="1198"
                          CONTENT="Gadolin"/>
                  <SP HEIGHT="191" WIDTH="31" VPOS="2814" HPOS="1541"/>
                  <String HEIGHT="191"
                          WIDTH="218"
                          VPOS="2814"
                          HPOS="1447"
                          CONTENT="har"/>
                  <SP HEIGHT="191" WIDTH="31" VPOS="2814" HPOS="1666"/>
                  <String HEIGHT="191"
                          WIDTH="374"
                          VPOS="2814"
                          HPOS="1572"
                          CONTENT="Lördagen"/>
                  <SP HEIGHT="191" WIDTH="31" VPOS="2814" HPOS="1946"/>
                  <String HEIGHT="191"
                          WIDTH="218"
                          VPOS="2814"
                          HPOS="1853"
                          CONTENT="den"/>
                  <SP HEIGHT="191" WIDTH="31" VPOS="2814" HPOS="2071"/>
                  <String HEIGHT="191"
                          WIDTH="156"
                          VPOS="2814"
                          HPOS="1978"
                          CONTENT="5"/>
                  <SP HEIGHT="191" WIDTH="31" VPOS="2814" HPOS="2134"/>
                  <String HEIGHT="191"
                          WIDTH="312"
                          VPOS="2814"
                          HPOS="2040"
                          CONTENT="dennes"/>
                  <SP HEIGHT="191" WIDTH="31" VPOS="2814" HPOS="2352"/>
                  <String HEIGHT="191"
                          WIDTH="156"
                          VPOS="2814"
                          HPOS="2227"
                          CONTENT="vid"/>
               </TextLine>
               <TextLine ID="r2l26"
                         BASELINE="512,3074 603,3070 695,3067 787,3063 879,3060 971,3056 1062,3054 1154,3050 1246,3046 1338,3042 1430,3040 1521,3036 1613,3033 1705,3030 1797,3026 1889,3024 1980,3020 2072,3018 2164,3015 2256,3013 2348,3010"
                         HEIGHT="170"
                         WIDTH="1860"
                         VPOS="2942"
                         HPOS="497">
                  <String HEIGHT="170"
                          WIDTH="504"
                          VPOS="2942"
                          HPOS="465"
                          CONTENT="middagstiden"/>
                  <SP HEIGHT="170" WIDTH="32" VPOS="2942" HPOS="970"/>
                  <String HEIGHT="170"
                          WIDTH="378"
                          VPOS="2942"
                          HPOS="875"
                          CONTENT="anhållit"/>
                  <SP HEIGHT="170" WIDTH="32" VPOS="2942" HPOS="1254"/>
                  <String HEIGHT="170"
                          WIDTH="504"
                          VPOS="2942"
                          HPOS="1159"
                          CONTENT="Lumpsamlaren"/>
                  <SP HEIGHT="170" WIDTH="32" VPOS="2942" HPOS="1663"/>
                  <String HEIGHT="170"
                          WIDTH="410"
                          VPOS="2942"
                          HPOS="1569"
                          CONTENT="Alexander"/>
                  <SP HEIGHT="170" WIDTH="32" VPOS="2942" HPOS="1979"/>
                  <String HEIGHT="170"
                          WIDTH="347"
                          VPOS="2942"
                          HPOS="1884"
                          CONTENT="Olsson,"/>
                  <SP HEIGHT="170" WIDTH="32" VPOS="2942" HPOS="2231"/>
                  <String HEIGHT="170"
                          WIDTH="252"
                          VPOS="2942"
                          HPOS="2105"
                          CONTENT="boende"/>
               </TextLine>
               <TextLine ID="r2l27"
                         BASELINE="492,3192 586,3187 680,3184 774,3179 868,3176 962,3172 1056,3168 1150,3165 1244,3162 1338,3158 1432,3155 1526,3152 1620,3150 1714,3146 1808,3143 1902,3140 1996,3136 2090,3132 2184,3130 2278,3126 2372,3122"
                         HEIGHT="207"
                         WIDTH="1907"
                         VPOS="3041"
                         HPOS="478">
                  <String HEIGHT="207" WIDTH="154" VPOS="3041" HPOS="447" CONTENT="i"/>
                  <SP HEIGHT="207" WIDTH="31" VPOS="3041" HPOS="601"/>
                  <String HEIGHT="207"
                          WIDTH="277"
                          VPOS="3041"
                          HPOS="509"
                          CONTENT="huset"/>
                  <SP HEIGHT="207" WIDTH="31" VPOS="3041" HPOS="786"/>
                  <String HEIGHT="207"
                          WIDTH="185"
                          VPOS="3041"
                          HPOS="693"
                          CONTENT="No"/>
                  <SP HEIGHT="207" WIDTH="31" VPOS="3041" HPOS="878"/>
                  <String HEIGHT="207"
                          WIDTH="185"
                          VPOS="3041"
                          HPOS="786"
                          CONTENT="16"/>
                  <SP HEIGHT="207" WIDTH="31" VPOS="3041" HPOS="970"/>
                  <String HEIGHT="207"
                          WIDTH="246"
                          VPOS="3041"
                          HPOS="878"
                          CONTENT="Litt"/>
                  <SP HEIGHT="207" WIDTH="31" VPOS="3041" HPOS="1124"/>
                  <String HEIGHT="207"
                          WIDTH="185"
                          VPOS="3041"
                          HPOS="1032"
                          CONTENT="E."/>
                  <SP HEIGHT="207" WIDTH="31" VPOS="3041" HPOS="1216"/>
                  <String HEIGHT="207"
                          WIDTH="154"
                          VPOS="3041"
                          HPOS="1124"
                          CONTENT="i"/>
                  <SP HEIGHT="207" WIDTH="31" VPOS="3041" HPOS="1278"/>
                  <String HEIGHT="207"
                          WIDTH="369"
                          VPOS="3041"
                          HPOS="1185"
                          CONTENT="Majornas"/>
                  <SP HEIGHT="207" WIDTH="31" VPOS="3041" HPOS="1555"/>
                  <String HEIGHT="207"
                          WIDTH="308"
                          VPOS="3041"
                          HPOS="1462"
                          CONTENT="Förste"/>
                  <SP HEIGHT="207" WIDTH="31" VPOS="3041" HPOS="1770"/>
                  <String HEIGHT="207"
                          WIDTH="277"
                          VPOS="3041"
                          HPOS="1678"
                          CONTENT="rote,"/>
                  <SP HEIGHT="207" WIDTH="31" VPOS="3041" HPOS="1954"/>
                  <String HEIGHT="207"
                          WIDTH="215"
                          VPOS="3041"
                          HPOS="1862"
                          CONTENT="för"/>
                  <SP HEIGHT="207" WIDTH="31" VPOS="3041" HPOS="2077"/>
                  <String HEIGHT="207"
                          WIDTH="215"
                          VPOS="3041"
                          HPOS="1985"
                          CONTENT="det"/>
                  <SP HEIGHT="207" WIDTH="31" VPOS="3041" HPOS="2200"/>
                  <String HEIGHT="207"
                          WIDTH="215"
                          VPOS="3041"
                          HPOS="2108"
                          CONTENT="han"/>
                  <SP HEIGHT="207" WIDTH="31" VPOS="3041" HPOS="2323"/>
                  <String HEIGHT="207"
                          WIDTH="185"
                          VPOS="3041"
                          HPOS="2200"
                          CONTENT="kort"/>
               </TextLine>
               <TextLine ID="r2l28"
                         BASELINE="500,3292 593,3288 687,3285 781,3282 875,3278 969,3276 1063,3273 1157,3270 1251,3268 1345,3266 1439,3264 1532,3262 1626,3261 1720,3260 1814,3258 1908,3257 2002,3256 2096,3254 2190,3254 2284,3252 2378,3252"
                         HEIGHT="163"
                         WIDTH="1901"
                         VPOS="3173"
                         HPOS="487">
                  <String HEIGHT="163"
                          WIDTH="263"
                          VPOS="3173"
                          HPOS="458"
                          CONTENT="förut"/>
                  <SP HEIGHT="163" WIDTH="29" VPOS="3173" HPOS="721"/>
                  <String HEIGHT="163"
                          WIDTH="234"
                          VPOS="3173"
                          HPOS="633"
                          CONTENT="från"/>
                  <SP HEIGHT="163" WIDTH="29" VPOS="3173" HPOS="867"/>
                  <String HEIGHT="163"
                          WIDTH="205"
                          VPOS="3173"
                          HPOS="779"
                          CONTENT="ett"/>
                  <SP HEIGHT="163" WIDTH="29" VPOS="3173" HPOS="984"/>
                  <String HEIGHT="163"
                          WIDTH="292"
                          VPOS="3173"
                          HPOS="896"
                          CONTENT="staket"/>
                  <SP HEIGHT="163" WIDTH="29" VPOS="3173" HPOS="1189"/>
                  <String HEIGHT="163"
                          WIDTH="263"
                          VPOS="3173"
                          HPOS="1101"
                          CONTENT="invid"/>
                  <SP HEIGHT="163" WIDTH="29" VPOS="3173" HPOS="1364"/>
                  <String HEIGHT="163"
                          WIDTH="380"
                          VPOS="3173"
                          HPOS="1277"
                          CONTENT="Skolhuset"/>
                  <SP HEIGHT="163" WIDTH="29" VPOS="3173" HPOS="1657"/>
                  <String HEIGHT="163"
                          WIDTH="146"
                          VPOS="3173"
                          HPOS="1569"
                          CONTENT="å"/>
                  <SP HEIGHT="163" WIDTH="29" VPOS="3173" HPOS="1715"/>
                  <String HEIGHT="163"
                          WIDTH="380"
                          VPOS="3173"
                          HPOS="1628"
                          CONTENT="Hagaheden"/>
                  <SP HEIGHT="163" WIDTH="29" VPOS="3173" HPOS="2008"/>
                  <String HEIGHT="163"
                          WIDTH="380"
                          VPOS="3173"
                          HPOS="1920"
                          CONTENT="olofligen"/>
                  <SP HEIGHT="163" WIDTH="29" VPOS="3173" HPOS="2300"/>
                  <String HEIGHT="163"
                          WIDTH="205"
                          VPOS="3173"
                          HPOS="2183"
                          CONTENT="till¬"
                          SUBS_TYPE="HypPart1"
                          SUBS_CONTENT="tillgripit"/>
                  <HYP CONTENT="-"/>
               </TextLine>
               <TextLine ID="r2l29"
                         BASELINE="476,3406 570,3402 665,3400 759,3396 854,3393 949,3390 1043,3388 1138,3384 1232,3382 1327,3379 1422,3376 1516,3374 1611,3372 1705,3370 1800,3368 1895,3366 1989,3366 2084,3364 2178,3362 2273,3362 2368,3362"
                         HEIGHT="216"
                         WIDTH="1918"
                         VPOS="3262"
                         HPOS="462">
                  <String HEIGHT="216"
                          WIDTH="309"
                          VPOS="3262"
                          HPOS="431"
                          CONTENT="gripit"
                          SUBS_TYPE="HypPart2"
                          SUBS_CONTENT="tillgripit"/>
                  <SP HEIGHT="216" WIDTH="31" VPOS="3262" HPOS="740"/>
                  <String HEIGHT="216"
                          WIDTH="402"
                          VPOS="3262"
                          HPOS="648"
                          CONTENT="derstädes"/>
                  <SP HEIGHT="216" WIDTH="31" VPOS="3262" HPOS="1050"/>
                  <String HEIGHT="216"
                          WIDTH="402"
                          VPOS="3262"
                          HPOS="957"
                          CONTENT="upphängde"/>
                  <SP HEIGHT="216" WIDTH="31" VPOS="3262" HPOS="1359"/>
                  <String HEIGHT="216"
                          WIDTH="217"
                          VPOS="3262"
                          HPOS="1266"
                          CONTENT="ett"/>
                  <SP HEIGHT="216" WIDTH="31" VPOS="3262" HPOS="1483"/>
                  <String HEIGHT="216"
                          WIDTH="464"
                          VPOS="3262"
                          HPOS="1390"
                          CONTENT="lärftslakan"/>
                  <SP HEIGHT="216" WIDTH="31" VPOS="3262" HPOS="1854"/>
                  <String HEIGHT="216"
                          WIDTH="217"
                          VPOS="3262"
                          HPOS="1761"
                          CONTENT="och"/>
                  <SP HEIGHT="216" WIDTH="31" VPOS="3262" HPOS="1978"/>
                  <String HEIGHT="216"
                          WIDTH="217"
                          VPOS="3262"
                          HPOS="1885"
                          CONTENT="två"/>
                  <SP HEIGHT="216" WIDTH="31" VPOS="3262" HPOS="2102"/>
                  <String HEIGHT="216"
                          WIDTH="402"
                          VPOS="3262"
                          HPOS="1978"
                          CONTENT="barnmantlar"/>
               </TextLine>
               <TextLine ID="r2l30"
                         BASELINE="476,3520 571,3518 666,3514 761,3512 856,3508 951,3504 1046,3501 1141,3498 1236,3494 1331,3490 1426,3486 1521,3483 1616,3480 1711,3476 1806,3472 1901,3470 1996,3468 2091,3466 2186,3466 2281,3464 2376,3464"
                         HEIGHT="194"
                         WIDTH="1926"
                         VPOS="3376"
                         HPOS="461">
                  <String HEIGHT="194"
                          WIDTH="474"
                          VPOS="3376"
                          HPOS="429"
                          CONTENT="tillsammans"/>
                  <SP HEIGHT="194" WIDTH="32" VPOS="3376" HPOS="903"/>
                  <String HEIGHT="194"
                          WIDTH="284"
                          VPOS="3376"
                          HPOS="808"
                          CONTENT="värde"/>
                  <SP HEIGHT="194" WIDTH="32" VPOS="3376" HPOS="1092"/>
                  <String HEIGHT="194"
                          WIDTH="189"
                          VPOS="3376"
                          HPOS="998"
                          CONTENT="En"/>
                  <SP HEIGHT="194" WIDTH="32" VPOS="3376" HPOS="1187"/>
                  <String HEIGHT="194"
                          WIDTH="284"
                          VPOS="3376"
                          HPOS="1092"
                          CONTENT="Krona"/>
                  <SP HEIGHT="194" WIDTH="32" VPOS="3376" HPOS="1377"/>
                  <String HEIGHT="194"
                          WIDTH="189"
                          VPOS="3376"
                          HPOS="1282"
                          CONTENT="50"/>
                  <SP HEIGHT="194" WIDTH="32" VPOS="3376" HPOS="1471"/>
                  <String HEIGHT="194"
                          WIDTH="221"
                          VPOS="3376"
                          HPOS="1377"
                          CONTENT="öre"/>
                  <SP HEIGHT="194" WIDTH="32" VPOS="3376" HPOS="1598"/>
                  <String HEIGHT="194"
                          WIDTH="221"
                          VPOS="3376"
                          HPOS="1503"
                          CONTENT="och"/>
                  <SP HEIGHT="194" WIDTH="32" VPOS="3376" HPOS="1724"/>
                  <String HEIGHT="194"
                          WIDTH="442"
                          VPOS="3376"
                          HPOS="1629"
                          CONTENT="tillhörige"/>
                  <SP HEIGHT="194" WIDTH="32" VPOS="3376" HPOS="2071"/>
                  <String HEIGHT="194"
                          WIDTH="442"
                          VPOS="3376"
                          HPOS="1945"
                          CONTENT="Timmermannen"/>
               </TextLine>
               <TextLine ID="r2l31"
                         BASELINE="482,3632 571,3630 661,3628 750,3625 840,3622 930,3619 1019,3616 1109,3612 1198,3610 1288,3606 1378,3603 1467,3600 1557,3597 1646,3594 1736,3592 1826,3590 1915,3588 2005,3586 2094,3584 2184,3584 2274,3582"
                         HEIGHT="177"
                         WIDTH="1820"
                         VPOS="3523"
                         HPOS="467">
                  <String HEIGHT="177"
                          WIDTH="308"
                          VPOS="3523"
                          HPOS="436"
                          CONTENT="Alfred"/>
                  <SP HEIGHT="177" WIDTH="31" VPOS="3523" HPOS="745"/>
                  <String HEIGHT="177"
                          WIDTH="432"
                          VPOS="3523"
                          HPOS="652"
                          CONTENT="Andersson,"/>
                  <SP HEIGHT="177" WIDTH="31" VPOS="3523" HPOS="1084"/>
                  <String HEIGHT="177"
                          WIDTH="308"
                          VPOS="3523"
                          HPOS="991"
                          CONTENT="boende"/>
                  <SP HEIGHT="177" WIDTH="31" VPOS="3523" HPOS="1300"/>
                  <String HEIGHT="177"
                          WIDTH="154"
                          VPOS="3523"
                          HPOS="1207"
                          CONTENT="i"/>
                  <SP HEIGHT="177" WIDTH="31" VPOS="3523" HPOS="1362"/>
                  <String HEIGHT="177"
                          WIDTH="278"
                          VPOS="3523"
                          HPOS="1269"
                          CONTENT="huset"/>
                  <SP HEIGHT="177" WIDTH="31" VPOS="3523" HPOS="1547"/>
                  <String HEIGHT="177"
                          WIDTH="185"
                          VPOS="3523"
                          HPOS="1454"
                          CONTENT="No"/>
                  <SP HEIGHT="177" WIDTH="31" VPOS="3523" HPOS="1639"/>
                  <String HEIGHT="177"
                          WIDTH="216"
                          VPOS="3523"
                          HPOS="1547"
                          CONTENT="101"/>
                  <SP HEIGHT="177" WIDTH="31" VPOS="3523" HPOS="1763"/>
                  <String HEIGHT="177"
                          WIDTH="247"
                          VPOS="3523"
                          HPOS="1670"
                          CONTENT="Litt"/>
                  <SP HEIGHT="177" WIDTH="31" VPOS="3523" HPOS="1917"/>
                  <String HEIGHT="177"
                          WIDTH="154"
                          VPOS="3523"
                          HPOS="1824"
                          CONTENT="B"/>
                  <SP HEIGHT="177" WIDTH="31" VPOS="3523" HPOS="1979"/>
                  <String HEIGHT="177"
                          WIDTH="154"
                          VPOS="3523"
                          HPOS="1886"
                          CONTENT="å"/>
                  <SP HEIGHT="177" WIDTH="31" VPOS="3523" HPOS="2040"/>
                  <String HEIGHT="177"
                          WIDTH="370"
                          VPOS="3523"
                          HPOS="1917"
                          CONTENT="Hagaheden."/>
               </TextLine>
               <TextLine ID="r2l32"
                         BASELINE="636,3724 722,3722 808,3719 894,3718 980,3716 1066,3714 1152,3712 1238,3710 1324,3710 1410,3708 1496,3706 1582,3704 1668,3702 1754,3702 1840,3700 1926,3698 2012,3696 2098,3693 2184,3691 2270,3688 2356,3686"
                         HEIGHT="191"
                         WIDTH="1748"
                         VPOS="3611"
                         HPOS="621">
                  <String HEIGHT="191"
                          WIDTH="370"
                          VPOS="3611"
                          HPOS="587"
                          CONTENT="Olsson,"/>
                  <SP HEIGHT="191" WIDTH="34" VPOS="3611" HPOS="957"/>
                  <String HEIGHT="191"
                          WIDTH="370"
                          VPOS="3611"
                          HPOS="856"
                          CONTENT="hvilken"/>
                  <SP HEIGHT="191" WIDTH="34" VPOS="3611" HPOS="1226"/>
                  <String HEIGHT="191"
                          WIDTH="235"
                          VPOS="3611"
                          HPOS="1125"
                          CONTENT="vid"/>
                  <SP HEIGHT="191" WIDTH="34" VPOS="3611" HPOS="1361"/>
                  <String HEIGHT="191"
                          WIDTH="504"
                          VPOS="3611"
                          HPOS="1260"
                          CONTENT="anhållandet"/>
                  <SP HEIGHT="191" WIDTH="34" VPOS="3611" HPOS="1764"/>
                  <String HEIGHT="191"
                          WIDTH="303"
                          VPOS="3611"
                          HPOS="1663"
                          CONTENT="bland"/>
                  <SP HEIGHT="191" WIDTH="34" VPOS="3611" HPOS="1966"/>
                  <String HEIGHT="191"
                          WIDTH="303"
                          VPOS="3611"
                          HPOS="1865"
                          CONTENT="annat"/>
                  <SP HEIGHT="191" WIDTH="34" VPOS="3611" HPOS="2167"/>
                  <String HEIGHT="191"
                          WIDTH="336"
                          VPOS="3611"
                          HPOS="2033"
                          CONTENT="innehade"/>
               </TextLine>
               <TextLine ID="r2l33"
                         BASELINE="514,3826 607,3822 700,3820 794,3818 887,3816 981,3814 1074,3814 1167,3812 1261,3812 1354,3810 1448,3810 1541,3808 1634,3808 1728,3806 1821,3805 1915,3804 2008,3801 2101,3798 2195,3796 2288,3792 2382,3788"
                         HEIGHT="160"
                         WIDTH="1893"
                         VPOS="3714"
                         HPOS="502">
                  <String HEIGHT="160"
                          WIDTH="180"
                          VPOS="3714"
                          HPOS="472"
                          CONTENT="de"/>
                  <SP HEIGHT="160" WIDTH="30" VPOS="3714" HPOS="652"/>
                  <String HEIGHT="160"
                          WIDTH="240"
                          VPOS="3714"
                          HPOS="562"
                          CONTENT="från"/>
                  <SP HEIGHT="160" WIDTH="30" VPOS="3714" HPOS="802"/>
                  <String HEIGHT="160"
                          WIDTH="391"
                          VPOS="3714"
                          HPOS="712"
                          CONTENT="Andersson"/>
                  <SP HEIGHT="160" WIDTH="30" VPOS="3714" HPOS="1103"/>
                  <String HEIGHT="160"
                          WIDTH="421"
                          VPOS="3714"
                          HPOS="1013"
                          CONTENT="tillgripne"/>
                  <SP HEIGHT="160" WIDTH="30" VPOS="3714" HPOS="1433"/>
                  <String HEIGHT="160"
                          WIDTH="481"
                          VPOS="3714"
                          HPOS="1343"
                          CONTENT="persedlarne,"/>
                  <SP HEIGHT="160" WIDTH="30" VPOS="3714" HPOS="1824"/>
                  <String HEIGHT="160"
                          WIDTH="210"
                          VPOS="3714"
                          HPOS="1734"
                          CONTENT="har"/>
                  <SP HEIGHT="160" WIDTH="30" VPOS="3714" HPOS="1944"/>
                  <String HEIGHT="160"
                          WIDTH="210"
                          VPOS="3714"
                          HPOS="1854"
                          CONTENT="vid"/>
                  <SP HEIGHT="160" WIDTH="30" VPOS="3714" HPOS="2064"/>
                  <String HEIGHT="160"
                          WIDTH="210"
                          VPOS="3714"
                          HPOS="1974"
                          CONTENT="det"/>
                  <SP HEIGHT="160" WIDTH="30" VPOS="3714" HPOS="2185"/>
                  <String HEIGHT="160"
                          WIDTH="210"
                          VPOS="3714"
                          HPOS="2095"
                          CONTENT="med"/>
                  <SP HEIGHT="160" WIDTH="30" VPOS="3714" HPOS="2305"/>
                  <String HEIGHT="160"
                          WIDTH="210"
                          VPOS="3714"
                          HPOS="2185"
                          CONTENT="honom"/>
               </TextLine>
            </TextBlock>
            <TextBlock ID="TextRegion_1584707475606_586"
                       HEIGHT="909"
                       WIDTH="1943"
                       VPOS="258"
                       HPOS="2585">
               <Shape>
                  <Polygon POINTS="2588,258 4528,258 4524,1122 2585,1167"/>
               </Shape>
               <TextLine ID="r3l1"
                         BASELINE="2610,330 2704,328 2798,324 2892,322 2987,320 3081,318 3175,316 3270,314 3364,314 3458,312 3553,312 3647,312 3741,312 3835,312 3930,312 4024,314 4118,314 4213,316 4307,317 4401,319 4496,320"
                         HEIGHT="182"
                         WIDTH="1910"
                         VPOS="195"
                         HPOS="2597">
                  <String HEIGHT="182"
                          WIDTH="388"
                          VPOS="195"
                          HPOS="2567"
                          CONTENT="anställde"/>
                  <SP HEIGHT="182" WIDTH="30" VPOS="195" HPOS="2955"/>
                  <String HEIGHT="182"
                          WIDTH="298"
                          VPOS="195"
                          HPOS="2866"
                          CONTENT="förhör"/>
                  <SP HEIGHT="182" WIDTH="30" VPOS="195" HPOS="3164"/>
                  <String HEIGHT="182"
                          WIDTH="418"
                          VPOS="195"
                          HPOS="3075"
                          CONTENT="uppgifvit,"/>
                  <SP HEIGHT="182" WIDTH="30" VPOS="195" HPOS="3492"/>
                  <String HEIGHT="182"
                          WIDTH="209"
                          VPOS="195"
                          HPOS="3403"
                          CONTENT="att"/>
                  <SP HEIGHT="182" WIDTH="30" VPOS="195" HPOS="3612"/>
                  <String HEIGHT="182"
                          WIDTH="209"
                          VPOS="195"
                          HPOS="3522"
                          CONTENT="han"/>
                  <SP HEIGHT="182" WIDTH="30" VPOS="195" HPOS="3731"/>
                  <String HEIGHT="182"
                          WIDTH="448"
                          VPOS="195"
                          HPOS="3642"
                          CONTENT="ifrågakomne"/>
                  <SP HEIGHT="182" WIDTH="30" VPOS="195" HPOS="4089"/>
                  <String HEIGHT="182"
                          WIDTH="239"
                          VPOS="195"
                          HPOS="4000"
                          CONTENT="dag,"/>
                  <SP HEIGHT="182" WIDTH="30" VPOS="195" HPOS="4238"/>
                  <String HEIGHT="182"
                          WIDTH="179"
                          VPOS="195"
                          HPOS="4149"
                          CONTENT="då"/>
                  <SP HEIGHT="182" WIDTH="30" VPOS="195" HPOS="4328"/>
                  <String HEIGHT="182"
                          WIDTH="209"
                          VPOS="195"
                          HPOS="4238"
                          CONTENT="han"/>
                  <SP HEIGHT="182" WIDTH="30" VPOS="195" HPOS="4447"/>
                  <String HEIGHT="182"
                          WIDTH="179"
                          VPOS="195"
                          HPOS="4328"
                          CONTENT="gått"/>
               </TextLine>
               <TextLine ID="r3l2"
                         BASELINE="2588,450 2685,444 2782,440 2879,436 2976,434 3073,432 3170,430 3267,428 3364,428 3461,428 3558,428 3655,429 3752,430 3849,430 3946,432 4043,432 4140,432 4237,432 4334,432 4431,432 4528,432"
                         HEIGHT="145"
                         WIDTH="1963"
                         VPOS="358"
                         HPOS="2576">
                  <String HEIGHT="145"
                          WIDTH="276"
                          VPOS="358"
                          HPOS="2545"
                          CONTENT="förbi"/>
                  <SP HEIGHT="145" WIDTH="31" VPOS="358" HPOS="2821"/>
                  <String HEIGHT="145"
                          WIDTH="399"
                          VPOS="358"
                          HPOS="2729"
                          CONTENT="Skolhuset"/>
                  <SP HEIGHT="145" WIDTH="31" VPOS="358" HPOS="3128"/>
                  <String HEIGHT="145" WIDTH="153" VPOS="358" HPOS="3036" CONTENT="å"/>
                  <SP HEIGHT="145" WIDTH="31" VPOS="358" HPOS="3189"/>
                  <String HEIGHT="145"
                          WIDTH="429"
                          VPOS="358"
                          HPOS="3097"
                          CONTENT="Hagaheden,"/>
                  <SP HEIGHT="145" WIDTH="31" VPOS="358" HPOS="3527"/>
                  <String HEIGHT="145"
                          WIDTH="491"
                          VPOS="358"
                          HPOS="3435"
                          CONTENT="varseblifvit"/>
                  <SP HEIGHT="145" WIDTH="31" VPOS="358" HPOS="3926"/>
                  <String HEIGHT="145"
                          WIDTH="337"
                          VPOS="358"
                          HPOS="3834"
                          CONTENT="lakanet"/>
                  <SP HEIGHT="145" WIDTH="31" VPOS="358" HPOS="4171"/>
                  <String HEIGHT="145"
                          WIDTH="215"
                          VPOS="358"
                          HPOS="4079"
                          CONTENT="och"/>
                  <SP HEIGHT="145" WIDTH="31" VPOS="358" HPOS="4294"/>
                  <String HEIGHT="145"
                          WIDTH="368"
                          VPOS="358"
                          HPOS="4171"
                          CONTENT="mantlarne,"/>
               </TextLine>
               <TextLine ID="r3l3"
                         BASELINE="2608,560 2702,555 2796,551 2891,548 2985,544 3080,542 3174,540 3268,540 3363,538 3457,538 3552,536 3646,536 3740,536 3835,536 3929,536 4024,536 4118,536 4212,535 4307,534 4401,534 4496,532"
                         HEIGHT="126"
                         WIDTH="1915"
                         VPOS="487"
                         HPOS="2594">
                  <String HEIGHT="126"
                          WIDTH="354"
                          VPOS="487"
                          HPOS="2565"
                          CONTENT="liggande"/>
                  <SP HEIGHT="126" WIDTH="29" VPOS="487" HPOS="2918"/>
                  <String HEIGHT="126" WIDTH="147" VPOS="487" HPOS="2830" CONTENT="å"/>
                  <SP HEIGHT="126" WIDTH="29" VPOS="487" HPOS="2977"/>
                  <String HEIGHT="126"
                          WIDTH="324"
                          VPOS="487"
                          HPOS="2889"
                          CONTENT="marken;"/>
                  <SP HEIGHT="126" WIDTH="29" VPOS="487" HPOS="3213"/>
                  <String HEIGHT="126"
                          WIDTH="206"
                          VPOS="487"
                          HPOS="3124"
                          CONTENT="att"/>
                  <SP HEIGHT="126" WIDTH="29" VPOS="487" HPOS="3331"/>
                  <String HEIGHT="126"
                          WIDTH="206"
                          VPOS="487"
                          HPOS="3242"
                          CONTENT="han"/>
                  <SP HEIGHT="126" WIDTH="29" VPOS="487" HPOS="3448"/>
                  <String HEIGHT="126"
                          WIDTH="354"
                          VPOS="487"
                          HPOS="3360"
                          CONTENT="derifrån"/>
                  <SP HEIGHT="126" WIDTH="29" VPOS="487" HPOS="3714"/>
                  <String HEIGHT="126"
                          WIDTH="354"
                          VPOS="487"
                          HPOS="3625"
                          CONTENT="upptagit"/>
                  <SP HEIGHT="126" WIDTH="29" VPOS="487" HPOS="3979"/>
                  <String HEIGHT="126"
                          WIDTH="206"
                          VPOS="487"
                          HPOS="3890"
                          CONTENT="och"/>
                  <SP HEIGHT="126" WIDTH="29" VPOS="487" HPOS="4097"/>
                  <String HEIGHT="126"
                          WIDTH="324"
                          VPOS="487"
                          HPOS="4008"
                          CONTENT="stoppat"/>
                  <SP HEIGHT="126" WIDTH="29" VPOS="487" HPOS="4332"/>
                  <String HEIGHT="126"
                          WIDTH="206"
                          VPOS="487"
                          HPOS="4244"
                          CONTENT="dem"/>
                  <SP HEIGHT="126" WIDTH="29" VPOS="487" HPOS="4450"/>
                  <String HEIGHT="126" WIDTH="147" VPOS="487" HPOS="4362" CONTENT="i"/>
                  <SP HEIGHT="126" WIDTH="29" VPOS="487" HPOS="4509"/>
                  <String HEIGHT="126"
                          WIDTH="118"
                          VPOS="487"
                          HPOS="4391"
                          CONTENT="en"/>
               </TextLine>
               <TextLine ID="r3l4"
                         BASELINE="2610,676 2689,673 2769,668 2848,666 2928,662 3008,659 3087,657 3167,654 3246,653 3326,652 3406,650 3485,649 3565,648 3644,648 3724,646 3804,646 3883,646 3963,646 4042,646 4122,646 4202,646"
                         HEIGHT="170"
                         WIDTH="1617"
                         VPOS="559"
                         HPOS="2598">
                  <String HEIGHT="170"
                          WIDTH="329"
                          VPOS="559"
                          HPOS="2568"
                          CONTENT="medförd"/>
                  <SP HEIGHT="170" WIDTH="30" VPOS="559" HPOS="2897"/>
                  <String HEIGHT="170"
                          WIDTH="389"
                          VPOS="559"
                          HPOS="2808"
                          CONTENT="lumpsäck,"/>
                  <SP HEIGHT="170" WIDTH="30" VPOS="559" HPOS="3197"/>
                  <String HEIGHT="170" WIDTH="150" VPOS="559" HPOS="3107" CONTENT="i"/>
                  <SP HEIGHT="170" WIDTH="30" VPOS="559" HPOS="3257"/>
                  <String HEIGHT="170"
                          WIDTH="299"
                          VPOS="559"
                          HPOS="3167"
                          CONTENT="afsigt"/>
                  <SP HEIGHT="170" WIDTH="30" VPOS="559" HPOS="3466"/>
                  <String HEIGHT="170"
                          WIDTH="210"
                          VPOS="559"
                          HPOS="3377"
                          CONTENT="att"/>
                  <SP HEIGHT="170" WIDTH="30" VPOS="559" HPOS="3586"/>
                  <String HEIGHT="170"
                          WIDTH="389"
                          VPOS="559"
                          HPOS="3496"
                          CONTENT="sedermera"/>
                  <SP HEIGHT="170" WIDTH="30" VPOS="559" HPOS="3886"/>
                  <String HEIGHT="170"
                          WIDTH="359"
                          VPOS="559"
                          HPOS="3796"
                          CONTENT="försälja"/>
                  <SP HEIGHT="170" WIDTH="30" VPOS="559" HPOS="4155"/>
                  <String HEIGHT="170"
                          WIDTH="180"
                          VPOS="559"
                          HPOS="4035"
                          CONTENT="dem."/>
               </TextLine>
               <TextLine ID="r3l5"
                         BASELINE="2764,782 2837,778 2911,776 2984,774 3058,772 3131,770 3205,768 3278,768 3352,766 3425,766 3499,764 3572,764 3646,762 3719,762 3793,760 3866,758 3940,757 4013,754 4087,752 4160,748 4234,744"
                         HEIGHT="159"
                         WIDTH="1497"
                         VPOS="668"
                         HPOS="2749">
                  <String HEIGHT="159"
                          WIDTH="449"
                          VPOS="668"
                          HPOS="2719"
                          CONTENT="Persedlarne"/>
                  <SP HEIGHT="159" WIDTH="30" VPOS="668" HPOS="3168"/>
                  <String HEIGHT="159"
                          WIDTH="269"
                          VPOS="668"
                          HPOS="3078"
                          CONTENT="hafva"/>
                  <SP HEIGHT="159" WIDTH="30" VPOS="668" HPOS="3348"/>
                  <String HEIGHT="159"
                          WIDTH="329"
                          VPOS="668"
                          HPOS="3258"
                          CONTENT="blifvit"/>
                  <SP HEIGHT="159" WIDTH="30" VPOS="668" HPOS="3587"/>
                  <String HEIGHT="159"
                          WIDTH="240"
                          VPOS="668"
                          HPOS="3498"
                          CONTENT="till"/>
                  <SP HEIGHT="159" WIDTH="30" VPOS="668" HPOS="3737"/>
                  <String HEIGHT="159"
                          WIDTH="299"
                          VPOS="668"
                          HPOS="3647"
                          CONTENT="egaren"/>
                  <SP HEIGHT="159" WIDTH="30" VPOS="668" HPOS="3947"/>
                  <String HEIGHT="159"
                          WIDTH="419"
                          VPOS="668"
                          HPOS="3827"
                          CONTENT="återlemnade."/>
               </TextLine>
               <TextLine ID="r3l6"
                         BASELINE="2752,894 2838,888 2925,885 3012,882 3099,879 3186,876 3273,874 3360,872 3447,870 3534,870 3621,868 3707,868 3794,866 3881,866 3968,866 4055,864 4142,864 4229,864 4316,864 4403,862 4490,862"
                         HEIGHT="148"
                         WIDTH="1765"
                         VPOS="802"
                         HPOS="2738">
                  <String HEIGHT="148"
                          WIDTH="189"
                          VPOS="802"
                          HPOS="2706"
                          CONTENT="På"/>
                  <SP HEIGHT="148" WIDTH="32" VPOS="802" HPOS="2896"/>
                  <String HEIGHT="148"
                          WIDTH="284"
                          VPOS="802"
                          HPOS="2801"
                          CONTENT="grund"/>
                  <SP HEIGHT="148" WIDTH="32" VPOS="802" HPOS="3085"/>
                  <String HEIGHT="148"
                          WIDTH="189"
                          VPOS="802"
                          HPOS="2990"
                          CONTENT="af"/>
                  <SP HEIGHT="148" WIDTH="32" VPOS="802" HPOS="3179"/>
                  <String HEIGHT="148"
                          WIDTH="252"
                          VPOS="802"
                          HPOS="3085"
                          CONTENT="hvad"/>
                  <SP HEIGHT="148" WIDTH="32" VPOS="802" HPOS="3337"/>
                  <String HEIGHT="148"
                          WIDTH="347"
                          VPOS="802"
                          HPOS="3242"
                          CONTENT="sålunda"/>
                  <SP HEIGHT="148" WIDTH="32" VPOS="802" HPOS="3589"/>
                  <String HEIGHT="148"
                          WIDTH="473"
                          VPOS="802"
                          HPOS="3494"
                          CONTENT="förekommit,"/>
                  <SP HEIGHT="148" WIDTH="32" VPOS="802" HPOS="3967"/>
                  <String HEIGHT="148"
                          WIDTH="189"
                          VPOS="802"
                          HPOS="3873"
                          CONTENT="är"/>
                  <SP HEIGHT="148" WIDTH="32" VPOS="802" HPOS="4062"/>
                  <String HEIGHT="148"
                          WIDTH="410"
                          VPOS="802"
                          HPOS="3967"
                          CONTENT="Alexander"/>
                  <SP HEIGHT="148" WIDTH="32" VPOS="802" HPOS="4377"/>
                  <String HEIGHT="148"
                          WIDTH="252"
                          VPOS="802"
                          HPOS="4251"
                          CONTENT="Olsson"/>
               </TextLine>
               <TextLine ID="r3l7"
                         BASELINE="2596,1020 2681,1016 2767,1014 2853,1011 2938,1008 3024,1006 3110,1004 3195,1004 3281,1002 3367,1002 3453,1000 3538,1000 3624,999 3710,998 3795,998 3881,996 3967,996 4052,994 4138,994 4224,992 4310,990"
                         HEIGHT="159"
                         WIDTH="1739"
                         VPOS="891"
                         HPOS="2583">
                  <String HEIGHT="159"
                          WIDTH="322"
                          VPOS="891"
                          HPOS="2551"
                          CONTENT="kallad"/>
                  <SP HEIGHT="159" WIDTH="32" VPOS="891" HPOS="2873"/>
                  <String HEIGHT="159"
                          WIDTH="258"
                          VPOS="891"
                          HPOS="2776"
                          CONTENT="till"/>
                  <SP HEIGHT="159" WIDTH="32" VPOS="891" HPOS="3034"/>
                  <String HEIGHT="159"
                          WIDTH="483"
                          VPOS="891"
                          HPOS="2937"
                          CONTENT="inställelse"/>
                  <SP HEIGHT="159" WIDTH="32" VPOS="891" HPOS="3420"/>
                  <String HEIGHT="159"
                          WIDTH="290"
                          VPOS="891"
                          HPOS="3324"
                          CONTENT="inför"/>
                  <SP HEIGHT="159" WIDTH="32" VPOS="891" HPOS="3614"/>
                  <String HEIGHT="159"
                          WIDTH="547"
                          VPOS="891"
                          HPOS="3517"
                          CONTENT="Poliskammaren"/>
                  <SP HEIGHT="159" WIDTH="32" VPOS="891" HPOS="4064"/>
                  <String HEIGHT="159"
                          WIDTH="290"
                          VPOS="891"
                          HPOS="3968"
                          CONTENT="denna"/>
                  <SP HEIGHT="159" WIDTH="32" VPOS="891" HPOS="4258"/>
                  <String HEIGHT="159"
                          WIDTH="193"
                          VPOS="891"
                          HPOS="4129"
                          CONTENT="dag."/>
               </TextLine>
               <TextLine ID="line_1584707497949_591"
                         BASELINE="3008,1136 3209,1122 3396,1118 3610,1116 3925,1108"
                         HEIGHT="182"
                         WIDTH="944"
                         VPOS="1007"
                         HPOS="2994">
                  <String HEIGHT="182"
                          WIDTH="453"
                          VPOS="1007"
                          HPOS="2956"
                          CONTENT="Göteborg"/>
                  <SP HEIGHT="182" WIDTH="38" VPOS="1007" HPOS="3409"/>
                  <String HEIGHT="182"
                          WIDTH="264"
                          VPOS="1007"
                          HPOS="3296"
                          CONTENT="den"/>
                  <SP HEIGHT="182" WIDTH="38" VPOS="1007" HPOS="3560"/>
                  <String HEIGHT="182"
                          WIDTH="189"
                          VPOS="1007"
                          HPOS="3447"
                          CONTENT="7"/>
                  <SP HEIGHT="182" WIDTH="38" VPOS="1007" HPOS="3636"/>
                  <String HEIGHT="182"
                          WIDTH="302"
                          VPOS="1007"
                          HPOS="3523"
                          CONTENT="Juni"/>
                  <SP HEIGHT="182" WIDTH="38" VPOS="1007" HPOS="3825"/>
                  <String HEIGHT="182"
                          WIDTH="264"
                          VPOS="1007"
                          HPOS="3674"
                          CONTENT="1880."/>
               </TextLine>
            </TextBlock>
            <TextBlock ID="TextRegion_1584707464469_574"
                       HEIGHT="270"
                       WIDTH="356"
                       VPOS="1149"
                       HPOS="4512">
               <Shape>
                  <Polygon POINTS="4512,1149 4868,1149 4868,1419 4512,1419"/>
               </Shape>
               <TextLine ID="r4l1"
                         BASELINE="4556,1196 4583,1194 4610,1194 4637,1194 4664,1195 4692,1196 4719,1196 4746,1198 4773,1198 4800,1198 4828,1196"
                         HEIGHT="120"
                         WIDTH="297"
                         VPOS="1101"
                         HPOS="4545">
                  <String HEIGHT="120"
                          WIDTH="255"
                          VPOS="1101"
                          HPOS="4503"
                          CONTENT="No"/>
                  <SP HEIGHT="120" WIDTH="42" VPOS="1101" HPOS="4757"/>
                  <String HEIGHT="120"
                          WIDTH="255"
                          VPOS="1101"
                          HPOS="4587"
                          CONTENT="126."/>
               </TextLine>
               <TextLine ID="r4l2"
                         BASELINE="4512,1308 4537,1310 4562,1310 4588,1310 4613,1310 4639,1310 4664,1308 4690,1307 4715,1305 4740,1304 4766,1303 4791,1302 4817,1300 4842,1300 4868,1300"
                         HEIGHT="121"
                         WIDTH="382"
                         VPOS="1203"
                         HPOS="4498">
                  <String HEIGHT="121"
                          WIDTH="191"
                          VPOS="1203"
                          HPOS="4474"
                          CONTENT="Carl"/>
                  <SP HEIGHT="121" WIDTH="24" VPOS="1203" HPOS="4665"/>
                  <String HEIGHT="121"
                          WIDTH="215"
                          VPOS="1203"
                          HPOS="4594"
                          CONTENT="Oskar"/>
                  <SP HEIGHT="121" WIDTH="24" VPOS="1203" HPOS="4808"/>
                  <String HEIGHT="121"
                          WIDTH="167"
                          VPOS="1203"
                          HPOS="4713"
                          CONTENT="Lund¬"
                          SUBS_TYPE="HypPart1"
                          SUBS_CONTENT="Lundqvist."/>
                  <HYP CONTENT="-"/>
               </TextLine>
               <TextLine ID="r4l3"
                         BASELINE="4530,1390 4561,1389 4592,1386 4623,1384 4654,1386"
                         HEIGHT="123"
                         WIDTH="153"
                         VPOS="1318"
                         HPOS="4515">
                  <String HEIGHT="123"
                          WIDTH="204"
                          VPOS="1318"
                          HPOS="4464"
                          CONTENT="qvist."
                          SUBS_TYPE="HypPart2"
                          SUBS_CONTENT="Lundqvist."/>
               </TextLine>
            </TextBlock>
            <TextBlock ID="TextRegion_1584707475606_585"
                       HEIGHT="2656"
                       WIDTH="1947"
                       VPOS="1143"
                       HPOS="2583">
               <Shape>
                  <Polygon POINTS="2583,1190 4527,1143 4530,3799 2590,3799"/>
               </Shape>
               <TextLine ID="r3l9"
                         BASELINE="2762,1246 2820,1244 2879,1242 2938,1239 2997,1236 3056,1234 3114,1232 3173,1230 3232,1228 3291,1226 3350,1225 3408,1224 3467,1222 3526,1220 3585,1219 3644,1218 3702,1216 3761,1215 3820,1214 3879,1212 3938,1210"
                         HEIGHT="171"
                         WIDTH="1202"
                         VPOS="1123"
                         HPOS="2749">
                  <String HEIGHT="171"
                          WIDTH="465"
                          VPOS="1123"
                          HPOS="2710"
                          CONTENT="Följande"/>
                  <SP HEIGHT="171" WIDTH="39" VPOS="1123" HPOS="3176"/>
                  <String HEIGHT="171"
                          WIDTH="465"
                          VPOS="1123"
                          HPOS="3059"
                          CONTENT="personer"/>
                  <SP HEIGHT="171" WIDTH="39" VPOS="1123" HPOS="3524"/>
                  <String HEIGHT="171"
                          WIDTH="349"
                          VPOS="1123"
                          HPOS="3408"
                          CONTENT="hafva"/>
                  <SP HEIGHT="171" WIDTH="39" VPOS="1123" HPOS="3757"/>
                  <String HEIGHT="171"
                          WIDTH="349"
                          VPOS="1123"
                          HPOS="3602"
                          CONTENT="anmält:"/>
               </TextLine>
               <TextLine ID="r3l10"
                         BASELINE="2628,1348 2719,1346 2810,1343 2901,1341 2993,1338 3084,1335 3175,1333 3267,1330 3358,1328 3449,1324 3541,1322 3632,1320 3723,1318 3814,1316 3906,1314 3997,1312 4088,1310 4180,1308 4271,1308 4362,1306 4454,1306"
                         HEIGHT="232"
                         WIDTH="1854"
                         VPOS="1193"
                         HPOS="2614">
                  <String HEIGHT="232"
                          WIDTH="179"
                          VPOS="1193"
                          HPOS="2584"
                          CONTENT="1o"/>
                  <SP HEIGHT="232" WIDTH="30" VPOS="1193" HPOS="2764"/>
                  <String HEIGHT="232"
                          WIDTH="299"
                          VPOS="1193"
                          HPOS="2674"
                          CONTENT="Ogifta"/>
                  <SP HEIGHT="232" WIDTH="30" VPOS="1193" HPOS="2973"/>
                  <String HEIGHT="232"
                          WIDTH="269"
                          VPOS="1193"
                          HPOS="2883"
                          CONTENT="Maria"/>
                  <SP HEIGHT="232" WIDTH="30" VPOS="1193" HPOS="3152"/>
                  <String HEIGHT="232"
                          WIDTH="449"
                          VPOS="1193"
                          HPOS="3063"
                          CONTENT="Berndtsson,"/>
                  <SP HEIGHT="232" WIDTH="30" VPOS="1193" HPOS="3511"/>
                  <String HEIGHT="232"
                          WIDTH="150"
                          VPOS="1193"
                          HPOS="3421"
                          CONTENT="i"/>
                  <SP HEIGHT="232" WIDTH="30" VPOS="1193" HPOS="3571"/>
                  <String HEIGHT="232"
                          WIDTH="299"
                          VPOS="1193"
                          HPOS="3481"
                          CONTENT="tjenst"/>
                  <SP HEIGHT="232" WIDTH="30" VPOS="1193" HPOS="3780"/>
                  <String HEIGHT="232"
                          WIDTH="209"
                          VPOS="1193"
                          HPOS="3691"
                          CONTENT="hos"/>
                  <SP HEIGHT="232" WIDTH="30" VPOS="1193" HPOS="3900"/>
                  <String HEIGHT="232"
                          WIDTH="239"
                          VPOS="1193"
                          HPOS="3810"
                          CONTENT="Herr"/>
                  <SP HEIGHT="232" WIDTH="30" VPOS="1193" HPOS="4049"/>
                  <String HEIGHT="232"
                          WIDTH="478"
                          VPOS="1193"
                          HPOS="3960"
                          CONTENT="Bankdirektör"/>
                  <SP HEIGHT="232" WIDTH="30" VPOS="1193" HPOS="4438"/>
                  <String HEIGHT="232"
                          WIDTH="150"
                          VPOS="1193"
                          HPOS="4318"
                          CONTENT="Ny¬"
                          SUBS_TYPE="HypPart1"
                          SUBS_CONTENT="Nyström,"/>
                  <HYP CONTENT="-"/>
               </TextLine>
               <TextLine ID="r3l11"
                         BASELINE="2624,1478 2716,1473 2808,1469 2900,1466 2992,1462 3084,1458 3176,1454 3268,1452 3360,1448 3452,1446 3544,1442 3636,1440 3728,1438 3820,1435 3912,1434 4004,1432 4096,1430 4188,1428 4280,1426 4372,1426 4464,1424"
                         HEIGHT="178"
                         WIDTH="1867"
                         VPOS="1343"
                         HPOS="2610">
                  <String HEIGHT="178"
                          WIDTH="311"
                          VPOS="1343"
                          HPOS="2579"
                          CONTENT="ström,"
                          SUBS_TYPE="HypPart2"
                          SUBS_CONTENT="Nyström,"/>
                  <SP HEIGHT="178" WIDTH="31" VPOS="1343" HPOS="2890"/>
                  <String HEIGHT="178"
                          WIDTH="311"
                          VPOS="1343"
                          HPOS="2797"
                          CONTENT="boende"/>
                  <SP HEIGHT="178" WIDTH="31" VPOS="1343" HPOS="3108"/>
                  <String HEIGHT="178"
                          WIDTH="156"
                          VPOS="1343"
                          HPOS="3015"
                          CONTENT="i"/>
                  <SP HEIGHT="178" WIDTH="31" VPOS="1343" HPOS="3170"/>
                  <String HEIGHT="178"
                          WIDTH="280"
                          VPOS="1343"
                          HPOS="3077"
                          CONTENT="huset"/>
                  <SP HEIGHT="178" WIDTH="31" VPOS="1343" HPOS="3357"/>
                  <String HEIGHT="178"
                          WIDTH="187"
                          VPOS="1343"
                          HPOS="3263"
                          CONTENT="No"/>
                  <SP HEIGHT="178" WIDTH="31" VPOS="1343" HPOS="3450"/>
                  <String HEIGHT="178"
                          WIDTH="156"
                          VPOS="1343"
                          HPOS="3357"
                          CONTENT="9"/>
                  <SP HEIGHT="178" WIDTH="31" VPOS="1343" HPOS="3512"/>
                  <String HEIGHT="178"
                          WIDTH="218"
                          VPOS="1343"
                          HPOS="3419"
                          CONTENT="vid"/>
                  <SP HEIGHT="178" WIDTH="31" VPOS="1343" HPOS="3637"/>
                  <String HEIGHT="178"
                          WIDTH="342"
                          VPOS="1343"
                          HPOS="3544"
                          CONTENT="Nygatan"/>
                  <SP HEIGHT="178" WIDTH="31" VPOS="1343" HPOS="3886"/>
                  <String HEIGHT="178"
                          WIDTH="218"
                          VPOS="1343"
                          HPOS="3792"
                          CONTENT="den"/>
                  <SP HEIGHT="178" WIDTH="31" VPOS="1343" HPOS="4010"/>
                  <String HEIGHT="178"
                          WIDTH="187"
                          VPOS="1343"
                          HPOS="3917"
                          CONTENT="27"/>
                  <SP HEIGHT="178" WIDTH="31" VPOS="1343" HPOS="4104"/>
                  <String HEIGHT="178"
                          WIDTH="280"
                          VPOS="1343"
                          HPOS="4010"
                          CONTENT="sist."/>
                  <SP HEIGHT="178" WIDTH="31" VPOS="1343" HPOS="4290"/>
                  <String HEIGHT="178"
                          WIDTH="249"
                          VPOS="1343"
                          HPOS="4197"
                          CONTENT="Maj,"/>
                  <SP HEIGHT="178" WIDTH="31" VPOS="1343" HPOS="4446"/>
                  <String HEIGHT="178"
                          WIDTH="156"
                          VPOS="1343"
                          HPOS="4321"
                          CONTENT="att"/>
               </TextLine>
               <TextLine ID="r3l12"
                         BASELINE="2628,1588 2720,1584 2812,1581 2904,1578 2996,1576 3088,1572 3180,1570 3272,1568 3364,1567 3456,1565 3548,1564 3640,1562 3732,1560 3824,1558 3916,1556 4008,1554 4100,1552 4192,1550 4284,1546 4376,1543 4468,1540"
                         HEIGHT="192"
                         WIDTH="1863"
                         VPOS="1449"
                         HPOS="2615">
                  <String HEIGHT="192"
                          WIDTH="221"
                          VPOS="1449"
                          HPOS="2583"
                          CONTENT="vid"/>
                  <SP HEIGHT="192" WIDTH="32" VPOS="1449" HPOS="2804"/>
                  <String HEIGHT="192"
                          WIDTH="284"
                          VPOS="1449"
                          HPOS="2710"
                          CONTENT="något"/>
                  <SP HEIGHT="192" WIDTH="32" VPOS="1449" HPOS="2994"/>
                  <String HEIGHT="192"
                          WIDTH="410"
                          VPOS="1449"
                          HPOS="2899"
                          CONTENT="tillfälle"/>
                  <SP HEIGHT="192" WIDTH="32" VPOS="1449" HPOS="3310"/>
                  <String HEIGHT="192"
                          WIDTH="284"
                          VPOS="1449"
                          HPOS="3215"
                          CONTENT="sedan"/>
                  <SP HEIGHT="192" WIDTH="32" VPOS="1449" HPOS="3499"/>
                  <String HEIGHT="192"
                          WIDTH="221"
                          VPOS="1449"
                          HPOS="3404"
                          CONTENT="den"/>
                  <SP HEIGHT="192" WIDTH="32" VPOS="1449" HPOS="3625"/>
                  <String HEIGHT="192"
                          WIDTH="189"
                          VPOS="1449"
                          HPOS="3531"
                          CONTENT="22"/>
                  <SP HEIGHT="192" WIDTH="32" VPOS="1449" HPOS="3720"/>
                  <String HEIGHT="192"
                          WIDTH="158"
                          VPOS="1449"
                          HPOS="3625"
                          CONTENT="i"/>
                  <SP HEIGHT="192" WIDTH="32" VPOS="1449" HPOS="3783"/>
                  <String HEIGHT="192"
                          WIDTH="284"
                          VPOS="1449"
                          HPOS="3689"
                          CONTENT="samma"/>
                  <SP HEIGHT="192" WIDTH="32" VPOS="1449" HPOS="3973"/>
                  <String HEIGHT="192"
                          WIDTH="284"
                          VPOS="1449"
                          HPOS="3878"
                          CONTENT="månad"/>
                  <SP HEIGHT="192" WIDTH="32" VPOS="1449" HPOS="4162"/>
                  <String HEIGHT="192"
                          WIDTH="189"
                          VPOS="1449"
                          HPOS="4068"
                          CONTENT="ur"/>
                  <SP HEIGHT="192" WIDTH="32" VPOS="1449" HPOS="4257"/>
                  <String HEIGHT="192"
                          WIDTH="221"
                          VPOS="1449"
                          HPOS="4162"
                          CONTENT="ett"/>
                  <SP HEIGHT="192" WIDTH="32" VPOS="1449" HPOS="4383"/>
                  <String HEIGHT="192"
                          WIDTH="221"
                          VPOS="1449"
                          HPOS="4257"
                          CONTENT="olåst"/>
               </TextLine>
               <TextLine ID="r3l13"
                         BASELINE="2604,1706 2699,1703 2794,1700 2889,1697 2984,1694 3079,1692 3174,1688 3269,1686 3364,1682 3459,1680 3555,1678 3650,1675 3745,1672 3840,1670 3935,1666 4030,1665 4125,1662 4220,1660 4315,1658 4410,1656 4506,1654"
                         HEIGHT="208"
                         WIDTH="1929"
                         VPOS="1572"
                         HPOS="2589">
                  <String HEIGHT="208"
                          WIDTH="214"
                          VPOS="1572"
                          HPOS="2558"
                          CONTENT="kök"/>
                  <SP HEIGHT="208" WIDTH="31" VPOS="1572" HPOS="2773"/>
                  <String HEIGHT="208"
                          WIDTH="398"
                          VPOS="1572"
                          HPOS="2681"
                          CONTENT="derstädes"/>
                  <SP HEIGHT="208" WIDTH="31" VPOS="1572" HPOS="3079"/>
                  <String HEIGHT="208"
                          WIDTH="245"
                          VPOS="1572"
                          HPOS="2987"
                          CONTENT="från"/>
                  <SP HEIGHT="208" WIDTH="31" VPOS="1572" HPOS="3232"/>
                  <String HEIGHT="208"
                          WIDTH="276"
                          VPOS="1572"
                          HPOS="3140"
                          CONTENT="henne"/>
                  <SP HEIGHT="208" WIDTH="31" VPOS="1572" HPOS="3416"/>
                  <String HEIGHT="208"
                          WIDTH="459"
                          VPOS="1572"
                          HPOS="3324"
                          CONTENT="tillgripits"/>
                  <SP HEIGHT="208" WIDTH="31" VPOS="1572" HPOS="3783"/>
                  <String HEIGHT="208"
                          WIDTH="184"
                          VPOS="1572"
                          HPOS="3691"
                          CONTENT="en"/>
                  <SP HEIGHT="208" WIDTH="31" VPOS="1572" HPOS="3875"/>
                  <String HEIGHT="208"
                          WIDTH="398"
                          VPOS="1572"
                          HPOS="3783"
                          CONTENT="regnkappa"/>
                  <SP HEIGHT="208" WIDTH="31" VPOS="1572" HPOS="4181"/>
                  <String HEIGHT="208"
                          WIDTH="184"
                          VPOS="1572"
                          HPOS="4089"
                          CONTENT="af"/>
                  <SP HEIGHT="208" WIDTH="31" VPOS="1572" HPOS="4273"/>
                  <String HEIGHT="208"
                          WIDTH="276"
                          VPOS="1572"
                          HPOS="4181"
                          CONTENT="grått"/>
                  <SP HEIGHT="208" WIDTH="31" VPOS="1572" HPOS="4457"/>
                  <String HEIGHT="208"
                          WIDTH="184"
                          VPOS="1572"
                          HPOS="4334"
                          CONTENT="ran¬"
                          SUBS_TYPE="HypPart1"
                          SUBS_CONTENT="randigt"/>
                  <HYP CONTENT="-"/>
               </TextLine>
               <TextLine ID="r3l14"
                         BASELINE="2600,1836 2642,1834 2685,1832 2728,1831 2771,1829 2814,1828 2856,1826 2899,1824 2942,1822 2985,1821 3028,1818 3070,1816 3113,1814 3156,1813 3199,1812 3242,1808 3284,1807 3327,1805 3370,1804 3413,1802 3456,1800"
                         HEIGHT="196"
                         WIDTH="883"
                         VPOS="1715"
                         HPOS="2587">
                  <String HEIGHT="196"
                          WIDTH="214"
                          VPOS="1715"
                          HPOS="2560"
                          CONTENT="digt"
                          SUBS_TYPE="HypPart2"
                          SUBS_CONTENT="randigt"/>
                  <SP HEIGHT="196" WIDTH="27" VPOS="1715" HPOS="2774"/>
                  <String HEIGHT="196"
                          WIDTH="321"
                          VPOS="1715"
                          HPOS="2694"
                          CONTENT="ylletyg,"/>
                  <SP HEIGHT="196" WIDTH="27" VPOS="1715" HPOS="3015"/>
                  <String HEIGHT="196"
                          WIDTH="214"
                          VPOS="1715"
                          HPOS="2935"
                          CONTENT="värd"/>
                  <SP HEIGHT="196" WIDTH="27" VPOS="1715" HPOS="3149"/>
                  <String HEIGHT="196"
                          WIDTH="161"
                          VPOS="1715"
                          HPOS="3069"
                          CONTENT="15"/>
                  <SP HEIGHT="196" WIDTH="27" VPOS="1715" HPOS="3229"/>
                  <String HEIGHT="196"
                          WIDTH="294"
                          VPOS="1715"
                          HPOS="3149"
                          CONTENT="Kronor;"/>
                  <SP HEIGHT="196" WIDTH="27" VPOS="1715" HPOS="3443"/>
                  <String HEIGHT="196"
                          WIDTH="134"
                          VPOS="1715"
                          HPOS="3336"
                          CONTENT="och"/>
               </TextLine>
               <TextLine ID="r3l15"
                         BASELINE="2606,1950 2701,1944 2797,1940 2892,1934 2988,1931 3084,1926 3179,1924 3275,1920 3370,1917 3466,1914 3562,1912 3657,1908 3753,1906 3848,1904 3944,1902 4040,1900 4135,1896 4231,1894 4326,1891 4422,1888 4518,1884"
                         HEIGHT="235"
                         WIDTH="1939"
                         VPOS="1793"
                         HPOS="2592">
                  <String HEIGHT="235"
                          WIDTH="169"
                          VPOS="1793"
                          HPOS="2564"
                          CONTENT="2o"/>
                  <SP HEIGHT="235" WIDTH="28" VPOS="1793" HPOS="2733"/>
                  <String HEIGHT="235"
                          WIDTH="281"
                          VPOS="1793"
                          HPOS="2648"
                          CONTENT="Ogifta"/>
                  <SP HEIGHT="235" WIDTH="28" VPOS="1793" HPOS="2929"/>
                  <String HEIGHT="235"
                          WIDTH="281"
                          VPOS="1793"
                          HPOS="2845"
                          CONTENT="Emilia"/>
                  <SP HEIGHT="235" WIDTH="28" VPOS="1793" HPOS="3126"/>
                  <String HEIGHT="235"
                          WIDTH="393"
                          VPOS="1793"
                          HPOS="3042"
                          CONTENT="Petersson,"/>
                  <SP HEIGHT="235" WIDTH="28" VPOS="1793" HPOS="3435"/>
                  <String HEIGHT="235"
                          WIDTH="141"
                          VPOS="1793"
                          HPOS="3351"
                          CONTENT="i"/>
                  <SP HEIGHT="235" WIDTH="28" VPOS="1793" HPOS="3491"/>
                  <String HEIGHT="235"
                          WIDTH="281"
                          VPOS="1793"
                          HPOS="3407"
                          CONTENT="tjenst"/>
                  <SP HEIGHT="235" WIDTH="28" VPOS="1793" HPOS="3688"/>
                  <String HEIGHT="235"
                          WIDTH="197"
                          VPOS="1793"
                          HPOS="3604"
                          CONTENT="hos"/>
                  <SP HEIGHT="235" WIDTH="28" VPOS="1793" HPOS="3800"/>
                  <String HEIGHT="235"
                          WIDTH="450"
                          VPOS="1793"
                          HPOS="3716"
                          CONTENT="Boktryckaren"/>
                  <SP HEIGHT="235" WIDTH="28" VPOS="1793" HPOS="4166"/>
                  <String HEIGHT="235"
                          WIDTH="365"
                          VPOS="1793"
                          HPOS="4081"
                          CONTENT="Lundberg,"/>
                  <SP HEIGHT="235" WIDTH="28" VPOS="1793" HPOS="4447"/>
                  <String HEIGHT="235"
                          WIDTH="197"
                          VPOS="1793"
                          HPOS="4334"
                          CONTENT="boen¬"
                          SUBS_TYPE="HypPart1"
                          SUBS_CONTENT="boende"/>
                  <HYP CONTENT="-"/>
               </TextLine>
               <TextLine ID="r3l16"
                         BASELINE="2614,2054 2709,2052 2805,2048 2901,2046 2996,2044 3092,2041 3188,2038 3283,2036 3379,2034 3475,2032 3571,2030 3666,2028 3762,2026 3858,2024 3953,2020 4049,2018 4145,2016 4240,2012 4336,2008 4432,2005 4528,2000"
                         HEIGHT="171"
                         WIDTH="1940"
                         VPOS="1924"
                         HPOS="2600">
                  <String HEIGHT="171"
                          WIDTH="169"
                          VPOS="1924"
                          HPOS="2572"
                          CONTENT="de"
                          SUBS_TYPE="HypPart2"
                          SUBS_CONTENT="boende"/>
                  <SP HEIGHT="171" WIDTH="28" VPOS="1924" HPOS="2741"/>
                  <String HEIGHT="171"
                          WIDTH="141"
                          VPOS="1924"
                          HPOS="2656"
                          CONTENT="i"/>
                  <SP HEIGHT="171" WIDTH="28" VPOS="1924" HPOS="2797"/>
                  <String HEIGHT="171"
                          WIDTH="253"
                          VPOS="1924"
                          HPOS="2712"
                          CONTENT="huset"/>
                  <SP HEIGHT="171" WIDTH="28" VPOS="1924" HPOS="2966"/>
                  <String HEIGHT="171"
                          WIDTH="169"
                          VPOS="1924"
                          HPOS="2881"
                          CONTENT="No"/>
                  <SP HEIGHT="171" WIDTH="28" VPOS="1924" HPOS="3050"/>
                  <String HEIGHT="171"
                          WIDTH="141"
                          VPOS="1924"
                          HPOS="2966"
                          CONTENT="3"/>
                  <SP HEIGHT="171" WIDTH="28" VPOS="1924" HPOS="3106"/>
                  <String HEIGHT="171"
                          WIDTH="197"
                          VPOS="1924"
                          HPOS="3022"
                          CONTENT="vid"/>
                  <SP HEIGHT="171" WIDTH="28" VPOS="1924" HPOS="3219"/>
                  <String HEIGHT="171"
                          WIDTH="619"
                          VPOS="1924"
                          HPOS="3134"
                          CONTENT="Klädpressaregatan,"/>
                  <SP HEIGHT="171" WIDTH="28" VPOS="1924" HPOS="3753"/>
                  <String HEIGHT="171"
                          WIDTH="197"
                          VPOS="1924"
                          HPOS="3668"
                          CONTENT="den"/>
                  <SP HEIGHT="171" WIDTH="28" VPOS="1924" HPOS="3865"/>
                  <String HEIGHT="171"
                          WIDTH="141"
                          VPOS="1924"
                          HPOS="3781"
                          CONTENT="1"/>
                  <SP HEIGHT="171" WIDTH="28" VPOS="1924" HPOS="3921"/>
                  <String HEIGHT="171"
                          WIDTH="197"
                          VPOS="1924"
                          HPOS="3837"
                          CONTENT="ds,"/>
                  <SP HEIGHT="171" WIDTH="28" VPOS="1924" HPOS="4034"/>
                  <String HEIGHT="171"
                          WIDTH="197"
                          VPOS="1924"
                          HPOS="3950"
                          CONTENT="att"/>
                  <SP HEIGHT="171" WIDTH="28" VPOS="1924" HPOS="4146"/>
                  <String HEIGHT="171"
                          WIDTH="197"
                          VPOS="1924"
                          HPOS="4062"
                          CONTENT="den"/>
                  <SP HEIGHT="171" WIDTH="28" VPOS="1924" HPOS="4259"/>
                  <String HEIGHT="171"
                          WIDTH="169"
                          VPOS="1924"
                          HPOS="4174"
                          CONTENT="31"/>
                  <SP HEIGHT="171" WIDTH="28" VPOS="1924" HPOS="4343"/>
                  <String HEIGHT="171"
                          WIDTH="253"
                          VPOS="1924"
                          HPOS="4259"
                          CONTENT="sist."/>
                  <SP HEIGHT="171" WIDTH="28" VPOS="1924" HPOS="4512"/>
                  <String HEIGHT="171"
                          WIDTH="141"
                          VPOS="1924"
                          HPOS="4399"
                          CONTENT="Maj"/>
               </TextLine>
               <TextLine ID="r3l17"
                         BASELINE="2616,2176 2710,2171 2805,2168 2900,2164 2994,2161 3089,2158 3184,2156 3278,2154 3373,2151 3468,2149 3563,2147 3657,2144 3752,2142 3847,2140 3941,2139 4036,2136 4131,2134 4225,2131 4320,2128 4415,2124 4510,2122"
                         HEIGHT="211"
                         WIDTH="1917"
                         VPOS="2018"
                         HPOS="2604">
                  <String HEIGHT="211"
                          WIDTH="150"
                          VPOS="2018"
                          HPOS="2574"
                          CONTENT="å"/>
                  <SP HEIGHT="211" WIDTH="30" VPOS="2018" HPOS="2724"/>
                  <String HEIGHT="211"
                          WIDTH="180"
                          VPOS="2018"
                          HPOS="2634"
                          CONTENT="en"/>
                  <SP HEIGHT="211" WIDTH="30" VPOS="2018" HPOS="2814"/>
                  <String HEIGHT="211"
                          WIDTH="240"
                          VPOS="2018"
                          HPOS="2724"
                          CONTENT="låst"/>
                  <SP HEIGHT="211" WIDTH="30" VPOS="2018" HPOS="2963"/>
                  <String HEIGHT="211"
                          WIDTH="240"
                          VPOS="2018"
                          HPOS="2874"
                          CONTENT="vind"/>
                  <SP HEIGHT="211" WIDTH="30" VPOS="2018" HPOS="3113"/>
                  <String HEIGHT="211"
                          WIDTH="240"
                          VPOS="2018"
                          HPOS="3023"
                          CONTENT="från"/>
                  <SP HEIGHT="211" WIDTH="30" VPOS="2018" HPOS="3263"/>
                  <String HEIGHT="211"
                          WIDTH="270"
                          VPOS="2018"
                          HPOS="3173"
                          CONTENT="henne"/>
                  <SP HEIGHT="211" WIDTH="30" VPOS="2018" HPOS="3443"/>
                  <String HEIGHT="211"
                          WIDTH="449"
                          VPOS="2018"
                          HPOS="3353"
                          CONTENT="tillgripits"/>
                  <SP HEIGHT="211" WIDTH="30" VPOS="2018" HPOS="3802"/>
                  <String HEIGHT="211"
                          WIDTH="180"
                          VPOS="2018"
                          HPOS="3712"
                          CONTENT="en"/>
                  <SP HEIGHT="211" WIDTH="30" VPOS="2018" HPOS="3892"/>
                  <String HEIGHT="211"
                          WIDTH="389"
                          VPOS="2018"
                          HPOS="3802"
                          CONTENT="regnkappa"/>
                  <SP HEIGHT="211" WIDTH="30" VPOS="2018" HPOS="4192"/>
                  <String HEIGHT="211"
                          WIDTH="180"
                          VPOS="2018"
                          HPOS="4102"
                          CONTENT="af"/>
                  <SP HEIGHT="211" WIDTH="30" VPOS="2018" HPOS="4281"/>
                  <String HEIGHT="211"
                          WIDTH="270"
                          VPOS="2018"
                          HPOS="4192"
                          CONTENT="grått"/>
                  <SP HEIGHT="211" WIDTH="30" VPOS="2018" HPOS="4461"/>
                  <String HEIGHT="211"
                          WIDTH="180"
                          VPOS="2018"
                          HPOS="4341"
                          CONTENT="slät"/>
               </TextLine>
               <TextLine ID="r3l18"
                         BASELINE="2620,2288 2713,2283 2806,2278 2899,2274 2992,2272 3085,2268 3178,2267 3271,2266 3364,2264 3457,2264 3550,2264 3643,2264 3736,2264 3829,2264 3922,2264 4015,2262 4108,2262 4201,2260 4294,2259 4387,2256 4480,2254"
                         HEIGHT="159"
                         WIDTH="1886"
                         VPOS="2177"
                         HPOS="2607">
                  <String HEIGHT="159"
                          WIDTH="354"
                          VPOS="2177"
                          HPOS="2578"
                          CONTENT="ylletyg,"/>
                  <SP HEIGHT="159" WIDTH="29" VPOS="2177" HPOS="2931"/>
                  <String HEIGHT="159"
                          WIDTH="236"
                          VPOS="2177"
                          HPOS="2843"
                          CONTENT="värd"/>
                  <SP HEIGHT="159" WIDTH="29" VPOS="2177" HPOS="3079"/>
                  <String HEIGHT="159"
                          WIDTH="177"
                          VPOS="2177"
                          HPOS="2990"
                          CONTENT="20"/>
                  <SP HEIGHT="159" WIDTH="29" VPOS="2177" HPOS="3167"/>
                  <String HEIGHT="159"
                          WIDTH="324"
                          VPOS="2177"
                          HPOS="3079"
                          CONTENT="Kronor,"/>
                  <SP HEIGHT="159" WIDTH="29" VPOS="2177" HPOS="3403"/>
                  <String HEIGHT="159"
                          WIDTH="324"
                          VPOS="2177"
                          HPOS="3314"
                          CONTENT="hvarvid"/>
                  <SP HEIGHT="159" WIDTH="29" VPOS="2177" HPOS="3638"/>
                  <String HEIGHT="159"
                          WIDTH="295"
                          VPOS="2177"
                          HPOS="3550"
                          CONTENT="kappan"/>
                  <SP HEIGHT="159" WIDTH="29" VPOS="2177" HPOS="3845"/>
                  <String HEIGHT="159"
                          WIDTH="354"
                          VPOS="2177"
                          HPOS="3756"
                          CONTENT="troligen"/>
                  <SP HEIGHT="159" WIDTH="29" VPOS="2177" HPOS="4110"/>
                  <String HEIGHT="159"
                          WIDTH="383"
                          VPOS="2177"
                          HPOS="4022"
                          CONTENT="utdragits"/>
                  <SP HEIGHT="159" WIDTH="29" VPOS="2177" HPOS="4405"/>
                  <String HEIGHT="159"
                          WIDTH="206"
                          VPOS="2177"
                          HPOS="4287"
                          CONTENT="genom"/>
               </TextLine>
               <TextLine ID="r3l19"
                         BASELINE="2620,2400 2646,2399 2672,2398 2698,2396 2724,2396 2750,2394 2776,2391 2802,2390 2828,2388 2854,2388 2880,2386 2906,2386 2932,2388"
                         HEIGHT="161"
                         WIDTH="340"
                         VPOS="2300"
                         HPOS="2605">
                  <String HEIGHT="161"
                          WIDTH="408"
                          VPOS="2300"
                          HPOS="2537"
                          CONTENT="spjelarne."/>
               </TextLine>
               <TextLine ID="r3l20"
                         BASELINE="2736,2488 2824,2484 2913,2480 3001,2478 3090,2474 3178,2472 3267,2470 3355,2468 3444,2466 3532,2464 3621,2463 3709,2462 3798,2460 3886,2458 3975,2455 4063,2452 4152,2450 4240,2447 4329,2442 4417,2438 4506,2432"
                         HEIGHT="147"
                         WIDTH="1798"
                         VPOS="2359"
                         HPOS="2721">
                  <String HEIGHT="147"
                          WIDTH="284"
                          VPOS="2359"
                          HPOS="2689"
                          CONTENT="Sedan"/>
                  <SP HEIGHT="147" WIDTH="32" VPOS="2359" HPOS="2973"/>
                  <String HEIGHT="147"
                          WIDTH="284"
                          VPOS="2359"
                          HPOS="2879"
                          CONTENT="Maria"/>
                  <SP HEIGHT="147" WIDTH="32" VPOS="2359" HPOS="3163"/>
                  <String HEIGHT="147"
                          WIDTH="473"
                          VPOS="2359"
                          HPOS="3068"
                          CONTENT="Berndtssons"/>
                  <SP HEIGHT="147" WIDTH="32" VPOS="2359" HPOS="3541"/>
                  <String HEIGHT="147"
                          WIDTH="284"
                          VPOS="2359"
                          HPOS="3447"
                          CONTENT="kappa"/>
                  <SP HEIGHT="147" WIDTH="32" VPOS="2359" HPOS="3730"/>
                  <String HEIGHT="147"
                          WIDTH="347"
                          VPOS="2359"
                          HPOS="3636"
                          CONTENT="blifvit"/>
                  <SP HEIGHT="147" WIDTH="32" VPOS="2359" HPOS="3983"/>
                  <String HEIGHT="147"
                          WIDTH="442"
                          VPOS="2359"
                          HPOS="3888"
                          CONTENT="återfunnen"/>
                  <SP HEIGHT="147" WIDTH="32" VPOS="2359" HPOS="4330"/>
                  <String HEIGHT="147"
                          WIDTH="315"
                          VPOS="2359"
                          HPOS="4204"
                          CONTENT="pantsatt"/>
               </TextLine>
               <TextLine ID="r3l21"
                         BASELINE="2604,2626 2695,2616 2787,2608 2879,2601 2970,2596 3062,2591 3154,2586 3245,2584 3337,2581 3429,2579 3521,2578 3612,2576 3704,2574 3796,2572 3887,2570 3979,2568 4071,2566 4162,2562 4254,2558 4346,2551 4438,2544"
                         HEIGHT="172"
                         WIDTH="1862"
                         VPOS="2482"
                         HPOS="2590">
                  <String HEIGHT="172"
                          WIDTH="217"
                          VPOS="2482"
                          HPOS="2559"
                          CONTENT="den"/>
                  <SP HEIGHT="172" WIDTH="31" VPOS="2482" HPOS="2776"/>
                  <String HEIGHT="172"
                          WIDTH="186"
                          VPOS="2482"
                          HPOS="2683"
                          CONTENT="22"/>
                  <SP HEIGHT="172" WIDTH="31" VPOS="2482" HPOS="2869"/>
                  <String HEIGHT="172"
                          WIDTH="279"
                          VPOS="2482"
                          HPOS="2776"
                          CONTENT="sist."/>
                  <SP HEIGHT="172" WIDTH="31" VPOS="2482" HPOS="3056"/>
                  <String HEIGHT="172"
                          WIDTH="217"
                          VPOS="2482"
                          HPOS="2962"
                          CONTENT="Maj"/>
                  <SP HEIGHT="172" WIDTH="31" VPOS="2482" HPOS="3180"/>
                  <String HEIGHT="172"
                          WIDTH="217"
                          VPOS="2482"
                          HPOS="3087"
                          CONTENT="för"/>
                  <SP HEIGHT="172" WIDTH="31" VPOS="2482" HPOS="3304"/>
                  <String HEIGHT="172"
                          WIDTH="155"
                          VPOS="2482"
                          HPOS="3211"
                          CONTENT="4"/>
                  <SP HEIGHT="172" WIDTH="31" VPOS="2482" HPOS="3366"/>
                  <String HEIGHT="172"
                          WIDTH="310"
                          VPOS="2482"
                          HPOS="3273"
                          CONTENT="Kronor"/>
                  <SP HEIGHT="172" WIDTH="31" VPOS="2482" HPOS="3583"/>
                  <String HEIGHT="172"
                          WIDTH="217"
                          VPOS="2482"
                          HPOS="3490"
                          CONTENT="och"/>
                  <SP HEIGHT="172" WIDTH="31" VPOS="2482" HPOS="3707"/>
                  <String HEIGHT="172"
                          WIDTH="310"
                          VPOS="2482"
                          HPOS="3614"
                          CONTENT="Emilia"/>
                  <SP HEIGHT="172" WIDTH="31" VPOS="2482" HPOS="3924"/>
                  <String HEIGHT="172"
                          WIDTH="434"
                          VPOS="2482"
                          HPOS="3831"
                          CONTENT="Peterssons"/>
                  <SP HEIGHT="172" WIDTH="31" VPOS="2482" HPOS="4266"/>
                  <String HEIGHT="172"
                          WIDTH="217"
                          VPOS="2482"
                          HPOS="4173"
                          CONTENT="den"/>
                  <SP HEIGHT="172" WIDTH="31" VPOS="2482" HPOS="4390"/>
                  <String HEIGHT="172"
                          WIDTH="186"
                          VPOS="2482"
                          HPOS="4297"
                          CONTENT="31"/>
                  <SP HEIGHT="172" WIDTH="31" VPOS="2482" HPOS="4483"/>
                  <String HEIGHT="172" WIDTH="93" VPOS="2482" HPOS="4359" CONTENT="i"/>
               </TextLine>
               <TextLine ID="r3l22"
                         BASELINE="2624,2728 2717,2722 2811,2718 2904,2713 2998,2709 3091,2706 3185,2703 3278,2700 3372,2698 3465,2696 3559,2694 3652,2691 3746,2688 3839,2686 3933,2684 4026,2682 4120,2678 4213,2674 4307,2671 4400,2666 4494,2660"
                         HEIGHT="203"
                         WIDTH="1892"
                         VPOS="2589"
                         HPOS="2611">
                  <String HEIGHT="203"
                          WIDTH="270"
                          VPOS="2589"
                          HPOS="2581"
                          CONTENT="samma"/>
                  <SP HEIGHT="203" WIDTH="30" VPOS="2589" HPOS="2851"/>
                  <String HEIGHT="203"
                          WIDTH="270"
                          VPOS="2589"
                          HPOS="2761"
                          CONTENT="månad"/>
                  <SP HEIGHT="203" WIDTH="30" VPOS="2589" HPOS="3031"/>
                  <String HEIGHT="203"
                          WIDTH="210"
                          VPOS="2589"
                          HPOS="2941"
                          CONTENT="för"/>
                  <SP HEIGHT="203" WIDTH="30" VPOS="2589" HPOS="3152"/>
                  <String HEIGHT="203"
                          WIDTH="390"
                          VPOS="2589"
                          HPOS="3061"
                          CONTENT="likaledes"/>
                  <SP HEIGHT="203" WIDTH="30" VPOS="2589" HPOS="3452"/>
                  <String HEIGHT="203"
                          WIDTH="150"
                          VPOS="2589"
                          HPOS="3362"
                          CONTENT="4"/>
                  <SP HEIGHT="203" WIDTH="30" VPOS="2589" HPOS="3512"/>
                  <String HEIGHT="203"
                          WIDTH="300"
                          VPOS="2589"
                          HPOS="3422"
                          CONTENT="Kronor"/>
                  <SP HEIGHT="203" WIDTH="30" VPOS="2589" HPOS="3722"/>
                  <String HEIGHT="203"
                          WIDTH="210"
                          VPOS="2589"
                          HPOS="3632"
                          CONTENT="hos"/>
                  <SP HEIGHT="203" WIDTH="30" VPOS="2589" HPOS="3842"/>
                  <String HEIGHT="203"
                          WIDTH="450"
                          VPOS="2589"
                          HPOS="3752"
                          CONTENT="Pantlånaren"/>
                  <SP HEIGHT="203" WIDTH="30" VPOS="2589" HPOS="4203"/>
                  <String HEIGHT="203"
                          WIDTH="180"
                          VPOS="2589"
                          HPOS="4113"
                          CONTENT="P."/>
                  <SP HEIGHT="203" WIDTH="30" VPOS="2589" HPOS="4293"/>
                  <String HEIGHT="203"
                          WIDTH="180"
                          VPOS="2589"
                          HPOS="4203"
                          CONTENT="J."/>
                  <SP HEIGHT="203" WIDTH="30" VPOS="2589" HPOS="4383"/>
                  <String HEIGHT="203"
                          WIDTH="240"
                          VPOS="2589"
                          HPOS="4263"
                          CONTENT="Osberg"/>
               </TextLine>
               <TextLine ID="r3l23"
                         BASELINE="2632,2842 2724,2836 2816,2831 2908,2826 3001,2822 3093,2818 3185,2816 3278,2812 3370,2810 3462,2808 3555,2806 3647,2804 3739,2802 3831,2800 3924,2798 4016,2796 4108,2793 4201,2790 4293,2786 4385,2781 4478,2776"
                         HEIGHT="182"
                         WIDTH="1875"
                         VPOS="2718"
                         HPOS="2617">
                  <String HEIGHT="182"
                          WIDTH="159"
                          VPOS="2718"
                          HPOS="2585"
                          CONTENT="i"/>
                  <SP HEIGHT="182" WIDTH="32" VPOS="2718" HPOS="2744"/>
                  <String HEIGHT="182"
                          WIDTH="286"
                          VPOS="2718"
                          HPOS="2649"
                          CONTENT="huset"/>
                  <SP HEIGHT="182" WIDTH="32" VPOS="2718" HPOS="2935"/>
                  <String HEIGHT="182"
                          WIDTH="191"
                          VPOS="2718"
                          HPOS="2839"
                          CONTENT="No"/>
                  <SP HEIGHT="182" WIDTH="32" VPOS="2718" HPOS="3030"/>
                  <String HEIGHT="182"
                          WIDTH="191"
                          VPOS="2718"
                          HPOS="2935"
                          CONTENT="24"/>
                  <SP HEIGHT="182" WIDTH="32" VPOS="2718" HPOS="3125"/>
                  <String HEIGHT="182"
                          WIDTH="222"
                          VPOS="2718"
                          HPOS="3030"
                          CONTENT="vid"/>
                  <SP HEIGHT="182" WIDTH="32" VPOS="2718" HPOS="3253"/>
                  <String HEIGHT="182"
                          WIDTH="477"
                          VPOS="2718"
                          HPOS="3157"
                          CONTENT="Stampgatan;"/>
                  <SP HEIGHT="182" WIDTH="32" VPOS="2718" HPOS="3634"/>
                  <String HEIGHT="182"
                          WIDTH="191"
                          VPOS="2718"
                          HPOS="3539"
                          CONTENT="så"/>
                  <SP HEIGHT="182" WIDTH="32" VPOS="2718" HPOS="3729"/>
                  <String HEIGHT="182"
                          WIDTH="286"
                          VPOS="2718"
                          HPOS="3634"
                          CONTENT="hafva"/>
                  <SP HEIGHT="182" WIDTH="32" VPOS="2718" HPOS="3920"/>
                  <String HEIGHT="182"
                          WIDTH="699"
                          VPOS="2718"
                          HPOS="3793"
                          CONTENT="detektivkonstaplarne"/>
               </TextLine>
               <TextLine ID="r3l24"
                         BASELINE="2620,2962 2712,2957 2805,2952 2898,2948 2991,2944 3084,2940 3177,2936 3270,2934 3363,2930 3456,2926 3549,2924 3641,2922 3734,2919 3827,2916 3920,2914 4013,2912 4106,2910 4199,2906 4292,2904 4385,2901 4478,2898"
                         HEIGHT="121"
                         WIDTH="1884"
                         VPOS="2865"
                         HPOS="2605">
                  <String HEIGHT="121"
                          WIDTH="185"
                          VPOS="2865"
                          HPOS="2574"
                          CONTENT="C."/>
                  <SP HEIGHT="121" WIDTH="31" VPOS="2865" HPOS="2759"/>
                  <String HEIGHT="121"
                          WIDTH="402"
                          VPOS="2865"
                          HPOS="2667"
                          CONTENT="Hellström"/>
                  <SP HEIGHT="121" WIDTH="31" VPOS="2865" HPOS="3068"/>
                  <String HEIGHT="121"
                          WIDTH="216"
                          VPOS="2865"
                          HPOS="2976"
                          CONTENT="och"/>
                  <SP HEIGHT="121" WIDTH="31" VPOS="2865" HPOS="3192"/>
                  <String HEIGHT="121"
                          WIDTH="185"
                          VPOS="2865"
                          HPOS="3099"
                          CONTENT="V."/>
                  <SP HEIGHT="121" WIDTH="31" VPOS="2865" HPOS="3284"/>
                  <String HEIGHT="121"
                          WIDTH="278"
                          VPOS="2865"
                          HPOS="3192"
                          CONTENT="Bruun"/>
                  <SP HEIGHT="121" WIDTH="31" VPOS="2865" HPOS="3470"/>
                  <String HEIGHT="121"
                          WIDTH="278"
                          VPOS="2865"
                          HPOS="3377"
                          CONTENT="såsom"/>
                  <SP HEIGHT="121" WIDTH="31" VPOS="2865" HPOS="3655"/>
                  <String HEIGHT="121"
                          WIDTH="402"
                          VPOS="2865"
                          HPOS="3562"
                          CONTENT="misstänkt"/>
                  <SP HEIGHT="121" WIDTH="31" VPOS="2865" HPOS="3964"/>
                  <String HEIGHT="121"
                          WIDTH="216"
                          VPOS="2865"
                          HPOS="3871"
                          CONTENT="för"/>
                  <SP HEIGHT="121" WIDTH="31" VPOS="2865" HPOS="4087"/>
                  <String HEIGHT="121"
                          WIDTH="278"
                          VPOS="2865"
                          HPOS="3995"
                          CONTENT="dessa"/>
                  <SP HEIGHT="121" WIDTH="31" VPOS="2865" HPOS="4273"/>
                  <String HEIGHT="121"
                          WIDTH="340"
                          VPOS="2865"
                          HPOS="4149"
                          CONTENT="tillgrepp"/>
               </TextLine>
               <TextLine ID="r3l25"
                         BASELINE="2624,3076 2715,3070 2807,3065 2898,3061 2990,3056 3081,3052 3173,3049 3264,3046 3356,3042 3447,3040 3539,3038 3630,3036 3722,3034 3813,3032 3905,3029 3996,3028 4088,3026 4179,3024 4271,3022 4362,3019 4454,3016"
                         HEIGHT="199"
                         WIDTH="1855"
                         VPOS="2924"
                         HPOS="2611">
                  <String HEIGHT="199"
                          WIDTH="203"
                          VPOS="2924"
                          HPOS="2582"
                          CONTENT="den"/>
                  <SP HEIGHT="199" WIDTH="29" VPOS="2924" HPOS="2785"/>
                  <String HEIGHT="199"
                          WIDTH="145"
                          VPOS="2924"
                          HPOS="2698"
                          CONTENT="7"/>
                  <SP HEIGHT="199" WIDTH="29" VPOS="2924" HPOS="2843"/>
                  <String HEIGHT="199"
                          WIDTH="290"
                          VPOS="2924"
                          HPOS="2756"
                          CONTENT="dennes"/>
                  <SP HEIGHT="199" WIDTH="29" VPOS="2924" HPOS="3046"/>
                  <String HEIGHT="199"
                          WIDTH="348"
                          VPOS="2924"
                          HPOS="2959"
                          CONTENT="anhållit"/>
                  <SP HEIGHT="199" WIDTH="29" VPOS="2924" HPOS="3307"/>
                  <String HEIGHT="199"
                          WIDTH="203"
                          VPOS="2924"
                          HPOS="3220"
                          CONTENT="för"/>
                  <SP HEIGHT="199" WIDTH="29" VPOS="2924" HPOS="3423"/>
                  <String HEIGHT="199"
                          WIDTH="348"
                          VPOS="2924"
                          HPOS="3336"
                          CONTENT="snatteri"/>
                  <SP HEIGHT="199" WIDTH="29" VPOS="2924" HPOS="3683"/>
                  <String HEIGHT="199"
                          WIDTH="377"
                          VPOS="2924"
                          HPOS="3596"
                          CONTENT="straffade"/>
                  <SP HEIGHT="199" WIDTH="29" VPOS="2924" HPOS="3973"/>
                  <String HEIGHT="199"
                          WIDTH="174"
                          VPOS="2924"
                          HPOS="3886"
                          CONTENT="fe"/>
                  <SP HEIGHT="199" WIDTH="29" VPOS="2924" HPOS="4060"/>
                  <String HEIGHT="199"
                          WIDTH="261"
                          VPOS="2924"
                          HPOS="3973"
                          CONTENT="Krono"/>
                  <SP HEIGHT="199" WIDTH="29" VPOS="2924" HPOS="4234"/>
                  <String HEIGHT="199"
                          WIDTH="348"
                          VPOS="2924"
                          HPOS="4118"
                          CONTENT="arbetskar¬"
                          SUBS_TYPE="HypPart1"
                          SUBS_CONTENT="arbetskarlen"/>
                  <HYP CONTENT="-"/>
               </TextLine>
               <TextLine ID="r3l26"
                         BASELINE="2596,3202 2689,3195 2783,3188 2876,3184 2970,3178 3063,3172 3157,3168 3250,3166 3344,3162 3437,3160 3531,3156 3624,3154 3718,3152 3811,3150 3905,3148 3998,3145 4092,3142 4185,3140 4279,3137 4372,3134 4466,3130"
                         HEIGHT="205"
                         WIDTH="1896"
                         VPOS="3043"
                         HPOS="2583">
                  <String HEIGHT="205"
                          WIDTH="214"
                          VPOS="3043"
                          HPOS="2552"
                          CONTENT="len"
                          SUBS_TYPE="HypPart2"
                          SUBS_CONTENT="arbetskarlen"/>
                  <SP HEIGHT="205" WIDTH="31" VPOS="3043" HPOS="2766"/>
                  <String HEIGHT="205"
                          WIDTH="245"
                          VPOS="3043"
                          HPOS="2675"
                          CONTENT="Carl"/>
                  <SP HEIGHT="205" WIDTH="31" VPOS="3043" HPOS="2919"/>
                  <String HEIGHT="205"
                          WIDTH="275"
                          VPOS="3043"
                          HPOS="2828"
                          CONTENT="Oskar"/>
                  <SP HEIGHT="205" WIDTH="31" VPOS="3043" HPOS="3103"/>
                  <String HEIGHT="205"
                          WIDTH="428"
                          VPOS="3043"
                          HPOS="3011"
                          CONTENT="Lindqvist,"/>
                  <SP HEIGHT="205" WIDTH="31" VPOS="3043" HPOS="3439"/>
                  <String HEIGHT="205"
                          WIDTH="306"
                          VPOS="3043"
                          HPOS="3348"
                          CONTENT="boende"/>
                  <SP HEIGHT="205" WIDTH="31" VPOS="3043" HPOS="3653"/>
                  <String HEIGHT="205"
                          WIDTH="153"
                          VPOS="3043"
                          HPOS="3562"
                          CONTENT="i"/>
                  <SP HEIGHT="205" WIDTH="31" VPOS="3043" HPOS="3714"/>
                  <String HEIGHT="205"
                          WIDTH="275"
                          VPOS="3043"
                          HPOS="3623"
                          CONTENT="huset"/>
                  <SP HEIGHT="205" WIDTH="31" VPOS="3043" HPOS="3898"/>
                  <String HEIGHT="205"
                          WIDTH="183"
                          VPOS="3043"
                          HPOS="3806"
                          CONTENT="No"/>
                  <SP HEIGHT="205" WIDTH="31" VPOS="3043" HPOS="3990"/>
                  <String HEIGHT="205"
                          WIDTH="183"
                          VPOS="3043"
                          HPOS="3898"
                          CONTENT="16"/>
                  <SP HEIGHT="205" WIDTH="31" VPOS="3043" HPOS="4081"/>
                  <String HEIGHT="205"
                          WIDTH="183"
                          VPOS="3043"
                          HPOS="3990"
                          CONTENT="A."/>
                  <SP HEIGHT="205" WIDTH="31" VPOS="3043" HPOS="4173"/>
                  <String HEIGHT="205"
                          WIDTH="183"
                          VPOS="3043"
                          HPOS="4081"
                          CONTENT="B."/>
                  <SP HEIGHT="205" WIDTH="31" VPOS="3043" HPOS="4265"/>
                  <String HEIGHT="205"
                          WIDTH="153"
                          VPOS="3043"
                          HPOS="4173"
                          CONTENT="i"/>
                  <SP HEIGHT="205" WIDTH="31" VPOS="3043" HPOS="4326"/>
                  <String HEIGHT="205"
                          WIDTH="275"
                          VPOS="3043"
                          HPOS="4204"
                          CONTENT="stadens"/>
               </TextLine>
               <TextLine ID="r3l27"
                         BASELINE="2612,3308 2703,3306 2794,3302 2886,3300 2977,3296 3069,3293 3160,3289 3251,3286 3343,3282 3434,3279 3526,3276 3617,3272 3708,3268 3800,3265 3891,3262 3983,3260 4074,3256 4165,3254 4257,3252 4348,3250 4440,3250"
                         HEIGHT="160"
                         WIDTH="1852"
                         VPOS="3168"
                         HPOS="2600">
                  <String HEIGHT="160"
                          WIDTH="239"
                          VPOS="3168"
                          HPOS="2570"
                          CONTENT="13de"/>
                  <SP HEIGHT="160" WIDTH="30" VPOS="3168" HPOS="2809"/>
                  <String HEIGHT="160"
                          WIDTH="269"
                          VPOS="3168"
                          HPOS="2719"
                          CONTENT="rote,"/>
                  <SP HEIGHT="160" WIDTH="30" VPOS="3168" HPOS="2988"/>
                  <String HEIGHT="160"
                          WIDTH="329"
                          VPOS="3168"
                          HPOS="2899"
                          CONTENT="hvilken"/>
                  <SP HEIGHT="160" WIDTH="30" VPOS="3168" HPOS="3227"/>
                  <String HEIGHT="160"
                          WIDTH="209"
                          VPOS="3168"
                          HPOS="3138"
                          CONTENT="vid"/>
                  <SP HEIGHT="160" WIDTH="30" VPOS="3168" HPOS="3347"/>
                  <String HEIGHT="160"
                          WIDTH="209"
                          VPOS="3168"
                          HPOS="3257"
                          CONTENT="det"/>
                  <SP HEIGHT="160" WIDTH="30" VPOS="3168" HPOS="3466"/>
                  <String HEIGHT="160"
                          WIDTH="209"
                          VPOS="3168"
                          HPOS="3377"
                          CONTENT="med"/>
                  <SP HEIGHT="160" WIDTH="30" VPOS="3168" HPOS="3586"/>
                  <String HEIGHT="160"
                          WIDTH="269"
                          VPOS="3168"
                          HPOS="3496"
                          CONTENT="honom"/>
                  <SP HEIGHT="160" WIDTH="30" VPOS="3168" HPOS="3765"/>
                  <String HEIGHT="160"
                          WIDTH="388"
                          VPOS="3168"
                          HPOS="3675"
                          CONTENT="anställde"/>
                  <SP HEIGHT="160" WIDTH="30" VPOS="3168" HPOS="4064"/>
                  <String HEIGHT="160"
                          WIDTH="299"
                          VPOS="3168"
                          HPOS="3974"
                          CONTENT="förhör"/>
                  <SP HEIGHT="160" WIDTH="30" VPOS="3168" HPOS="4273"/>
                  <String HEIGHT="160"
                          WIDTH="299"
                          VPOS="3168"
                          HPOS="4153"
                          CONTENT="förnekat"/>
               </TextLine>
               <TextLine ID="r3l28"
                         BASELINE="2612,3428 2705,3424 2798,3420 2891,3416 2984,3412 3077,3408 3170,3404 3263,3400 3356,3396 3449,3392 3543,3388 3636,3386 3729,3382 3822,3379 3915,3376 4008,3374 4101,3370 4194,3368 4287,3366 4380,3364 4474,3362"
                         HEIGHT="183"
                         WIDTH="1891"
                         VPOS="3311"
                         HPOS="2597">
                  <String HEIGHT="183"
                          WIDTH="309"
                          VPOS="3311"
                          HPOS="2563"
                          CONTENT="såväl"/>
                  <SP HEIGHT="183" WIDTH="34" VPOS="3311" HPOS="2872"/>
                  <String HEIGHT="183"
                          WIDTH="241"
                          VPOS="3311"
                          HPOS="2769"
                          CONTENT="att"/>
                  <SP HEIGHT="183" WIDTH="34" VPOS="3311" HPOS="3010"/>
                  <String HEIGHT="183"
                          WIDTH="241"
                          VPOS="3311"
                          HPOS="2906"
                          CONTENT="han"/>
                  <SP HEIGHT="183" WIDTH="34" VPOS="3311" HPOS="3147"/>
                  <String HEIGHT="183"
                          WIDTH="481"
                          VPOS="3311"
                          HPOS="3044"
                          CONTENT="tillgripit"/>
                  <SP HEIGHT="183" WIDTH="34" VPOS="3311" HPOS="3525"/>
                  <String HEIGHT="183"
                          WIDTH="206"
                          VPOS="3311"
                          HPOS="3422"
                          CONTENT="de"/>
                  <SP HEIGHT="183" WIDTH="34" VPOS="3311" HPOS="3628"/>
                  <String HEIGHT="183"
                          WIDTH="206"
                          VPOS="3311"
                          HPOS="3525"
                          CONTENT="af"/>
                  <SP HEIGHT="183" WIDTH="34" VPOS="3311" HPOS="3732"/>
                  <String HEIGHT="183"
                          WIDTH="481"
                          VPOS="3311"
                          HPOS="3628"
                          CONTENT="Målsegarne"/>
                  <SP HEIGHT="183" WIDTH="34" VPOS="3311" HPOS="4110"/>
                  <String HEIGHT="183"
                          WIDTH="378"
                          VPOS="3311"
                          HPOS="4007"
                          CONTENT="anmälde"/>
                  <SP HEIGHT="183" WIDTH="34" VPOS="3311" HPOS="4385"/>
                  <String HEIGHT="183"
                          WIDTH="241"
                          VPOS="3311"
                          HPOS="4247"
                          CONTENT="regn¬"
                          SUBS_TYPE="HypPart1"
                          SUBS_CONTENT="regnkapporne,"/>
                  <HYP CONTENT="-"/>
               </TextLine>
               <TextLine ID="r3l29"
                         BASELINE="2628,3540 2691,3538 2755,3535 2819,3532 2883,3530 2947,3526 3010,3524 3074,3522 3138,3520 3202,3518 3266,3516 3329,3514 3393,3512 3457,3510 3521,3510 3585,3508 3648,3508 3712,3508 3776,3509 3840,3510 3904,3512"
                         HEIGHT="204"
                         WIDTH="1302"
                         VPOS="3403"
                         HPOS="2614">
                  <String HEIGHT="204"
                          WIDTH="434"
                          VPOS="3403"
                          HPOS="2581"
                          CONTENT="kapporne,"
                          SUBS_TYPE="HypPart2"
                          SUBS_CONTENT="regnkapporne,"/>
                  <SP HEIGHT="204" WIDTH="33" VPOS="3403" HPOS="3015"/>
                  <String HEIGHT="204"
                          WIDTH="234"
                          VPOS="3403"
                          HPOS="2914"
                          CONTENT="som"/>
                  <SP HEIGHT="204" WIDTH="33" VPOS="3403" HPOS="3148"/>
                  <String HEIGHT="204"
                          WIDTH="234"
                          VPOS="3403"
                          HPOS="3048"
                          CONTENT="att"/>
                  <SP HEIGHT="204" WIDTH="33" VPOS="3403" HPOS="3282"/>
                  <String HEIGHT="204"
                          WIDTH="234"
                          VPOS="3403"
                          HPOS="3182"
                          CONTENT="han"/>
                  <SP HEIGHT="204" WIDTH="33" VPOS="3403" HPOS="3415"/>
                  <String HEIGHT="204"
                          WIDTH="401"
                          VPOS="3403"
                          HPOS="3315"
                          CONTENT="pantsatt"/>
                  <SP HEIGHT="204" WIDTH="33" VPOS="3403" HPOS="3716"/>
                  <String HEIGHT="204"
                          WIDTH="334"
                          VPOS="3403"
                          HPOS="3582"
                          CONTENT="desamme."/>
               </TextLine>
               <TextLine ID="r3l30"
                         BASELINE="2720,3640 2807,3638 2894,3636 2981,3634 3068,3632 3155,3632 3242,3630 3329,3628 3416,3627 3503,3626 3591,3624 3678,3623 3765,3622 3852,3620 3939,3620 4026,3618 4113,3618 4200,3616 4287,3616 4374,3615 4462,3614"
                         HEIGHT="184"
                         WIDTH="1768"
                         VPOS="3535"
                         HPOS="2707">
                  <String HEIGHT="184"
                          WIDTH="305"
                          VPOS="3535"
                          HPOS="2677"
                          CONTENT="Ogifta"/>
                  <SP HEIGHT="184" WIDTH="30" VPOS="3535" HPOS="2981"/>
                  <String HEIGHT="184"
                          WIDTH="274"
                          VPOS="3535"
                          HPOS="2890"
                          CONTENT="Alida"/>
                  <SP HEIGHT="184" WIDTH="30" VPOS="3535" HPOS="3164"/>
                  <String HEIGHT="184"
                          WIDTH="396"
                          VPOS="3535"
                          HPOS="3073"
                          CONTENT="Andersson"/>
                  <SP HEIGHT="184" WIDTH="30" VPOS="3535" HPOS="3469"/>
                  <String HEIGHT="184"
                          WIDTH="213"
                          VPOS="3535"
                          HPOS="3378"
                          CONTENT="och"/>
                  <SP HEIGHT="184" WIDTH="30" VPOS="3535" HPOS="3591"/>
                  <String HEIGHT="184"
                          WIDTH="274"
                          VPOS="3535"
                          HPOS="3500"
                          CONTENT="Maria"/>
                  <SP HEIGHT="184" WIDTH="30" VPOS="3535" HPOS="3774"/>
                  <String HEIGHT="184"
                          WIDTH="396"
                          VPOS="3535"
                          HPOS="3682"
                          CONTENT="Charlotta"/>
                  <SP HEIGHT="184" WIDTH="30" VPOS="3535" HPOS="4079"/>
                  <String HEIGHT="184"
                          WIDTH="427"
                          VPOS="3535"
                          HPOS="3987"
                          CONTENT="Andersson,"/>
                  <SP HEIGHT="184" WIDTH="30" VPOS="3535" HPOS="4414"/>
                  <String HEIGHT="184"
                          WIDTH="183"
                          VPOS="3535"
                          HPOS="4292"
                          CONTENT="båda"/>
               </TextLine>
               <TextLine ID="r3l31"
                         BASELINE="2620,3756 2714,3754 2808,3750 2902,3748 2996,3746 3090,3744 3184,3742 3278,3742 3372,3740 3466,3740 3561,3738 3655,3738 3749,3738 3843,3738 3937,3738 4031,3738 4125,3738 4219,3738 4313,3740 4407,3740 4502,3742"
                         HEIGHT="175"
                         WIDTH="1905"
                         VPOS="3648"
                         HPOS="2609">
                  <String HEIGHT="175"
                          WIDTH="393"
                          VPOS="3648"
                          HPOS="2579"
                          CONTENT="anställde"/>
                  <SP HEIGHT="175" WIDTH="30" VPOS="3648" HPOS="2972"/>
                  <String HEIGHT="175"
                          WIDTH="212"
                          VPOS="3648"
                          HPOS="2881"
                          CONTENT="som"/>
                  <SP HEIGHT="175" WIDTH="30" VPOS="3648" HPOS="3093"/>
                  <String HEIGHT="175"
                          WIDTH="363"
                          VPOS="3648"
                          HPOS="3002"
                          CONTENT="biträden"/>
                  <SP HEIGHT="175" WIDTH="30" VPOS="3648" HPOS="3365"/>
                  <String HEIGHT="175"
                          WIDTH="151"
                          VPOS="3648"
                          HPOS="3274"
                          CONTENT="å"/>
                  <SP HEIGHT="175" WIDTH="30" VPOS="3648" HPOS="3425"/>
                  <String HEIGHT="175"
                          WIDTH="454"
                          VPOS="3648"
                          HPOS="3335"
                          CONTENT="Pantlånaren"/>
                  <SP HEIGHT="175" WIDTH="30" VPOS="3648" HPOS="3788"/>
                  <String HEIGHT="175"
                          WIDTH="181"
                          VPOS="3648"
                          HPOS="3698"
                          CONTENT="P."/>
                  <SP HEIGHT="175" WIDTH="30" VPOS="3648" HPOS="3879"/>
                  <String HEIGHT="175"
                          WIDTH="181"
                          VPOS="3648"
                          HPOS="3788"
                          CONTENT="J."/>
                  <SP HEIGHT="175" WIDTH="30" VPOS="3648" HPOS="3970"/>
                  <String HEIGHT="175"
                          WIDTH="333"
                          VPOS="3648"
                          HPOS="3879"
                          CONTENT="Osbergs"/>
                  <SP HEIGHT="175" WIDTH="30" VPOS="3648" HPOS="4212"/>
                  <String HEIGHT="175"
                          WIDTH="423"
                          VPOS="3648"
                          HPOS="4091"
                          CONTENT="Pantlånekon¬"/>
               </TextLine>
            </TextBlock>
         </PrintSpace>
      </Page>
   </Layout>
</alto>
