5198 4109
572 217 445 121 Fisktorget
922 217 540 121 sammanträffat
1366 217 222 121 med
1493 217 508 121 arbetskarlen
1906 217 286 121 Johan
2065 217 381 121 Arvidsson,

553 341 381 97 hvilken
830 341 381 97 anmodat
1108 341 312 97 honom
1315 341 416 97 försälja
1627 341 520 97 ifrågakomne
2008 341 416 97 pantsedel.

683 450 163 88 I
749 450 424 88 anledning
1075 450 293 88 häraf
1270 450 293 88 hafva
1466 450 782 88 detektivkonstaplarne
2151 450 196 88 V.
2216 450 228 88 Bruun

570 558 213 88 och
691 558 365 88 Engqvist
965 558 365 88 Lördagen
1239 558 213 88 den
1361 558 183 88 21
1452 558 304 88 dennes
1665 558 365 88 anhållit
1939 558 274 88 förre
2091 558 365 88 Artilleri¬-

558 669 259 87 sten
719 669 291 87 Johan
913 669 453 87 Arvidsson,
1269 669 323 87 boende
1495 669 162 87 i
1560 669 453 87 Handlanden
1915 669 453 87 Tellanders
2238 669 162 87 hus

570 777 225 93 vid
698 777 417 93 Carlslund
1019 777 161 93 i
1084 777 353 93 Örgryte
1340 777 353 93 Socken,
1597 777 353 93 hvilken
1854 777 225 93 vid
1983 777 225 93 det
2111 777 225 93 med
2207 777 225 93 honom

559 893 400 87 anställda
867 893 307 87 förhör
1082 893 246 87 till
1235 893 184 87 en
1328 893 307 87 början
1543 893 430 87 uppgifvit,
1881 893 215 87 att
2004 893 215 87 han
2127 893 154 87 i
2157 893 277 87 Septem¬-

554 999 238 99 ber
690 999 306 99 månad
894 999 408 99 förlidet
1201 999 204 99 år
1303 999 272 99 köpt
1473 999 511 99 ifrågakomne
1881 999 477 99 ylletröja,
2222 999 170 99 som

548 1100 237 112 han
684 1100 407 112 Onsdagen
989 1100 237 112 den
1124 1100 203 112 18
1226 1100 339 112 dennes
1463 1100 407 112 pantsatt
1768 1100 237 112 för
1904 1100 203 112 En
2005 1100 339 112 Krona,
2209 1100 203 112 samt

557 1212 233 104 att
690 1212 233 104 han
823 1212 399 104 lördagen
1122 1212 233 104 den
1255 1212 199 104 21
1354 1212 332 104 dennes
1587 1212 366 104 anmodat
1853 1212 532 104 arbetskarlen
2252 1212 166 104 An¬-

555 1319 247 104 ders
710 1319 402 104 Johansson
1019 1319 217 104 att
1143 1319 371 104 försälja
1421 1319 464 104 pantsedeln;
1792 1319 433 104 förnekande
2102 1319 340 104 Arvidsson

574 1439 241 90 all
711 1439 413 90 kännedom
1021 1439 207 90 om
1125 1439 586 90 ifrågavarande
1573 1439 413 90 tillgrepp.

706 1534 221 97 Vid
833 1534 378 97 anställd
1116 1534 441 97 visitation
1463 1534 158 97 i
1526 1534 441 97 Arvidssons
1872 1534 315 97 bostad
2093 1534 284 97 hafva
2250 1534 158 97 på¬-

543 1646 419 96 träffats
858 1646 210 96 de
962 1646 280 96 från
1137 1646 314 96 Nyman
1347 1646 489 96 tillgripne
1731 1646 245 96 blå
1836 1646 594 96 bomullsbyxorna;

566 1748 208 100 och
685 1748 208 100 har
804 1748 416 100 Arvidsson,
1131 1748 208 100 som
1249 1748 149 100 i
1309 1748 386 100 anledning
1606 1748 267 100 häraf
1784 1748 446 100 ytterligare
2111 1748 267 100 blifvit

551 1861 296 112 hörd,
748 1861 362 112 sålunda
1011 1861 329 112 ändrat
1241 1861 230 112 sin
1373 1861 296 112 förre
1570 1861 362 112 uppgift
1833 1861 394 112 angående
2096 1861 296 112 tröjan,

548 1971 226 106 att
677 1971 226 106 han
806 1971 387 106 tisdagen
1097 1971 226 106 den
1226 1971 194 106 17
1323 1971 323 106 dennes
1549 1971 194 106 af
1645 1971 194 106 en
1742 1971 355 106 obekant
2001 1971 355 106 yngling
2227 1971 161 106 för

543 2083 208 112 En
647 2083 312 112 Krona
855 2083 208 112 50
959 2083 242 112 öre
1098 2083 346 112 inköpt
1340 2083 416 112 densamma
1652 2083 312 112 jemte
1860 2083 208 112 de
1964 2083 242 112 blå
2068 2083 346 112 byxorna;

544 2199 445 100 vidhållande
900 2199 386 100 Andersson
1197 2199 148 100 i
1257 2199 297 100 öfrigt
1464 2199 237 100 sitt
1613 2199 415 100 förnekande
1939 2199 178 100 af
1999 2199 415 100 tillgreppet.

645 2311 207 102 På
749 2311 311 102 grund
957 2311 207 102 af
1060 2311 277 102 hvad
1233 2311 380 102 sålunda
1510 2311 519 102 förekommit,
1925 2311 346 102 kommer
2132 2311 242 102 Johan

531 2420 401 110 Arfvidsson
847 2420 201 110 att
961 2420 258 110 denna
1133 2420 201 110 dag
1248 2420 201 110 för
1362 2420 201 110 PKn
1477 2420 401 110 inställas.
1792 2420 344 110 Göteborg
2050 2420 172 110 d.
2136 2420 172 110 23
2193 2420 201 110 Febr.

516 2553 182 57 1880.

117 2634 268 76 No
207 2634 223 76 37.

74 2760 275 71 Johan
226 2760 244 71 August

64 2840 334 75 Andersson.

585 2609 693 116 Skomakeriarbetaren
1183 2609 284 116 Johan
1372 2609 315 116 August
1593 2609 441 116 Andersson,
1939 2609 315 116 boende
2160 2609 158 116 i
2191 2609 189 116 Soc¬-

529 2723 438 133 kerbagaren
873 2723 438 133 Anderssons
1217 2723 219 133 hus
1342 2723 156 133 å
1405 2723 344 133 Lisedal
1655 2723 188 133 No
1749 2723 156 133 2
1812 2723 156 133 i
1875 2723 344 133 Örgryte
2094 2723 250 133 socken

504 2845 225 135 har
633 2845 386 135 lördagen
922 2845 225 135 den
1051 2845 193 135 21
1147 2845 322 135 dennes
1372 2845 354 135 anmält,
1630 2845 225 135 att
1759 2845 225 135 han
1887 2845 290 135 sagde
2080 2845 225 135 dag
2209 2845 225 135 kl.
2305 2845 97 135 3

526 2964 253 134 e.m.
684 2964 158 134 å
748 2964 632 134 Bolagsvärdshuset
1285 2964 190 134 No
1380 2964 158 134 5
1443 2964 221 134 vid
1570 2964 474 134 Kungstorget
1949 2964 411 134 qvarglömt
2234 2964 126 134 en

508 3072 317 146 paket,
730 3072 508 146 innehållande
1143 3072 222 146 tre
1270 3072 222 146 st.
1397 3072 476 146 läderbitar,
1777 3072 286 146 värde
1968 3072 159 146 2
2031 3072 222 146 Kr.
2158 3072 190 146 50
2221 3072 159 146 öre

511 3197 250 135 samt
667 3197 250 135 att,
824 3197 188 135 då
918 3197 219 135 han
1043 3197 250 135 kort
1200 3197 376 135 derefter
1481 3197 407 135 återvändt
1794 3197 219 135 för
1920 3197 219 135 att
2045 3197 282 135 hemta
2201 3197 157 135 pa¬-

501 3330 326 119 keten,
730 3330 293 119 denne
925 3330 293 119 varit
1088 3330 424 119 försvunnen.

626 3420 274 123 Sedan
808 3420 487 123 arbetskarlen
1204 3420 304 123 August
1417 3420 396 123 Eriksson,
1721 3420 304 123 boende
1934 3420 152 123 i
1995 3420 274 123 huset
2177 3420 183 123 No
2238 3420 122 123 17

514 3542 236 114 Litt
662 3542 148 114 K
721 3542 148 114 i
780 3542 443 114 Redbergslid
1135 3542 354 114 upplyst,
1401 3542 207 114 att
1519 3542 207 114 han
1637 3542 236 114 sett
1785 3542 177 114 en
1873 3542 325 114 person,
2110 3542 207 114 som
2198 3542 148 114 se¬-

515 3668 358 92 dermera
776 3668 424 92 befunnits
1102 3668 261 92 vara
1265 3668 228 92 för
1395 3668 326 92 första
1623 3668 293 92 resan
1819 3668 293 92 stöld
1982 3668 358 92 straffade

511 3768 502 90 arbetskarlen
919 3768 283 90 Johan
1107 3768 314 90 August
1327 3768 408 90 Andersson
1641 3768 251 90 från
1798 3768 471 90 Nafverstads
2143 3768 251 90 socken

2717 265 245 104 inne
2871 265 153 104 å
2932 265 613 104 Bolagsvärdshuset
3453 265 245 104 taga
3606 265 337 104 paketen
3851 265 215 104 och
3974 265 306 104 dermed
4188 265 337 104 begifva
4403 265 153 104 sig

2706 375 268 108 bort,
2885 375 179 108 så
2974 375 209 108 har
3094 375 566 108 Poliskonstapeln
3571 375 179 108 No
3660 375 179 108 57
3750 375 328 108 Jonsson
3988 375 238 108 kort
4137 375 358 108 derefter
4376 375 238 108 anhål¬-

2702 484 223 115 lit
2830 484 351 115 bemälde
3085 484 447 115 Andersson,
3436 484 351 115 hvilken
3691 484 223 115 vid
3818 484 223 115 det
3946 484 223 115 med
4074 484 287 115 honom
4233 484 351 115 anställde

2719 578 286 120 förhör
2920 578 400 120 uppgifvit,
3234 578 200 120 att
3348 578 229 120 han,
3491 578 200 120 som
3606 578 200 120 den
3720 578 172 120 30
3806 578 257 120 sist.
3978 578 343 120 December
4235 578 143 120 i
4263 578 315 120 Uddevalla

2702 672 348 145 blifvit
2955 672 316 145 häktad
3176 672 284 145 såsom
3366 672 411 145 misstänkt
3682 672 221 145 för
3808 672 411 145 häststöld
4124 672 253 145 inom
4251 672 379 145 Skaraborgs

2713 771 246 157 län,
2867 771 215 157 men
2990 771 246 157 icke
3144 771 308 157 kunnat
3359 771 308 157 fällas
3575 771 246 157 till
3729 771 308 157 ansvar
3944 771 215 157 för
4067 771 277 157 sagde
4252 771 308 157 brott,
4436 771 154 157 den

2719 869 186 157 18
2812 869 310 157 dennes
3029 869 341 157 blifvit
3277 869 341 157 hitsänd
3525 869 217 157 med
3649 869 434 157 fångskjuts
3989 869 248 157 från
4144 869 403 157 Mariestad
4423 869 155 157 och

2727 974 204 159 den
2843 974 175 159 20
2931 974 175 159 ds
3018 974 175 159 af
3106 974 233 159 KBde
3252 974 379 159 härstädes
3543 974 350 159 erhållit
3806 974 233 159 pass
3952 974 204 159 för
4068 974 204 159 att
4185 974 321 159 begifva
4418 974 204 159 sig

2723 1087 245 152 till
2876 1087 398 152 hemorten,
3183 1087 245 152 samt
3336 1087 214 152 att
3458 1087 214 152 han
3580 1087 459 152 visserligen
3948 1087 398 152 innevarit
4254 1087 153 152 å
4285 1087 275 152 bolags¬-

2726 1189 420 156 värdshuset
3056 1189 180 156 No
3146 1189 150 156 5
3206 1189 210 156 vid
3327 1189 450 156 Kungstorget
3687 1189 210 156 vid
3807 1189 450 156 ifrågakomne
4168 1189 420 156 tillfälle,
4468 1189 150 156 men

2709 1331 185 120 ej
2802 1331 432 120 tillgripit
3141 1331 278 120 något
3295 1331 247 120 paket.

2780 1404 206 133 På
2883 1404 309 133 grund
3089 1404 206 133 af
3192 1404 275 133 hvad
3364 1404 378 133 sålunda
3638 1404 515 133 förekommit,
4051 1404 344 133 kommer
4257 1404 309 133 arbets¬-

2734 1515 298 158 karlen
2943 1515 269 158 Johan
3122 1515 298 158 August
3331 1515 388 158 Andersson
3629 1515 209 158 att
3749 1515 269 158 denna
3928 1515 209 158 dag
4047 1515 209 158 för
4166 1515 209 158 PKn
4256 1515 358 158 inställas.

3039 1650 390 104 Göteborg
3331 1650 228 104 den
3461 1650 195 104 23
3559 1650 390 104 Februari
3819 1650 228 104 1880.

4592 1750 244 56 No
4674 1750 203 56 38.

4575 1874 252 61 Ossian
4726 1874 303 61 Hermansson

4569 1953 138 57 m.
4638 1953 161 57 fl.
4707 1953 299 57 minderårige

2788 1761 304 134 Sedan
2991 1761 371 134 hustrun
3260 1761 304 134 Nelly
3463 1761 472 134 Lundström,
3834 1761 337 134 boende
4070 1761 169 134 i
4137 1761 304 134 huset
4340 1761 202 134 No
4407 1761 135 134 18

2711 1871 218 154 vid
2835 1871 560 154 Drottninggatan
3302 1871 373 154 Lördagen
3582 1871 218 154 den
3706 1871 187 154 21
3800 1871 311 154 dennes
4017 1871 342 154 anmält,
4266 1871 218 154 att
4359 1871 187 154 sam¬-

2716 1977 190 158 ma
2811 1977 222 158 dag
2938 1977 222 158 kl.
3065 1977 158 158 2
3128 1977 253 158 e.m.
3286 1977 158 158 å
3350 1977 475 158 Kungstorget
3730 1977 285 158 genom
3920 1977 412 158 fickstöld
4237 1977 253 158 från
4363 1977 222 158 henne

2700 2101 479 158 tillgripits
3084 2101 192 158 en
3180 2101 160 158 i
3243 2101 320 158 hennes
3467 2101 416 158 kappficka
3787 2101 384 158 förvarad
4075 2101 320 158 gammal
4266 2101 320 158 portmon¬-

2714 2207 244 160 naie
2866 2207 213 160 med
2988 2207 365 160 stållås,
3261 2207 487 160 innehållande
3657 2207 213 160 Tre
3779 2207 304 160 Kronor
3992 2207 152 160 i
4053 2207 457 160 silfvermynt
4388 2207 152 160 och

2699 2315 283 172 något
2887 2315 472 172 kopparmynt,
3265 2315 189 172 så
3359 2315 220 172 har
3485 2315 692 172 detektivkonstapeln
4083 2315 189 172 P.
4177 2315 377 172 Lindgren
4429 2315 157 172 på¬-

2705 2419 313 178 följde
2924 2419 219 178 dag
3049 2419 219 178 för
3174 2419 281 178 detta
3362 2419 407 178 tillgrepp
3674 2419 375 178 anhållit
3956 2419 469 178 ynglingarne
4300 2419 250 178 Ossian

2717 2539 465 168 Hermansson,
3089 2539 248 168 född
3244 2539 217 168 den
3368 2539 155 168 7
3430 2539 341 168 Januari
3679 2539 248 168 1866
3834 2539 217 168 och
3958 2539 217 168 son
4082 2539 248 168 till
4206 2539 372 168 Timmerman¬-

2694 2637 209 195 nen
2814 2637 239 195 Carl
2963 2637 298 195 Edvard
3172 2637 448 195 Hermansson,
3530 2637 269 195 egare
3709 2637 179 195 af
3798 2637 209 195 och
3917 2637 298 195 boende
4126 2637 149 195 i
4186 2637 269 195 huset
4365 2637 179 195 No
4425 2637 119 195 14

2705 2755 236 175 Litt
2852 2755 147 175 B
2911 2755 177 175 af
2999 2755 354 175 Majornas
3265 2755 295 175 Tredje
3471 2755 265 175 rote,
3648 2755 265 175 Johan
3825 2755 324 175 Fredrik
4060 2755 413 175 Söderberg,
4355 2755 177 175 född

2705 2865 220 176 den
2830 2865 157 176 5
2893 2865 376 176 November
3175 2865 251 176 1865
3332 2865 220 176 och
3457 2865 220 176 son
3583 2865 251 176 till
3740 2865 502 176 arbetskarlen
4148 2865 251 176 Olof
4273 2865 251 176 Anders

2713 2965 429 182 Söderberg,
3050 2965 306 182 boende
3264 2965 153 182 i
3326 2965 275 182 huset
3509 2965 184 182 No
3601 2965 184 182 88
3693 2965 184 182 af
3785 2965 367 182 Majornas
4060 2965 214 182 5te
4183 2965 275 182 rote,
4336 2965 214 182 Albin

2712 3079 336 174 Billing,
2964 3079 224 174 född
3104 3079 196 174 den
3217 3079 168 174 29
3301 3079 308 174 Januari
3525 3079 224 174 1866
3665 3079 196 174 och
3777 3079 196 174 son
3889 3079 224 174 till
4029 3079 252 174 enkan
4198 3079 252 174 Sofia
4338 3079 252 174 Billing

2727 3195 145 181 i
2785 3195 260 181 huset
2958 3195 173 181 No
3045 3195 202 181 111
3161 3195 173 181 af
3247 3195 347 181 Majornas
3507 3195 202 181 5te
3623 3195 231 181 rote
3768 3195 202 181 och
3883 3195 231 181 Otto
4028 3195 289 181 Martin
4201 3195 347 181 Börjesson,

2727 3309 236 167 född
2874 3309 206 167 den
2992 3309 177 167 23
3080 3309 383 167 September
3374 3309 236 167 1868
3522 3309 206 167 och
3640 3309 206 167 son
3757 3309 236 167 till
3905 3309 471 167 arbetskarlen
4287 3309 236 167 Erik
4405 3309 177 167 Bör¬-

2684 3423 327 164 jesson,
2922 3423 298 164 boende
3131 3423 149 164 i
3190 3423 268 164 huset
3369 3423 179 164 No
3458 3423 179 164 27
3548 3423 238 164 Litt
3696 3423 179 164 H.
3786 3423 208 164 vid
3905 3423 387 164 Långgatan
4203 3423 149 164 i
4232 3423 298 164 Landala,

2700 3553 298 135 hvilka
2909 3553 209 135 vid
3028 3553 209 135 det
3147 3553 209 135 med
3267 3553 209 135 dem
3386 3553 149 135 i
3445 3553 387 135 anledning
3743 3553 268 135 häraf
3922 3553 387 135 anställda
4220 3553 298 135 förhör
4399 3553 179 135 upp¬-

2699 3714 231 64 gifvit:

2715 3760 184 92 1o
2807 3760 306 92 Ossian
3021 3760 459 92 Hermansson,
3389 3760 214 92 att
3511 3760 214 92 han
3633 3760 153 92 i
3695 3760 367 92 sällskap
3970 3760 214 92 med
4092 3760 428 92 Söderberg,
4398 3760 184 92 Bil¬
