4965 4046
504 177 194 183 en
601 177 258 183 säck
762 177 452 183 hvetemjöl,
1117 177 323 183 hvadan
1343 177 549 183 förbindelsen,
1795 177 323 183 derest
2021 177 226 183 den
2118 177 258 183 afsåge

495 308 276 165 flera
679 308 307 165 varor,
894 308 337 165 blifvit
1139 308 460 165 förfalskad;
1508 308 245 165 samt
1661 308 215 165 att
1784 308 399 165 Andersson
2090 308 153 165 i
2121 308 276 165 bilagde

477 426 445 189 skrifvelse
827 426 191 189 af
922 426 222 189 den
1049 426 191 189 10
1144 426 286 189 sist.
1335 426 254 189 Mars
1494 426 318 189 erkänt
1716 426 222 189 att
1843 426 222 189 den
1970 426 191 189 af
2066 426 254 189 hans
2193 426 222 189 fader

512 545 413 182 utfärdade
830 545 730 182 borgensförbindelsen
1465 545 318 182 endast
1687 545 381 182 upptagit
1973 545 191 182 en
2068 545 254 182 säck
2195 545 191 182 hve¬-

489 646 345 187 temjöl,
740 646 220 187 men
865 646 220 187 att
990 646 220 187 han
1116 646 157 187 å
1179 646 502 187 förbindelsen
1586 646 314 187 ändrat
1806 646 157 187 1
1869 646 251 187 till
2025 646 188 187 4,
2088 646 345 187 hvarjemte

486 790 237 166 han
622 790 169 166 å
689 790 406 166 densamma
994 790 542 166 tillskrifvit
1434 790 237 166 1/2
1570 790 339 166 ankare
1773 790 271 166 sirup.

591 904 154 177 I
653 904 400 177 anledning
960 904 277 177 häraf
1145 904 307 177 afläts
1360 904 215 177 den
1483 904 154 177 1
1544 904 307 177 dennes
1759 904 430 177 skrifvelse
2098 904 246 177 till
2221 904 184 177 Kro¬-

512 996 521 187 nolänsmannen
935 996 195 187 C.
1033 996 195 187 J.
1131 996 390 187 Rylander
1423 996 163 187 i
1488 996 293 187 Marks
1684 996 325 187 härads
1911 996 293 187 Östra
2074 996 358 187 Länsmans¬-

494 1143 409 121 distrikt,
808 1143 220 121 med
934 1143 346 121 anmodan
1185 1143 220 121 att
1311 1143 283 121 kalla
1500 1143 409 121 Andersson
1814 1143 252 121 till
1940 1143 409 121 inställelse

516 1247 290 193 inför
709 1247 226 193 PKn
838 1247 161 193 i
902 1247 258 193 dess
1064 1247 483 193 sessionsrum
1450 1247 161 193 å
1515 1247 387 193 Rådhuset
1805 1247 387 193 Fredagen
2095 1247 226 193 den
2224 1247 193 193 15
2288 1247 129 193 ds

500 1372 198 184 för
613 1372 198 184 att
726 1372 255 184 höras
897 1372 255 184 öfver
1067 1372 454 184 angifvelsen,
1435 1372 142 184 å
1492 1372 312 184 hvilken
1719 1372 397 184 skrifvelse
2030 1372 227 184 svar
2172 1372 170 184 ej
2229 1372 170 184 till

502 1469 673 179 Poliskammaren
1017 1469 436 179 ankommit.

647 1562 379 177 Måndagen
931 1562 221 177 den
1058 1562 189 177 26
1152 1562 315 177 dennes
1373 1562 221 177 har
1499 1562 221 177 Pol
1625 1562 694 177 detektivkonstapeln
2225 1562 189 177 C.
2288 1562 126 177 V.

508 1681 434 182 Söderqvist
849 1681 217 182 här
973 1681 155 182 i
1035 1681 310 182 staden
1252 1681 372 182 anhållit
1530 1681 434 182 oftanämnde
1871 1681 279 182 Adolf
2026 1681 372 182 Andersson,

512 1803 334 182 hvilken
755 1803 182 182 nu
846 1803 182 182 år
937 1803 364 182 anställd
1210 1803 213 182 hos
1331 1803 546 182 Bagaremästaren
1787 1803 182 182 C.
1878 1803 182 182 G.
1969 1803 334 182 Larsson
2212 1803 152 182 i
2242 1803 152 182 hu¬-

488 1926 231 187 set
620 1926 198 187 No
719 1926 198 187 34
818 1926 231 187 vid
950 1926 495 187 Husargatan;
1346 1926 231 187 och
1477 1926 231 187 har
1609 1926 429 187 Andersson
1939 1926 231 187 vid
2071 1926 231 187 det
2170 1926 165 187 med

493 2090 287 134 honom
684 2090 414 134 anställde
1003 2090 319 134 förhör
1226 2090 382 134 vidgått,
1513 2090 223 134 att
1640 2090 255 134 han,
1800 2090 223 134 som
1927 2090 287 134 idkat
2118 2090 319 134 bageri
2309 2090 96 134 i

499 2177 420 128 Håkankila
822 2177 161 128 i
886 2177 323 128 Sätila
1112 2177 355 128 socken,
1370 2177 194 128 af
1467 2177 226 128 sin
1596 2177 291 128 fader
1790 2177 323 128 Anders
1984 2177 355 128 Håkansson

489 2285 417 208 förskaffat
817 2285 208 208 sig
936 2285 179 208 en
1025 2285 655 208 borgensförbindelse
1590 2285 208 208 för
1709 2285 179 208 en
1799 2285 238 208 säck
1948 2285 417 208 hvetemjöl;
2245 2285 149 208 att

507 2444 260 133 efter
680 2444 202 133 det
796 2444 289 133 fadern
998 2444 491 133 underskrifvit
1403 2444 491 133 förbindelsen,
1807 2444 202 133 han
1923 2444 404 133 falseligen
2212 2444 144 133 än¬-

486 2533 239 166 drat
636 2533 150 166 1
696 2533 239 166 till
845 2533 180 166 4,
935 2533 389 166 hvarjemte
1234 2533 209 166 han
1354 2533 479 166 tillskrifvit
1743 2533 209 166 1/2
1862 2533 299 166 ankare
2072 2533 299 166 sirup;
2251 2533 150 166 att

512 2601 201 197 han
627 2601 173 197 på
714 2601 316 197 berörde
944 2601 633 197 borgensförbindelse
1490 2601 259 197 jemte
1663 2601 201 197 sin
1778 2601 230 197 egen
1893 2601 518 197 skuldförbindelse

505 2720 198 210 af
604 2720 331 210 firman
836 2720 298 210 Olehn
1034 2720 165 210 &
1100 2720 198 210 Co
1199 2720 198 210 på
1299 2720 232 210 två
1431 2720 397 210 månaders
1729 2720 232 210 tid
1861 2720 198 210 på
1960 2720 331 210 kredit
2159 2720 165 210 er¬-

505 2839 302 148 hållit
716 2839 151 148 4
776 2839 302 148 säckar
987 2839 271 148 mjöl,
1168 2839 211 148 och
1289 2839 211 148 1/2
1410 2839 302 148 ankare
1621 2839 302 148 sirup,
1832 2839 452 148 alltsammans
2164 2839 211 148 värdt

494 2947 212 172 144
615 2947 303 172 Kronor
827 2947 182 172 19
917 2947 242 172 öre;
1069 2947 212 172 att
1190 2947 212 172 han
1311 2947 272 172 ämnat
1492 2947 242 172 till
1644 2947 303 172 firman
1855 2947 303 172 betala
2067 2947 212 172 sin
2158 2947 242 172 skuld,

493 3045 227 170 men
622 3045 227 170 att
752 3045 194 170 då
849 3045 227 170 han
978 3045 324 170 saknat
1205 3045 291 170 medel
1399 3045 389 170 dertill,
1691 3045 227 170 han
1820 3045 162 170 i
1885 3045 259 170 bref
2047 3045 194 170 af
2144 3045 227 170 den
2241 3045 130 170 10

492 3148 294 161 sist.
689 3148 262 161 Mars
852 3148 360 161 upplyst
1114 3148 327 161 firman
1343 3148 196 161 om
1441 3148 622 161 förfalskningen;
1965 3148 262 161 samt
2128 3148 229 161 att
2226 3148 164 161 han

493 3281 278 174 efter
678 3281 216 174 det
802 3281 247 174 hans
956 3281 278 174 fader
1141 3281 247 174 till
1295 3281 278 174 Olehn
1480 3281 154 174 &
1542 3281 185 174 Co
1634 3281 216 174 med
1757 3281 185 174 33
1850 3281 308 174 Kronor
2066 3281 308 174 betalt
2251 3281 154 174 den

506 3369 232 191 säck
651 3369 406 191 hvetemjöl,
970 3369 203 191 för
1086 3369 319 191 hvilken
1318 3369 261 191 denne
1492 3369 290 191 iklädt
1695 3369 203 191 sig
1811 3369 319 191 borgen,
2043 3369 203 191 han
2159 3369 145 191 i
2188 3369 174 191 slu¬-

482 3489 197 166 tet
594 3489 169 166 af
679 3489 225 166 Mars
820 3489 253 166 månad
989 3489 338 166 begifvit
1242 3489 197 166 sig
1354 3489 197 166 hit
1467 3489 225 166 till
1608 3489 281 166 staden
1805 3489 197 166 för
1917 3489 197 166 att
2030 3489 225 166 söka
2143 3489 253 166 arbete.

559 3600 170 174 På
644 3600 255 174 grund
814 3600 170 174 af
899 3600 227 174 hvad
1041 3600 312 174 sålunda
1268 3600 426 174 förekommit,
1609 3600 284 174 kommer
1807 3600 255 174 Adolf
1978 3600 369 174 Andersson
2233 3600 142 174 att

485 3689 295 188 denna
682 3689 230 188 dag
813 3689 230 188 för
945 3689 230 188 PKn
1076 3689 460 188 inställas.
1437 3689 394 188 Göteborg
1732 3689 230 188 den
1864 3689 197 188 27
1962 3689 295 188 April
2126 3689 230 188 1880.

4482 206 276 131 No
4574 206 230 131 98.

4455 362 266 60 Herman
4615 362 240 60 Wilhelm

4469 422 228 90 Nilsson
4635 422 145 90 och
4697 422 145 90 Johan

4462 488 193 107 Ivar
4558 488 242 107 Jonsson.

2728 196 603 201 Poliskonstapeln
3236 196 190 201 No
3331 196 190 201 59
3427 196 349 201 Norberg
3681 196 222 201 har
3808 196 381 201 Måndagen
4093 196 222 201 den
4220 196 190 201 26
4316 196 190 201 ds
4379 196 127 201 på

2605 326 244 181 f.m.
2758 326 275 181 efter
2942 326 336 181 anmälan
3186 326 183 181 af
3278 326 580 181 Grosshandlanden
3766 326 183 181 J.
3858 326 183 181 M.
3950 326 428 181 Hollender,
4255 326 214 181 boen¬-

2590 445 203 128 den
2706 445 145 128 i
2764 445 260 128 huset
2937 445 174 128 No
3024 445 145 128 4
3082 445 203 128 vid
3198 445 260 128 Lilla
3371 445 376 128 Korsgatan
3661 445 347 128 anhållit
3921 445 203 128 för
4037 445 347 128 snatteri
4268 445 232 128 straf¬-

2578 524 252 191 fade
2736 524 662 191 Snickeriarbetaren
3304 524 315 191 Herman
3525 524 347 191 Wilhelm
3777 524 379 191 Nilsson,
4061 524 315 191 boende
4282 524 158 191 i
4313 524 158 191 hu¬-

2591 645 223 180 set
2719 645 191 180 No
2814 645 223 180 146
2942 645 255 180 Litt
3101 645 191 180 E.
3197 645 191 180 af
3292 645 382 180 Majornas
3579 645 319 180 Tredje
3802 645 255 180 rote
3961 645 223 180 för
4089 645 223 180 det
4216 645 223 180 han
4312 645 191 180 jem¬-

2590 746 205 170 te
2692 746 205 170 en
2794 746 307 170 annan
2999 746 341 170 person
3238 746 273 170 kort
3408 746 307 170 förut
3613 746 443 170 uppbrutit
3954 746 341 170 dörren
4192 746 273 170 till
4329 746 136 170 en

2594 880 256 132 låst
2754 880 320 132 tambur
2978 880 160 132 i
3042 880 448 132 Hollenders
3362 880 288 132 bostad.

2731 920 345 168 Nilsson,
2990 920 316 168 hvilken
3219 920 201 168 vid
3334 920 431 168 anhållandet
3679 920 345 168 innehade
3937 920 172 168 en
4024 920 431 168 skrufmejsel
4339 920 144 168 och

2581 1030 182 224 en
2672 1030 334 224 hammare
2915 1030 213 224 har
3036 1030 152 224 i
3097 1030 395 224 anledning
3400 1030 273 224 häraf
3583 1030 334 224 blifvit
3826 1030 273 224 hörd,
4008 1030 334 224 hvarvid
4251 1030 213 224 han
4342 1030 182 224 upp¬-

2600 1168 318 198 gifvit,
2831 1168 202 198 att
2947 1168 202 198 han
3062 1168 202 198 och
3178 1168 202 198 för
3293 1168 347 198 snatteri
3553 1168 375 198 straffade
3842 1168 606 198 Snickeriarbetaren
4333 1168 144 198 Jo¬-

2589 1262 203 169 han
2705 1262 232 169 Ivar
2850 1262 348 169 Jonsson,
3112 1262 290 169 boende
3315 1262 145 169 i
3373 1262 261 169 huset
3547 1262 174 169 No
3634 1262 174 169 16
3721 1262 203 169 vid
3837 1262 348 169 Rygatan,
4070 1262 377 169 visserligen

2589 1371 393 159 innevarit
2891 1371 151 159 i
2952 1371 454 159 ofvannämnde
3315 1371 242 159 hus,
3466 1371 212 159 der
3587 1371 333 159 Jonsson
3829 1371 302 159 frågat
4041 1371 272 159 efter
4192 1371 272 159 arbete,

2603 1480 213 178 men
2724 1480 213 178 att
2846 1480 335 178 hvarken
3090 1480 213 178 han
3212 1480 274 178 eller
3395 1480 335 178 Jonsson
3639 1480 396 178 uppbrutit
3944 1480 335 178 dörren,
4188 1480 244 178 samt
4310 1480 152 178 att

2587 1590 221 207 han
2714 1590 190 207 af
2809 1590 348 207 Jonsson
3062 1590 380 207 erhållit
3347 1590 221 207 den
3473 1590 190 207 af
3568 1590 285 207 honom
3758 1590 411 207 innehafda
4043 1590 475 207 skrufmejseln.

2767 1704 348 197 Jonsson,
3028 1704 203 197 som
3144 1704 290 197 jemväl
3346 1704 319 197 blifvit
3578 1704 348 197 anhållen
3839 1704 203 197 och
3955 1704 261 197 hörd,
4128 1704 203 197 har
4244 1704 232 197 till
4360 1704 116 197 en

2594 1813 308 180 början
2810 1813 400 180 förnekat,
3118 1813 216 180 att
3241 1813 216 180 han
3364 1813 154 180 i
3426 1813 370 180 sällskap
3703 1813 216 180 med
3826 1813 339 180 Nilsson
4072 1813 400 180 innevarit
4350 1813 92 180 i

2582 1911 278 203 huset
2767 1911 185 203 No
2860 1911 154 203 4
2921 1911 216 203 vid
3045 1911 278 203 Lilla
3230 1911 432 203 Korsgatan,
3569 1911 216 203 men
3692 1911 278 203 sedan
3877 1911 432 203 uppgifvit,
4216 1911 216 203 att
4309 1911 154 203 han

2591 2063 154 163 i
2653 2063 369 163 sällskap
2930 2063 215 163 med
3053 2063 338 163 Nilsson
3299 2063 277 163 varit
3483 2063 215 163 der
3606 2063 215 163 för
3729 2063 215 163 att
3852 2063 246 163 söka
4006 2063 338 163 arbete,
4252 2063 215 163 men
4344 2063 123 163 ej

2580 2135 439 200 uppbrutit
2918 2135 507 200 ofvannämnde
3324 2135 304 200 dörr,
3526 2135 270 200 samt
3695 2135 237 200 att
3830 2135 237 200 han
3965 2135 203 200 ej
4067 2135 338 200 lemnat
4270 2135 237 200 Nils¬-

2577 2296 248 151 son
2718 2296 532 151 ifrågakomne
3109 2296 319 151 mejsel.

2735 2340 702 187 Detektivkonstapeln
3341 2340 446 187 Söderqvist
3692 2340 223 187 har
3819 2340 223 187 vid
3947 2340 510 187 undersökning
4329 2340 128 187 af

2585 2497 291 118 låset
2779 2497 162 118 å
2844 2497 227 118 den
2973 2497 259 118 till
3135 2497 389 118 tamburen
3427 2497 356 118 ledande
3686 2497 291 118 dörr,
3880 2497 162 118 å
3945 2497 453 118 dörrkanten
4269 2497 194 118 fun¬-

2587 2555 235 198 nit
2722 2555 335 198 märken
2956 2555 302 198 efter
3158 2555 235 198 den
3292 2555 201 198 af
3393 2555 369 198 Nilsson
3661 2555 436 198 innehafde
3963 2555 503 198 skrufmejseln.

2727 2690 584 182 Handelsbiträdet
3219 2690 185 182 C.
3312 2690 185 182 J.
3404 2690 431 182 Johansson,
3742 2690 369 182 anställd
4019 2690 215 182 hos
4111 2690 369 182 Handlanden

2580 2839 292 136 Johan
2774 2839 487 136 Hjelmqvist,
3164 2839 325 136 boende
3392 2839 162 136 i
3457 2839 487 136 förstnämnde
3846 2839 260 136 hus,
4009 2839 227 136 har
4106 2839 325 136 upplyst,

2595 2918 203 187 att
2711 2918 203 187 han
2827 2918 464 187 förstberörde
3204 2918 203 187 dag
3320 2918 174 187 på
3407 2918 174 187 f.
3494 2918 174 187 m.
3582 2918 232 187 sett
3727 2918 319 187 Nilsson
3959 2918 203 187 och
4075 2918 319 187 Jonsson
4278 2918 232 187 ståen¬-

2595 3025 185 162 de
2688 3025 216 162 vid
2811 3025 432 162 Hollenders
3151 3025 278 162 dörr,
3336 3025 216 162 men
3459 3025 216 162 att
3583 3025 247 162 han,
3737 3025 216 162 som
3861 3025 278 162 trott
4046 3025 216 162 att
4169 3025 185 162 de
4231 3025 216 162 varit

2582 3152 475 186 sysselsatte
2962 3152 222 186 med
3089 3152 222 186 att
3216 3152 253 186 laga
3374 3152 443 186 dörrlåset,
3722 3152 253 186 gått
3880 3152 412 186 derifrån;
4197 3152 253 186 samt
4324 3152 158 186 att

2581 3254 220 174 nat
2706 3254 189 174 en
2801 3254 283 174 stund
2989 3254 377 174 derefter
3272 3254 252 174 hört
3430 3254 409 174 Hollender
3744 3254 346 174 omtala,
3996 3254 220 174 att
4122 3254 283 174 låset
4279 3254 220 174 blif¬-

2592 3387 214 141 vit
2683 3387 366 141 uppbrutet.

2632 3477 220 185 På
2742 3477 330 185 grund
2963 3477 220 185 af
3073 3477 294 185 hvad
3256 3477 404 185 sålunda
3550 3477 551 185 förekommit,
3991 3477 330 185 komma
4174 3477 294 185 Herman

2583 3625 364 119 Wilhelm
2848 3625 364 119 Nilsson
3112 3625 232 119 och
3244 3625 298 119 Johan
3443 3625 265 119 Ivar
3608 3625 364 119 Jonsson
3873 3625 232 119 att
4005 3625 298 119 denna
4203 3625 232 119 dag
4303 3625 165 119 för

2591 3689 577 191 Poliskammaren
3066 3689 475 191 inställas.
3439 3689 407 191 Göteborg
3744 3689 237 191 den
3880 3689 204 191 27
3982 3689 305 191 April
4152 3689 237 191 1880.
