4702 4074
479 230 245 207 att
619 230 315 207 såväl
829 230 315 207 deras
1039 230 245 207 som
1179 230 525 207 Fehrnströms
1598 230 245 207 och
1738 230 525 207 Gustafssons
2123 230 210 207 ved¬-

473 386 499 132 bodsdörrar
866 386 392 132 blifvit
1151 386 499 132 uppbrutne,
1543 386 464 132 Johansson
1900 386 250 132 och
2007 386 321 132 Valther

488 518 183 152 i
562 518 550 152 Fehrnströms
1002 518 367 152 vedbod
1259 518 477 152 påträffat
1626 518 257 152 dem
1773 518 477 152 tillhörig
2103 518 220 152 ved;

488 605 232 181 att
620 605 298 181 sedan
819 605 199 181 de
918 605 165 181 i
984 605 430 181 anledning
1315 605 298 181 deraf
1514 605 463 181 tillkallat
1878 605 331 181 hustru
2076 605 265 181 Fehrn¬-

495 723 333 217 ström,
728 723 233 217 hon
861 723 333 217 erkänt
1093 723 233 217 sig
1226 723 299 217 hafva
1426 723 432 217 olofligen
1759 723 466 217 tillgripit
2091 723 233 217 före¬-

473 861 397 183 nämnde
751 861 199 183 i
831 861 477 183 vedboden
1188 861 556 183 påträffade
1625 861 357 183 veden
1863 861 318 183 och,
2022 861 278 183 jemte

479 945 246 209 det
619 945 246 209 hon
760 945 281 209 bedt
936 945 246 209 dem
1077 945 211 209 om
1182 945 527 209 förlåtelse,
1604 945 492 209 frivilligt
1955 945 352 209 återlem¬-

490 1095 238 169 nat
626 1095 340 169 veden;
864 1095 272 169 samt
1034 1095 238 169 att
1170 1095 476 169 Johansson,
1545 1095 238 169 som
1681 1095 170 169 i
1749 1095 510 169 Fehrnströms
2123 1095 204 169 ved¬-

484 1222 259 196 bod
632 1222 370 196 jemväl
891 1222 370 196 funnit
1149 1222 259 196 två
1297 1222 591 196 tvättbaljor,
1778 1222 370 196 hvilka
1999 1222 296 196 mycket

468 1362 373 171 liknade
739 1362 203 171 de
841 1362 271 171 från
1010 1362 441 171 Johansson
1349 1362 508 171 tillgripna,
1756 1362 508 171 tillsvidare
2129 1362 169 171 och

463 1477 168 210 i
531 1477 404 210 afvaktan
833 1477 202 210 på
934 1477 505 210 Polisförhör
1338 1477 303 210 tagit
1540 1477 404 210 baljorna
1843 1477 168 210 i
1910 1477 370 210 förvar,
2146 1477 168 210 men

468 1591 279 181 att
628 1591 279 181 han
787 1591 319 181 icke
987 1591 279 181 med
1147 1591 479 181 säkerhet
1506 1591 359 181 kunde
1745 1591 519 181 igenkänna
2104 1591 200 181 dem

465 1744 328 166 såsom
683 1744 255 166 sin
793 1744 547 166 tillhörighet.

600 1816 168 188 I
668 1816 437 188 anledning
1004 1816 302 188 häraf
1205 1816 302 188 hafva
1407 1816 806 188 detektivkonstaplarne
2112 1816 202 188 C.
2180 1816 134 188 G.

474 1963 293 154 Andrén
679 1963 205 154 och
796 1963 263 154 Peter
971 1963 351 154 Lindgren
1234 1963 205 154 den
1351 1963 146 154 8
1410 1963 293 154 dennes
1615 1963 205 154 för
1732 1963 263 154 dessa
1907 1963 380 154 tillgrepp
2171 1963 146 154 an¬-

456 2052 347 160 hållit
699 2052 382 160 hustrun
977 2052 520 160 Fehrnström;
1393 2052 243 160 och
1532 2052 243 160 har
1671 2052 243 160 vid
1809 2052 208 160 af
1913 2052 312 160 samme
2087 2052 208 160 kon¬-

461 2162 399 168 staplar
751 2162 436 168 anställd
1078 2162 581 168 undersökning
1550 2162 182 168 i
1622 2162 218 168 en
1731 2162 399 168 makarne
1986 2162 290 168 Fehrn¬-

458 2291 300 190 ström
658 2291 433 190 tillhörig
991 2291 500 190 vindsskrubb
1390 2291 466 190 påträffats
1757 2291 233 190 ett
1890 2291 333 190 mindre
2090 2291 233 190 parti

467 2388 202 221 af
568 2388 235 221 den
703 2388 269 221 från
871 2388 437 221 Johansson
1207 2388 471 221 tillgripne
1577 2388 437 221 björkved,
1913 2388 437 221 undangömd
2216 2388 101 221 i

467 2503 198 154 en
566 2503 362 154 trälåda
829 2503 263 154 samt
994 2503 198 154 10
1093 2503 230 154 st.
1224 2503 329 154 mindre
1455 2503 296 154 bitar
1652 2503 198 154 af
1751 2503 263 154 dels
1916 2503 198 154 ny
2015 2503 230 154 och
2113 2503 198 154 dels

457 2608 324 202 gammal
684 2608 422 202 segelduk,
1008 2608 324 202 hvilka
1235 2608 422 202 befunnits
1560 2608 389 202 tillhöra
1819 2608 487 202 Segelsömmaren

400 2784 437 140 Johansson.

613 2824 260 190 Wid
761 2824 260 190 det
910 2824 260 190 med
1058 2824 371 190 hustru
1318 2824 519 190 Fehrnström
1726 2824 482 190 anställda
2059 2824 223 190 för¬-

451 2964 246 180 hör
591 2964 246 180 har
732 2964 246 180 hon
872 2964 421 180 vidgått,
1188 2964 246 180 att
1328 2964 246 180 hon
1469 2964 316 180 under
1679 2964 456 180 sistlidne
1995 2964 281 180 sommar

461 3103 441 143 åtskillige
807 3103 346 143 gånger,
1059 3103 189 143 då
1153 3103 315 143 dörren
1374 3103 252 143 till
1531 3103 441 143 Johanssons
1878 3103 315 143 vedbod
2067 3103 220 143 stått

436 3197 331 171 öppen,
668 3197 232 171 der
800 3197 464 171 tillgripit
1164 3197 265 171 ved,
1330 3197 232 171 som
1462 3197 397 171 utgjorde
1760 3197 232 171 det
1893 3197 298 171 parti
2058 3197 199 171 wed,

443 3295 222 173 som
570 3295 190 173 nu
665 3295 443 173 anträffats
1013 3295 253 173 dels
1172 3295 158 173 i
1235 3295 380 173 vedboden
1520 3295 222 173 och
1647 3295 253 173 dels
1805 3295 158 173 å
1868 3295 348 173 vinden;
2090 3295 190 173 samt

448 3417 239 183 att
584 3417 239 183 hon
721 3417 307 183 genom
926 3417 205 183 en
1028 3417 376 183 öppning
1302 3417 171 183 i
1370 3417 342 183 väggen
1609 3417 376 183 emellan
1848 3417 410 183 Johanssons

444 3503 242 207 och
583 3503 381 207 makarne
860 3503 520 207 Fehrnströms
1276 3503 554 207 vindsskrubb,
1726 3503 381 207 hvilken
1968 3503 312 207 öppning

443 3621 359 206 bildats
704 3621 326 206 deraf,
933 3621 228 206 att
1063 3621 196 206 en
1161 3621 294 206 bräda
1357 3621 163 206 i
1422 3621 326 206 väggen
1650 3621 391 206 lossnat,
1911 3621 326 206 utdragit

2369 207 771 229 segelduksbitarne;
3030 207 441 229 hvaremot
3361 207 367 229 hustru
3618 207 514 229 Fehrnström
3985 207 220 229 för¬-

2357 353 350 177 nekat,
2602 353 245 177 att
2742 353 245 177 hon
2883 353 280 177 vore
3058 353 245 177 sig
3198 353 280 177 från
3373 353 385 177 Walther
3653 353 315 177 eller
3829 353 420 177 Gustafsson

2363 470 385 210 föröfvat
2652 470 289 210 något
2845 470 450 210 tillgrepp;
3198 470 257 210 samt
3359 470 450 210 förklarat,
3712 470 225 210 att
3840 470 257 210 hon,
3969 470 289 210 hvarken

2351 602 303 212 sjelf
2553 602 404 212 föröfvat
2856 602 471 212 omförmälde
3226 602 370 212 inbrott
3496 602 303 212 eller
3698 602 269 212 hade
3866 602 303 212 någon
4034 602 202 212 kän¬-

2361 722 321 155 nedom
2575 722 214 155 om
2682 722 677 155 gerningsmannen;
3252 722 285 155 samt
3430 722 249 155 att
3573 722 428 155 baljorna
3893 722 285 155 voro
4036 722 178 155 ma¬-

2342 846 334 164 karne
2565 846 557 164 Fehrnströms
3010 846 297 164 egen
3158 846 557 164 tillhörighet.

2476 904 447 208 Härjemte
2811 904 261 208 har
2960 904 522 208 Skomakaren
3370 904 224 208 J.
3482 904 522 208 Fehrnström
3855 904 335 208 blifvit

2371 1041 287 178 hörd,
2563 1041 351 178 hvarvid
2818 1041 223 178 han
2946 1041 447 178 uppgifvit,
3297 1041 223 178 att
3424 1041 223 178 han
3552 1041 255 178 icke
3711 1041 255 178 egde
3871 1041 287 178 någon
4031 1041 191 178 kän¬-

2358 1158 317 186 nedom
2569 1158 211 186 om
2675 1158 211 186 de
2780 1158 211 186 af
2886 1158 282 186 hans
3062 1158 352 186 hustru
3308 1158 458 186 föröfvade
3660 1158 528 186 tillgreppen
4048 1158 211 186 samt

2368 1259 245 196 att
2508 1259 210 196 då
2613 1259 455 196 dörrlåset
2962 1259 280 196 till
3137 1259 280 196 hans
3312 1259 350 196 vedbod
3557 1259 350 196 jemväl
3801 1259 385 196 blifvit
4046 1259 210 196 upp¬-

2358 1373 328 182 brutit
2588 1373 229 182 han
2719 1373 328 182 derför
2948 1373 459 182 misstänkte
3309 1373 426 182 Johansson
3636 1373 229 182 och
3767 1373 393 182 Walther,
4029 1373 197 182 enär

2378 1488 308 210 desse
2583 1488 308 210 varit
2788 1488 239 210 de,
2925 1488 239 210 som
3061 1488 308 210 först
3266 1488 308 210 gjort
3471 1488 478 210 Fehrnström
3813 1488 444 210 uppmärksam¬-

2369 1638 340 166 derpå,
2607 1638 238 166 att
2743 1638 442 166 inbrotten
3083 1638 340 166 skett,
3321 1638 408 166 hvartill
3627 1638 306 166 komme
3831 1638 238 166 att
3967 1638 204 166 de
4035 1638 170 166 an¬-

2383 1734 424 224 tagligen
2700 1734 247 224 för
2842 1734 247 224 att
2983 1734 282 224 från
3159 1734 247 224 sig
3301 1734 388 224 förtaga
3583 1734 565 224 misstänkarne
4007 1734 247 224 medan

2392 1827 490 188 Fehrnström
2777 1827 315 188 varit
2987 1827 350 188 borta,
3232 1827 490 188 tillkallat
3616 1827 280 188 hans
3791 1827 350 188 hustru
4001 1827 210 188 och,

2382 1949 322 213 efter
2597 1949 250 213 att
2740 1949 322 213 hafva
2954 1949 465 213 förevisat
3312 1949 322 213 henne
3526 1949 214 213 de
3633 1949 465 213 uppbrutna
3955 1949 286 213 låsen,

2371 2051 458 239 beskyllat
2723 2051 317 239 henne
2934 2051 246 239 för
3075 2051 493 239 inbrottens
3462 2051 493 239 föröfvande
3849 2051 282 239 samt
3990 2051 246 239 tvin¬-

2369 2147 292 256 gat
2536 2147 375 256 henne
2786 2147 292 256 att
2952 2147 250 256 ur
3077 2147 458 256 makarne
3411 2147 625 256 Fehrnströms
3869 2147 333 256 wedbod

2376 2295 355 219 utbära
2624 2295 248 219 ett
2766 2295 319 219 parti
2979 2295 248 219 dem
3120 2295 461 219 tillhörig
3475 2295 284 219 ved;
3652 2295 461 219 hvarjemte
3972 2295 248 219 Fern¬-

2376 2406 294 266 ström
2572 2406 392 266 angifvit
2866 2406 424 266 Johansson
3192 2406 228 266 att
3323 2406 294 266 hafva
3519 2406 424 266 olofligen
3812 2406 392 266 tillgripit

2378 2547 222 218 de
2489 2547 259 218 två
2637 2547 222 218 af
2748 2547 333 218 honom
2969 2547 480 218 innehafde
3339 2547 665 218 tvättbaljorna,
3856 2547 296 218 hvilka

2387 2703 463 162 tillhörde
2708 2703 463 162 Fehrnström.

2544 2766 257 196 Med
2691 2766 477 196 anledning
3058 2766 220 196 af
3168 2766 551 196 Fehrnströms
3609 2766 551 196 angifvelse,
4013 2766 220 196 haf¬-

2408 2858 210 263 va
2513 2858 456 263 Johansson
2864 2858 245 263 och
3004 2858 386 263 Warther
3284 2858 386 263 blifvit
3565 2858 351 263 hörda,
3810 2858 386 263 hvarvid
4056 2858 140 263 de

2404 3007 514 248 uppgifvit
2800 3007 474 248 åberopat
3155 3007 316 248 sina
3353 3007 198 248 i
3432 3007 672 248 anmälningarne
3946 3007 316 248 lemna¬-

2394 3123 221 235 de
2505 3123 479 235 uppgifter
2873 3123 258 235 och
3020 3123 405 235 sålunda
3315 3123 479 235 förnekat,
3683 3123 258 235 att
3831 3123 221 235 de
3904 3123 332 235 lösbru¬-

2381 3235 257 192 tit
2528 3235 331 192 låsen
2749 3235 257 192 för
2896 3235 551 192 vedbodarne,
3336 3235 441 192 äfvensom
3667 3235 514 192 Johansson,
4034 3235 184 192 att

2384 3356 241 206 han
2521 3356 482 206 tillgripit
2900 3356 447 206 baljorna;
3244 3356 447 206 hvarjemte
3588 3356 447 206 Johansson
3932 3356 241 206 och
4036 3356 206 206 Wal¬-

2391 3468 301 197 ther
2580 3468 452 197 tillagt,
2919 3468 264 197 att
3069 3468 339 197 sedan
3295 3468 226 197 de
3408 3468 377 197 funnit
3672 3468 264 197 dem
3785 3468 414 197 tillhörig

2398 3592 264 189 ved
2549 3592 189 189 i
2625 3592 415 189 makarne
2927 3592 566 189 Fehrnströms
3380 3592 378 189 vedbod
3644 3592 264 189 och
3795 3592 302 189 till
3946 3592 302 189 hustru
