4949 4057
61 234 322 166 No
169 234 268 166 117

102 387 329 107 Johan
285 387 220 107 Aron

86 463 391 131 Gustafsson.

483 304 1088 123 Handlanden
1338 304 700 123 Adolf
1727 304 622 123 Magnus

473 394 641 112 hvilken
939 394 408 112 har
1172 394 583 112 kontor
1580 394 291 112 i
1697 394 525 112 huset
2046 394 350 112 No
2163 394 233 112 24

451 472 411 143 vid
686 472 1058 143 Magasinsgatan,
1568 472 411 143 har
1803 472 411 143 den
2038 472 353 143 18
2156 472 235 143 ds

456 578 680 159 anmält,
951 578 433 159 att
1198 578 989 159 Arbetskarlen
1940 578 433 159 Johan

487 689 459 143 Aron
774 689 862 143 Gustafsson,
1463 689 632 143 hvilken
1865 689 402 143 någon

461 772 404 125 tid
692 772 462 125 haft
981 772 865 125 anställning
1673 772 404 125 hos
1846 772 519 125 Magnus'

458 840 504 166 firma
794 840 336 166 A.
962 840 560 166 Magnus
1354 840 280 166 &
1465 840 336 166 Ci
1633 840 392 166 för
1857 840 392 166 att
2025 840 280 166 för

456 934 690 197 firmans
958 934 690 197 räkning
1460 934 690 197 uppköpa
1900 934 439 197 skinn

450 1037 470 132 och
718 1037 604 132 hudar
1121 1037 671 132 natten
1591 1037 671 132 mellan
1994 1037 336 132 den

481 1139 296 116 14
629 1139 346 116 och
826 1139 296 116 15
974 1139 296 116 ds
1123 1139 642 116 olofligen
1616 1139 494 116 beredt
1962 1139 346 116 sig
2110 1139 247 116 in¬-

463 1216 429 166 träde
749 1216 238 166 i
845 1216 286 166 en
940 1216 429 166 firmans

1243 1208 346 72 tillhörig

1361 1196 304 155 å
1483 1196 730 155 Hultmans
1969 1196 426 155 holme

476 1299 705 178 befintlig
1018 1299 1085 178 Magasinsbyggnad,
1886 1299 488 178 hvarest

446 1382 523 156 skinn
794 1382 407 156 och
1027 1382 523 156 hudar
1375 1382 871 156 förvarades;
2014 1382 349 156 samt

477 1469 407 148 att,
732 1469 458 148 ehuru
1037 1469 560 148 berörde
1445 1469 458 148 natt,
1750 1469 458 148 något
2005 1469 356 148 till¬-

452 1562 480 167 grepp,
788 1562 480 167 såvidt
1124 1562 432 167 kändt
1412 1562 336 167 är,
1603 1562 384 167 icke
1795 1562 528 167 föröfvats

480 1650 254 178 i
582 1650 1118 178 magasinsbyggnaden,
1548 1650 712 178 Gustafsson
2056 1650 305 178 dock

455 1752 665 154 antagligen
977 1752 380 154 haft
1214 1752 332 154 för
1404 1752 475 154 afsigt
1736 1752 332 154 att
1926 1752 332 154 der
2069 1752 332 154 till¬-

438 1830 497 225 gripa
769 1830 552 225 skinn,
1156 1830 552 225 hvilka
1542 1830 718 225 sedermera
2040 1830 331 225 kun¬-

437 1953 427 194 nat
681 1953 366 194 af
864 1953 550 194 honom
1231 1953 489 194 åter
1536 1953 489 194 till
1780 1953 489 194 firman

416 2104 542 122 försäljas.

660 2137 698 177 Följande
1183 2137 698 177 personen
1706 2137 523 177 hafva
1997 2137 349 177 upp¬-

464 2229 806 178 lysningsvis
1109 2229 591 178 blifvit
1540 2229 484 178 hörde
1862 2229 376 178 och
2023 2229 323 178 der¬-

464 2352 389 131 vid
631 2352 612 131 berättat:

496 2371 313 193 1o
652 2371 938 193 Arbetskarlarne
1434 2371 573 193 Theodor
1799 2371 573 193 Kjellgren

488 2505 253 135 i
590 2505 455 135 huset
893 2505 303 135 No
1044 2505 253 135 4
1145 2505 354 135 vid
1347 2505 657 135 Långgatan
1852 2505 253 135 i
1903 2505 505 135 Landala,

450 2591 501 167 Johan
784 2591 724 167 Jakobsson
1341 2591 278 167 i
1453 2591 501 167 huset
1787 2591 334 167 No
1954 2591 334 167 78
2066 2591 278 167 vid

452 2680 1055 175 Skräddaregatan
1332 2680 410 175 och
1566 2680 586 175 Anders
1918 2680 410 175 Abra¬-

448 2779 587 173 hamsson
875 2779 267 173 i
981 2779 480 173 huset
1302 2779 320 173 No
1462 2779 320 173 23
1622 2779 374 173 vid
1782 2779 587 173 Spanmåls¬-

458 2850 537 204 gatan
817 2850 418 204 att
1055 2850 358 204 de
1235 2850 776 204 samtlige,
1832 2850 418 204 som
2011 2850 358 204 haft

449 2942 617 209 arbete
881 2942 432 209 för
1128 2942 617 209 firman
1559 2942 617 209 Magnus
1991 2942 308 209 &
2053 2942 308 209 Ci,

452 3072 966 151 tillbringat
1225 3072 644 151 natten
1675 3072 644 151 mellan
2062 3072 322 151 den

464 3171 314 171 14
621 3171 366 171 och
830 3171 314 171 15
987 3171 314 171 ds
1144 3171 262 171 i
1248 3171 785 171 ifrågakomne
1824 3171 575 171 magasins¬-

474 3241 651 200 byggnad;
962 3241 379 200 att
1179 3241 325 200 de
1341 3241 596 200 omkring
1775 3241 379 200 kl.
1992 3241 379 200 1/2
2154 3241 163 200 3

454 3354 345 152 på
626 3354 690 152 morgonen
1143 3354 632 152 blifvit
1603 3354 575 152 väckte
1948 3354 402 152 genom

453 3430 555 173 något
823 3430 616 173 buller
1255 3430 370 173 ur
1440 3430 431 173 sin
1686 3430 493 173 sömn
1933 3430 431 173 hvar¬-

466 3538 405 172 vid
698 3538 347 172 de
871 3538 925 172 varseblifvit
1565 3538 694 172 Gustafsson

2589 254 472 146 inne
2884 254 295 146 i
3002 254 767 146 magasinet
3591 254 767 146 uppehålla
4122 254 295 146 sig

2579 326 263 162 i
2685 326 631 162 närheten
3158 326 316 162 af
3316 326 316 162 de
3473 326 368 162 der
3684 326 631 162 upplagde
4104 326 421 162 skinn¬-

2557 426 622 137 högar;
2992 426 498 137 samt
3304 426 436 137 att
3553 426 373 137 då
3677 426 809 137 Abrahamsson

2574 523 699 141 tillropat
3112 523 753 141 Gustafsson
3704 523 377 141 med
3919 523 484 141 fråga
4188 523 323 141 hvad

2570 595 396 171 han
2797 595 453 171 hade
3080 595 396 171 der
3306 595 396 171 att
3532 595 509 171 göra,
3815 595 679 171 Gustafsson

2556 686 690 152 sprungit
3073 686 460 152 bort
3361 686 403 152 och
3591 686 690 152 klättrat
4051 686 403 152 öfver

2560 780 410 133 det
2795 780 761 133 magasinet
3380 780 820 133 omgifvande
3966 780 586 133 planket.

2569 879 314 111 2o
2726 879 838 111 Arbetskarlen
3406 879 471 111 Johan
3721 879 733 111 Petersson,
4244 879 262 111 bo¬-

2562 977 560 108 ende
2912 977 350 108 i
3052 977 1119 108 Timmermannen
3891 977 560 108 Anders

2583 1053 608 161 Larssons
3040 1053 355 161 hus
3242 1053 253 161 i
3344 1053 862 161 Tjörbostaden,
4053 1053 355 161 att
4206 1053 253 161 han

2589 1135 380 165 den
2806 1135 326 165 13
2969 1135 326 165 ds
3132 1135 597 165 träffat
3566 1135 815 165 Gustafsson,
4163 1135 272 165 som

2568 1221 434 170 för
2816 1221 558 170 honom
3188 1221 682 170 omtalat
3685 1221 434 170 det
3933 1221 434 170 han
4119 1221 372 170 sam¬-

2574 1312 368 142 na
2758 1312 430 142 dag
3003 1312 307 142 f
3126 1312 491 142 köpt
3433 1312 430 142 för
3678 1312 368 142 A.
3863 1312 614 142 Magnus
4231 1312 184 142 &

2574 1397 382 184 Cis
2793 1397 600 184 räkning
3229 1397 327 184 26
3392 1397 600 184 stycken
3774 1397 491 184 stycken

2567 1498 553 161 skinn,
2954 1498 553 161 hvaraf
3341 1498 332 161 11
3506 1498 387 161 st.
3727 1498 332 161 af
3838 1498 608 161 Skepparen

2594 1570 484 200 Olsson
2932 1570 387 200 från
3174 1570 677 200 Gerlesborg
3706 1570 339 200 för
3900 1570 242 200 2
3996 1570 290 200 kr
4141 1570 290 200 90
4238 1570 242 200 öre

2571 1677 424 168 st.;
2836 1677 424 168 samt
3101 1677 371 168 att
3313 1677 318 168 då
3472 1677 689 168 Petersson
4003 1677 371 168 den
4215 1677 318 168 16
4321 1677 212 168 ds

2529 1749 1152 197 sammanträffat
3478 1749 474 197 med
3681 1749 746 197 Skepparen

2571 1862 573 181 Olsson
2972 1862 516 181 denne
3316 1862 344 181 på
3488 1862 573 181 fråga,
3832 1862 631 181 förklarat

2565 1939 394 174 att
2790 1939 394 174 han
3015 1939 337 174 ej
3183 1939 450 174 sålt
3465 1939 506 174 några
3802 1939 506 174 skinn
4083 1939 394 174 tilll

2565 2051 925 164 Gustafsson
3291 2051 396 164 så
3489 2051 660 164 mycket
3886 2051 528 164 heldre

2537 2137 411 188 som
2772 2137 411 188 han
3007 2137 352 188 ej
3183 2137 470 188 haft
3477 2137 528 188 några
3829 2137 411 188 att
4005 2137 470 188 sälja.

2693 2252 1117 204 Gustafsson,
3586 2252 819 204 hvilken
4107 2252 372 204 bor

2566 2363 278 185 i
2678 2363 501 185 huset
3012 2363 334 185 No
3179 2363 278 185 3
3290 2363 390 185 vid
3513 2363 724 185 Albogatan
4069 2363 390 185 har
4236 2363 167 185 i

2513 2520 720 114 anledning

3003 2477 322 93 häraf

3238 2442 602 177 blifvit
3676 2442 492 177 hörd,
3950 2442 492 177 hvarvid

2570 2543 412 201 han
2806 2543 824 201 uppgifvit;
3453 2543 412 201 att
3689 2543 412 201 han
3924 2543 471 201 haft
4160 2543 294 201 an¬-

2564 2650 722 183 ställning
3119 2650 389 183 att
3341 2650 389 183 för
3563 2650 555 183 firman
3951 2650 333 183 A.
4062 2650 444 183 Magnus

2571 2744 289 173 &
2687 2744 405 173 Cis
2918 2744 636 173 räkning
3381 2744 636 173 uppköpa
3844 2744 578 173 skinn;
4191 2744 289 173 att

2580 2856 372 163 han
2793 2856 585 163 alldrig
3218 2856 479 163 någon
3537 2856 479 163 natt,
3857 2856 372 163 och
4016 2856 479 163 således

2572 2976 494 107 icke
2881 2976 618 107 heller
3314 2976 618 107 natten
3746 2976 618 107 mellan
4117 2976 309 107 den

2592 3018 305 149 14
2745 3018 355 149 och
2948 3018 305 149 15
3100 3018 305 149 ds
3252 3018 457 149 varit
3557 3018 254 149 i
3658 3018 761 149 ifrågakomne
4216 3018 254 149 ma¬-

2562 3114 511 195 gasin;
2919 3114 358 195 att
3124 3114 358 195 han
3328 3114 358 195 den
3532 3114 306 195 15
3686 3114 306 195 ds
3839 3114 358 195 kl.
4043 3114 255 195 4
4145 3114 306 195 på
4248 3114 255 195 mo¬-

2542 3217 552 165 gonen
2910 3217 613 165 lemnat
3339 3217 491 165 sitt
3646 3217 429 165 hem
3891 3217 429 165 och
4075 3217 368 165 gått

2575 3329 453 160 till
2858 3329 848 160 Kungstorget
3537 3329 396 160 för
3763 3329 396 160 att
3933 3329 509 160 uppköpa

2559 3370 638 197 skinn;
3006 3370 510 197 samt
3325 3370 447 197 att
3580 3370 447 197 han
3835 3370 447 197 den
4090 3370 383 197 13
4218 3370 255 197 ds

2582 3505 317 185 af
2741 3505 686 185 Skepparen
3269 3505 528 185 Olsson
3638 3505 422 185 från
3849 3505 634 185 Gerlesborg

2570 3607 392 211 köpt
2815 3607 294 211 11
2962 3607 343 211 st.
3158 3607 441 211 skinn
3452 3607 343 211 för
3649 3607 539 211 firmans
3992 3607 490 211 räkning.
