4894 4078
431 200 410 178 öppnat
718 200 532 178 hänglåset
1127 200 328 178 till
1332 200 246 178 en
1455 200 410 178 fjerde
1701 200 614 178 verktygslåda,

422 302 422 176 hvarur
717 302 253 176 de
844 302 591 176 tillgripit
1309 302 253 176 en
1436 302 296 176 fil
1605 302 296 176 och
1774 302 253 176 en
1900 302 338 176 syl,
2069 302 296 176 hvil¬-

422 413 281 137 ka
563 413 514 137 verktyg
937 413 608 137 Andersson
1404 413 608 137 behållit;
1872 413 327 137 att
2059 413 281 137 af
2152 413 187 137 de

421 497 723 187 frånbrutne
990 497 465 187 eller
1300 497 568 187 öppnade
1661 497 672 187 hänglåsarne

435 607 600 123 Andersson
896 607 554 123 behållit
1312 607 323 123 två
1496 607 323 123 och
1681 607 508 123 Nilsson
2004 607 231 123 en,

419 702 360 172 att
624 702 720 172 Hermansson
1190 702 823 172 sönderskurit
1858 702 309 172 en
1961 702 360 172 stor¬-

408 794 472 195 tröja
722 794 420 195 samt
985 794 262 195 i
1090 794 315 195 en
1247 794 420 195 burk
1509 794 839 195 innehållande
2139 794 262 195 må¬-

400 903 558 153 lareförg
818 903 650 153 nedstoppat
1329 903 279 153 en
1468 903 743 153 skinntröjta;
2026 903 325 153 hvar¬-

410 1018 450 158 jemte
710 1018 350 158 han
910 1018 500 158 jemväl
1260 1018 800 158 sönderskurit
1861 1018 500 158 strängen

399 1095 365 159 till
627 1095 274 159 en
719 1095 274 159 såg.

502 1181 266 166 I
608 1181 692 166 anledning
1141 1181 479 166 häraf
1461 1181 479 166 hafva
1727 1181 639 166 ofvannämn¬-

353 1296 340 180 de
523 1296 566 180 Ossian
919 1296 792 180 Hermansson
1542 1296 396 180 och
1768 1296 566 180 Albert
2108 1296 283 180 An¬-

372 1395 569 164 dersson
786 1395 569 164 blifvit
1199 1395 362 164 den
1406 1395 310 164 22
1561 1395 310 164 ds
1716 1395 620 164 anhållne
2130 1395 258 164 och

385 1500 695 196 förhörde,
919 1500 588 196 hvarvid
1347 1500 802 196 Hermansson,
1989 1500 374 196 som
2149 1500 214 196 är

429 1614 390 185 född
673 1614 342 185 den
868 1614 244 185 7
966 1614 537 185 Januari
1356 1614 390 185 1866
1600 1614 342 185 och
1795 1614 342 185 son
1991 1614 293 185 af
2088 1614 293 185 tim¬-

395 1706 776 158 mermannen
992 1706 477 158 Carl
1290 1706 597 158 Edvard
1648 1706 716 158 Hermansson

404 1821 523 134 boende
770 1821 261 134 i
874 1821 470 134 huset
1188 1821 314 134 No
1344 1821 366 134 114
1553 1821 261 134 i
1658 1821 314 134 Ms
1815 1821 418 134 3dje
2024 1821 314 134 rote

388 1917 452 176 samt
671 1917 735 176 Andersson
1237 1917 396 176 som
1463 1917 339 176 är
1632 1917 452 176 född
1915 1917 396 176 den
2085 1917 226 176 12

404 2032 460 133 Mars
691 2032 460 133 1865
978 2032 402 133 och
1208 2032 402 133 son
1438 2032 345 133 af
1553 2032 804 133 timmermannen

401 2126 406 145 Thor
655 2126 659 145 Andersson
1162 2126 254 145 i
1263 2126 456 145 huset
1568 2126 304 145 No
1720 2126 355 145 120
1923 2126 456 145 Litt.
2176 2126 203 145 A.

414 2246 282 124 af
555 2246 282 124 Ms
696 2246 376 124 3dje
931 2246 376 124 rote
1166 2246 376 124 till
1401 2246 376 124 alla
1636 2246 423 124 delar
1871 2246 517 124 vitsordat

440 2333 651 158 Nilssons
928 2333 760 158 berättelse
1525 2333 271 158 i
1634 2333 434 158 hvad
1905 2333 380 158 dem
2068 2333 271 158 an¬-

390 2497 425 109 ginge.

568 2483 319 207 På
727 2483 478 207 grund
1046 2483 319 207 af
1205 2483 425 207 hvad
1471 2483 584 207 sålunda
1843 2483 531 207 förekom¬-

403 2629 383 161 mit
622 2629 493 161 Komma
951 2629 438 161 Axel
1225 2629 602 161 Wilhelm
1663 2629 657 161 Nilsson,
2101 2629 274 161 Os¬-

406 2753 429 146 sian
674 2753 750 146 Hermansson
1264 2753 375 146 och
1478 2753 429 146 Carl
1746 2753 536 146 Albert
2068 2753 268 146 An¬-

411 2833 564 192 dersson
821 2833 359 192 att
1026 2833 461 192 denna
1333 2833 359 192 dag
1538 2833 461 192 inför
1794 2833 564 192 Poliskam¬-

402 2940 463 169 maren
710 2940 721 169 inställas.
1277 2940 618 169 Göteborg
1740 2940 360 169 den
1946 2940 309 169 22
2049 2940 309 169 Juni

378 3067 371 116 1880.

74 3157 312 182 No
178 3157 260 182 142

28 3291 232 143 Hilmer
167 3291 278 143 Berndtsson

501 3118 685 189 Kamereraren
1049 3118 320 189 vid
1232 3118 731 189 Aktiebolaget
1780 3118 502 189 Göteborgs

429 3238 560 176 Folkbank
849 3238 280 176 A.
989 3238 280 176 P.
1129 3238 513 176 Hansson
1502 3238 327 176 har
1689 3238 327 176 den
1876 3238 280 176 25
1969 3238 373 176 dennes

399 3333 558 174 anmält
790 3333 390 174 att
1013 3333 335 174 en
1180 3333 614 174 obekant
1571 3333 669 174 mansperson

386 3444 523 172 samma
734 3444 406 172 dag
967 3444 348 172 på
1141 3444 406 172 fm.
1373 3444 697 172 inkommit
1896 3444 290 172 i
1954 3444 348 172 ban¬-

401 3551 336 146 ken
593 3551 384 146 samt
833 3551 432 146 under
1120 3551 527 146 uppgift
1504 3551 336 146 att
1696 3551 336 146 han
1887 3551 432 146 hette
2127 3551 192 146 J.

396 3679 509 96 Lundin
753 3679 356 96 och
956 3679 407 96 vore
1211 3679 611 96 snickare
1669 3679 662 96 inlemnade
2127 3679 204 96 en

2496 196 819 211 lånehandling
3161 196 256 211 å
3263 196 614 211 sjuhunda
3724 196 512 211 kronor
4031 196 358 211 jemte

2496 360 276 110 en
2634 360 737 110 löftesskrift
3233 360 553 110 utfärdad
3647 360 276 110 af
3739 360 645 110 paraplymaka¬-

2487 454 339 165 ren
2680 454 291 165 A.
2826 454 291 165 W.
2971 454 679 165 Andersson,
3504 454 436 165 egare
3795 454 291 165 af
3941 454 436 165 huset
4183 454 194 165 No

2478 545 298 145 13
2627 545 348 145 vid
2826 545 745 145 Husargatan,
3422 545 397 145 samt
3620 545 795 145 Bagaremästaren

2508 642 254 184 C.
2635 642 254 184 G.
2761 642 465 184 Larsson
3100 642 380 184 egare
3353 642 338 184 till
3565 642 380 184 huset
3818 642 254 184 No
3945 642 254 184 34
4072 642 296 184 vid
4199 642 211 184 Hu¬-

2518 737 643 130 sargatan,
3012 737 544 130 hvilken
3408 737 495 130 skrift
3754 737 693 130 handlanden
4249 737 198 130 N.

2503 834 278 178 J.
2642 834 648 178 Petersson,
3150 834 463 178 boende
3474 834 231 178 i
3567 834 416 178 huset
3844 834 278 178 No
3983 834 278 178 15
4076 834 231 178 vid

2483 928 874 154 Landsvägsgatan
3212 928 340 154 och
3406 928 680 154 handlanden
3940 928 291 154 O.
4037 928 388 154 Ström,

2486 1028 526 148 boende
2855 1028 263 148 i
2960 1028 473 148 huset
3275 1028 316 148 No
3433 1028 316 148 36
3591 1028 368 148 vid
3801 1028 473 148 samma
4064 1028 316 148 gata

2497 1151 683 152 bevittnat;
3034 1151 342 152 att
3229 1151 488 152 Lundin
3571 1151 537 152 blifvit
3912 1151 488 152 tillsagd

2501 1241 362 137 att
2708 1241 673 137 återkomma
3226 1241 414 137 till
3485 1241 518 137 Banken
3847 1241 362 137 kl.
4055 1241 259 137 1
4106 1241 311 137 sam¬-

2492 1350 310 167 ma
2647 1350 362 167 dag
2854 1350 362 167 för
3061 1350 723 167 erhållande
3629 1350 310 167 af
3784 1350 517 167 besked
4094 1350 362 167 huru¬-

2482 1458 405 165 vida
2736 1458 456 165 lånet
3039 1458 759 165 beviljades;
3647 1458 354 165 att
3849 1458 506 165 Banken
4153 1458 304 165 der¬-

2499 1564 413 175 efter
2774 1564 413 175 låtit
3049 1564 642 175 efterhöra,
3553 1564 550 175 huruvida
3920 1564 550 175 handlingen

2487 1677 358 135 var
2691 1677 563 135 riktig,
3101 1677 358 135 men
3305 1677 511 135 dervid
3663 1677 460 135 såväl
3919 1677 460 135 borges¬-

2473 1775 401 139 män
2702 1775 401 139 som
2931 1775 630 139 vittnen
3390 1775 745 139 förklarat
3963 1775 401 139 att
4135 1775 229 139 de

2481 1868 482 151 icke
2782 1868 482 151 egde
3084 1868 543 151 någon
3445 1868 723 151 kännedom
3988 1868 362 151 om
4109 1868 301 151 lå¬-

2493 1973 1013 185 nehandlingarne;
3346 1973 427 185 samt
3613 1973 373 185 att
3826 1973 267 185 i
3879 1973 587 185 anledning

2470 2093 522 144 deraf
2818 2093 406 144 den
3050 2093 580 144 person
3456 2093 406 144 som
3689 2093 696 144 inlemnat
4153 2093 290 144 lå¬-

2506 2195 819 160 nehandlingen
3171 2195 358 160 och
3376 2195 563 160 hvilken
3785 2195 307 160 då
3887 2195 563 160 befunnits

2503 2298 460 187 vara
2791 2298 690 187 gjutaren
3309 2298 575 187 Hilmer
3654 2298 748 187 Berndtsson,

2504 2411 519 141 boende
2868 2411 260 141 i
2972 2411 468 141 huset
3283 2411 312 141 No
3439 2411 260 141 8
3543 2411 364 141 vid
3699 2411 727 141 Brunnsgatan,

2497 2518 692 157 anhållits;
3040 2518 346 157 och
3238 2518 346 157 har
3436 2518 692 157 Berndtsson
3980 2518 346 157 vid
4128 2518 247 157 dit

2502 2622 404 160 med
2733 2622 519 160 honom
3079 2622 750 160 anställde
3656 2622 577 160 förhör
4002 2622 346 160 upp¬-

2521 2718 585 158 gifvit:
2946 2718 372 158 att
3159 2718 372 158 han
3372 2718 585 158 berörde
3797 2718 372 158 dag
4010 2718 319 158 på
4116 2718 266 158 fm.

2505 2825 259 179 å
2609 2825 933 179 Grönsakstorget
3386 2825 570 179 träffat
3800 2825 363 179 ett
4008 2825 363 179 för
4163 2825 259 179 ho¬-

2495 2914 482 168 nom
2770 2914 757 168 obekant
3321 2914 1032 168 fruntimmer,
4078 2914 344 168 som

2511 3027 614 175 frågat
2941 3027 553 175 honom
3309 3027 369 175 om
3494 3027 430 175 han
3739 3027 491 175 hade
3985 3027 430 175 något

2485 3161 373 139 att
2698 3161 426 139 göra
2964 3161 426 139 och,
3230 3161 320 139 då
3390 3161 373 139 han
3603 3161 479 139 nekat
3869 3161 533 139 dertill,

2514 3236 476 166 bedt
2811 3236 535 166 honom
3168 3236 476 166 ingå
3406 3236 178 166 å

3543 3223 295 88 Folk¬-

3571 3254 704 142 Bankens
4019 3254 384 142 Kon¬-

2519 3347 334 150 tor
2710 3347 334 150 och
2901 3347 430 150 hemta
3188 3347 668 150 formulärer
3713 3347 382 150 till
3904 3347 525 150 lånehand¬-

2541 3435 546 176 lingar,
2938 3435 645 176 hvarjemte
3434 3435 446 176 sedan
3732 3435 347 176 han
3880 3435 546 176 fullgjort

2526 3589 426 121 detta
2809 3589 567 121 uppdrag,
3235 3589 331 121 han
3424 3589 284 121 på
3566 3589 473 121 hennes
3850 3589 567 121 tillsägel¬-

2530 3644 339 167 se
2699 3644 677 167 medföljt
3207 3644 451 167 till
3489 3644 790 167 Handlanden
4053 3644 395 167 Johan
