5084 4037
91 190 304 104 No
193 190 253 104 34.

67 351 304 78 Josefina
269 351 253 78 Bernhar¬-

68 443 193 76 dina
164 443 338 76 Johansdotter

535 213 796 120 Sjukhuskommissarien
1227 213 208 120 J.
1331 213 208 120 A.
1435 213 346 120 Göthe,
1677 213 415 120 anställd
1989 213 242 120 vid
2093 213 311 120 Stadens

543 337 360 106 Kurhus,
805 337 229 106 har
936 337 229 106 den
1067 337 196 106 20
1165 337 294 106 sist.
1361 337 393 106 December
1656 337 360 106 anmält,
1917 337 229 106 att
2048 337 229 106 för
2146 337 262 106 första

517 455 276 106 resan
701 455 276 106 stöld
885 455 399 106 straffade
1192 455 521 106 qvinspersonen
1621 455 184 106 No
1713 455 215 106 127
1836 455 368 106 Josefina
2081 455 307 106 Bernhar¬-

496 575 256 114 dina
656 575 543 114 Johansdotter,
1103 575 352 114 hvilken
1359 575 224 114 den
1487 575 192 114 16
1583 575 160 114 i
1647 575 288 114 samma
1839 575 288 114 månad
2030 575 256 114 från
2158 575 224 114 cell¬-

506 691 424 130 fängelset,
839 691 212 130 dit
960 691 212 130 hon
1081 691 272 130 varit
1262 691 454 130 införpassad
1625 691 182 130 om
1716 691 363 130 försvar,
1988 691 272 130 såsom
2140 691 272 130 smittad

500 807 330 134 afförts
740 807 240 134 till
890 807 390 134 Kurhuset,
1189 807 479 134 förstberörde
1579 807 210 134 dag
1699 807 210 134 kl.
1819 807 150 134 6
1879 807 180 134 på
1938 807 450 134 eftermiddagen

515 925 297 132 genom
713 925 231 132 att
845 925 528 132 öfverklattra
1274 925 231 132 det
1406 925 330 132 plank,
1637 925 231 132 som
1769 925 396 132 omgifver
2033 925 363 132 kurhusets

496 1043 274 132 gård
667 1043 240 132 mot
804 1043 309 132 Norra
1010 1043 480 132 Larmgatan,
1387 1043 274 132 rymt
1559 1043 274 132 från
1730 1043 411 132 Kurhuset
2039 1043 240 132 och
2142 1043 274 132 dervid

490 1151 410 145 medtagit
797 1151 410 145 följande
1104 1151 410 145 Kurhuset
1411 1151 478 145 tillhöriga
1753 1151 410 145 persedlar:

494 1281 240 125 en
614 1281 400 125 gammal
854 1281 680 125 bomullsklädning

1996 1253 223 81 värd
2135 1253 139 81 2
2163 1253 223 81 Kronor

509 1406 199 104 en
575 1406 331 104 yllekjol

2016 1354 192 75 2

509 1486 175 122 1
579 1486 456 122 lifstycke
930 1486 211 122 af
1000 1486 316 122 ylleväv

2083 1469 249 86 1,70.

517 1617 166 90 1
550 1617 266 90 lintyg

2024 1575 300 84 2,50

508 1699 178 102 1
580 1699 392 102 halsduk
865 1699 214 102 af
936 1699 428 102 bomullstyg

2054 1675 252 90 0,50.

531 1813 164 106 1
597 1813 230 106 par
728 1813 296 106 långa
925 1813 394 106 strumpor
1221 1813 197 106 af
1287 1813 197 106 ylle

2076 1775 260 89 1,33
2206 1775 163 89 och

522 1933 152 92 1
582 1933 213 92 par
674 1933 274 92 tofflor

2018 1909 286 90 1,50.

652 2036 161 95 I
716 2036 417 95 anledning
1037 2036 289 95 häraf
1230 2036 289 95 hafva
1423 2036 771 95 detektivkonstaplarne
2097 2036 193 95 E.
2161 2036 225 95 Häll¬-

486 2138 267 121 ström
664 2138 207 121 och
783 2138 178 121 J.
871 2138 296 121 Bohlin
1079 2138 148 121 i
1138 2138 207 121 dag
1256 2138 207 121 kl.
1375 2138 148 121 8
1434 2138 178 121 på
1523 2138 355 121 morgonen
1790 2138 355 121 anhållit
2027 2138 355 121 ofvannämn¬-

496 2241 190 137 de
591 2241 380 137 Josefina
876 2241 475 137 Bernhardina
1256 2241 538 137 Johansdotter,
1699 2241 222 137 som
1826 2241 380 137 vistades
2111 2241 158 137 i
2142 2241 222 137 huset

516 2351 180 125 No
606 2351 180 125 12
696 2351 150 125 i
756 2351 360 125 Majornas
1026 2351 210 125 4de
1146 2351 270 125 rote;
1326 2351 210 125 och
1446 2351 210 125 har
1566 2351 510 125 Johansdotter,
1986 2351 330 125 hvilken
2196 2351 150 125 in¬-

509 2463 314 136 nehade
729 2463 503 136 ofvanberörde
1137 2463 409 136 yllekjol,
1452 2463 220 136 vid
1577 2463 220 136 det
1703 2463 220 136 med
1829 2463 283 136 henne
1986 2463 346 136 anställde

507 2577 332 130 förhör
739 2577 399 130 vidgått,
1039 2577 233 130 att
1171 2577 266 130 hon,
1338 2577 199 130 på
1437 2577 266 130 sätt
1604 2577 532 130 Kommissarien
2036 2577 299 130 Göthe
2202 2577 166 130 an¬-

519 2691 281 120 mält,
706 2691 469 120 oftaberörde
1081 2691 219 120 dag
1206 2691 344 120 afvikit
1456 2691 250 120 från
1613 2691 375 120 Kurhuset
1894 2691 219 120 och
2019 2691 313 120 dervid
2206 2691 188 120 med¬-

516 2797 310 126 tagit
722 2797 310 126 ofvan
929 2797 482 126 uppräknade
1307 2797 413 126 Kurhuset
1617 2797 482 126 tillhörige
1961 2797 413 126 persedlar,

508 2913 225 112 som
637 2913 225 112 hon
765 2913 290 112 varit
958 2913 354 112 iklädd;
1216 2913 225 112 att
1344 2913 225 112 hon
1473 2913 386 112 derefter
1763 2913 386 112 begifvit
2052 2913 225 112 sig
2149 2913 193 112 till

516 3031 361 98 Frölunda
787 3031 331 98 socken,
1028 3031 211 98 der
1148 3031 211 98 hon
1268 3031 421 98 uppehållit
1599 3031 211 98 sig
1720 3031 181 98 på
1810 3031 421 98 åtskilliga
2111 3031 271 98 ställen

501 3131 315 114 tills
711 3131 245 114 hon
851 3131 175 114 i
921 3131 350 114 slutet
1167 3131 210 114 av
1272 3131 456 114 sistlidne
1622 3131 420 114 December
1938 3131 315 114 månad
2113 3131 245 114 åter¬-

504 3226 342 125 kommit
743 3226 239 125 hit
880 3226 274 125 till
1051 3226 342 125 staden
1290 3226 239 125 och
1427 3226 479 125 uppehållit
1803 3226 239 125 sig
1940 3226 171 125 i
1974 3226 342 125 Majorna,

507 3331 251 131 samt
663 3331 220 131 att
789 3331 220 131 hon
914 3331 376 131 förstört
1197 3331 282 131 eller
1385 3331 439 131 bortkastat
1730 3331 188 131 de
1793 3331 533 131 klädespersedlar

494 3450 238 108 hon
630 3450 238 108 vid
766 3450 475 108 afvikandet
1139 3450 272 108 från
1309 3450 408 108 Kurhuset
1615 3450 306 108 varit
1819 3450 374 108 iklädd,
2090 3450 238 108 med
2192 3450 170 108 un¬-

495 3566 314 82 dantag
714 3566 188 82 af
809 3566 471 82 yllekjolen,
1185 3566 345 82 hvilken
1437 3566 220 82 hon
1562 3566 377 82 behållit
1845 3566 220 82 för
1971 3566 251 82 eget
2096 3566 220 82 bruk.

595 3643 199 112 På
694 3643 299 112 grund
894 3643 199 112 af
993 3643 266 112 hvad
1159 3643 365 112 sålunda
1425 3643 498 112 förekommit,
1823 3643 332 112 kommer
2022 3643 332 112 Josefina

498 3742 474 113 Bernhardina
877 3742 505 113 Johansdotter
1288 3742 221 113 att
1414 3742 284 113 denna
1604 3742 221 113 dag
1730 3742 221 113 för
1856 3742 221 113 Pkn
1951 3742 379 113 inställas.

1046 3830 402 85 Göteborg
1348 3830 235 85 den
1482 3830 201 85 19
1583 3830 402 85 Februari
1851 3830 235 85 1880.

4535 187 244 89 No
4617 187 203 89 35.

4533 306 234 87 Clas
4650 306 322 87 Johansson

4534 404 269 81 Johan
4683 404 269 81 Persson

4530 498 180 62 och
4633 498 256 62 Petrus
4787 498 205 62 Dahlin

2743 210 335 117 Enkan
2966 210 447 117 Karolina
3301 210 521 117 Sundström,
3710 210 261 117 som
3859 210 335 117 idkar
4045 210 447 117 smörhandel

2661 334 154 133 å
2723 334 461 133 Kungstorget
3092 334 215 133 och
3215 334 185 133 är
3307 334 308 133 boende
3522 334 154 133 i
3584 334 277 133 huset
3769 334 185 133 No
3861 334 154 133 9
3922 334 215 133 vid
4045 334 400 133 Vallgatan
4322 334 154 133 har

2653 448 369 139 onsdagen
2930 448 215 139 den
3053 448 184 139 18
3145 448 307 139 dennes
3360 448 307 139 anmält
3575 448 215 139 för
3697 448 246 139 t.f.
3820 448 676 139 Polisöfverkonstaplen

2661 560 340 139 Hansson
2909 560 217 139 att
3032 560 217 139 hon
3156 560 186 139 af
3249 560 186 139 en
3342 560 217 139 för
3466 560 279 139 henne
3651 560 340 139 obekant
3899 560 433 139 mansperson
4239 560 248 139 köpt
4394 560 155 139 4
4425 560 93 139 ℔

2668 672 286 149 smör,
2859 672 254 149 samt
3018 672 222 149 att
3145 672 286 149 samma
3335 672 318 149 person
3558 672 191 149 en
3653 672 254 149 kort
3812 672 286 149 stund
4002 672 381 149 derefter
4256 672 318 149 återkom¬-

2664 782 226 171 mit
2793 782 226 171 med
2922 782 484 171 ytterligare
3309 782 161 171 6
3374 782 161 171 ℔
3439 782 291 171 smör,
3632 782 355 171 hvarför
3891 782 226 171 hon
4020 782 452 171 misstänkte
4343 782 161 171 det

2668 920 237 145 han
2804 920 203 145 på
2905 920 373 145 oärligt
3177 920 271 145 sätt
3346 920 407 145 bekommit
3617 920 373 145 detsamma.

2877 1014 158 159 I
2940 1014 410 159 anledning
3255 1014 284 159 häraf
3444 1014 315 159 anhöll
3664 1014 347 159 bemälde
3885 1014 662 159 Polisöfverkonstapel

2666 1136 212 175 den
2787 1136 393 175 obekante,
3089 1136 333 175 hvilken
3331 1136 333 175 befanns
3573 1136 242 175 vara
3724 1136 212 175 för
3845 1136 363 175 snatteri
4117 1136 272 175 dömde
4268 1136 272 175 arbets¬-

2675 1246 305 183 karlen
2889 1246 275 183 Claes
3072 1246 427 183 Johansson,
3408 1246 305 183 boende
3622 1246 153 183 i
3683 1246 275 183 huset
3866 1246 183 183 No
3958 1246 183 183 17
4049 1246 214 183 vid
4141 1246 397 183 Snickarega¬-

2662 1366 235 189 tan
2797 1366 168 189 i
2864 1366 403 189 Annedal,
3166 1366 369 189 hvilken
3434 1366 235 189 vid
3569 1366 235 189 det
3703 1366 235 189 med
3837 1366 302 189 honom
4039 1366 436 189 anställde
4341 1366 201 189 för¬-

2678 1482 222 187 hör
2805 1482 444 187 uppgifvit,
3154 1482 222 187 att
3281 1482 254 187 han,
3440 1482 222 187 som
3567 1482 508 187 ofvanberörde
3979 1482 222 187 dag
4106 1482 190 187 på
4201 1482 254 187 e.m.
4328 1482 222 187 arbe¬-

2691 1592 206 197 tat
2808 1592 206 197 vid
2926 1592 412 197 Skeppsbron
3250 1592 206 197 kl.
3368 1592 324 197 omkring
3604 1592 147 197 6
3662 1592 177 197 på
3751 1592 324 197 aftonen
3986 1592 383 197 derstädes
4251 1592 295 197 tillgri¬-

2689 1712 214 205 pit
2812 1712 184 205 en
2904 1712 520 205 smörfjerding,
3332 1712 214 205 som
3455 1712 275 205 legat
3638 1712 275 205 invid
3822 1712 306 205 kajen,
4036 1712 214 205 der
4128 1712 398 205 ångfartyget

2681 1828 276 197 Prins
2865 1828 276 197 Oskar
3049 1828 215 197 låg
3172 1828 398 197 förtöjdt;
3478 1828 215 197 att
3601 1828 215 197 han
3723 1828 276 197 burit
3907 1828 429 197 fjerdingen
4244 1828 245 197 till
4367 1828 153 197 Ba¬-

2683 1947 345 186 zargatan
2942 1947 201 186 och
3057 1947 144 186 i
3114 1947 172 186 en
3200 1947 345 186 portgång
3459 1947 373 186 derstädes
3746 1947 460 186 sönderslagit
4120 1947 316 186 locket,
4321 1947 201 186 hvar¬-

2694 2049 207 208 vid
2813 2049 177 208 en
2901 2049 414 208 arbetskarl
3226 2049 354 208 Persson,
3492 2049 207 208 som
3610 2049 266 208 följt
3787 2049 266 208 efter
3965 2049 266 208 honom
4142 2049 236 208 från
4260 2049 266 208 Skepps¬-

2679 2154 234 225 bron
2825 2154 263 225 tagit
3001 2154 176 225 en
3088 2154 205 225 del
3205 2154 234 225 smör
3352 2154 176 225 ur
3439 2154 410 225 fjerdingen
3761 2154 205 225 och
3878 2154 234 225 lagt
4025 2154 146 225 i
4083 2154 176 225 en
4171 2154 263 225 honom
4317 2154 205 225 till¬-

2670 2276 284 215 hörig
2860 2276 347 215 näsduk;
3113 2276 221 215 att
3239 2276 411 215 Johansson
3555 2276 379 215 derefter
3839 2276 253 215 gått
3997 2276 253 215 fram
4155 2276 253 215 till
4281 2276 253 215 Kungs-

2654 2396 360 221 torget
2906 2396 252 221 med
3050 2396 252 221 det
3193 2396 216 221 af
3301 2396 396 221 Persson
3589 2396 180 221 i
3661 2396 432 221 näsduken
3985 2396 432 221 inknutna
4272 2396 288 221 smöret

2687 2508 234 207 och
2820 2508 368 207 försålt
3088 2508 401 207 detsamma
3388 2508 267 207 till
3555 2508 635 207 Smörhandlerskan
4090 2508 267 207 Emma
4224 2508 334 207 Eriksson

2697 2616 214 213 för
2820 2616 153 213 4
2881 2616 336 213 Kronor,
3125 2616 183 213 af
3217 2616 306 213 hvilka
3431 2616 397 213 penningar
3737 2616 336 213 Persson
3981 2616 367 213 erhållit
4256 2616 183 213 En
4317 2616 245 213 Krona;

2691 2717 218 227 att
2815 2717 218 227 han
2940 2717 280 227 sedan
3127 2717 249 227 gått
3282 2717 373 227 tillbaka
3562 2717 249 227 till
3718 2717 436 227 portgången
4060 2717 218 227 och
4185 2717 187 227 ur
4247 2717 311 227 fjerdin¬-

2700 2821 222 229 gen
2827 2821 253 229 åter
2985 2821 285 229 tagit
3176 2821 253 229 smör
3334 2821 158 229 i
3397 2821 412 229 näsduken,
3714 2821 349 229 hvilket
3968 2821 222 229 han
4094 2821 349 229 försålt
4348 2821 222 229 för
4443 2821 95 229 2

2680 2927 317 227 Kronor
2902 2927 254 227 till
3061 2927 602 227 Smörhandlerskan
3568 2927 380 227 Karolina
3853 2927 444 227 Sundström,
4201 2927 317 227 hvaraf
4392 2927 158 227 han

2697 3047 295 235 gifvit
2903 3047 324 235 Persson
3138 3047 442 235 ytterligare
3492 3047 177 235 En
3580 3047 295 235 Krona;
3786 3047 236 235 samt
3934 3047 236 235 att,
4081 3047 177 235 då
4169 3047 206 235 han
4287 3047 177 235 en
4346 3047 206 235 stund

2685 3168 371 233 derefter
2963 3168 247 233 åter
3117 3168 247 233 till
3272 3168 401 233 Sundström
3581 3168 247 233 sökt
3735 3168 371 233 försälja
4013 3168 216 233 ett
4137 3168 309 233 mindre
4322 3168 216 233 parti

2661 3354 313 157 smör,
2870 3354 243 157 han
3009 3354 382 157 blifvit
3252 3354 382 157 anhållen.

2868 3428 451 171 Thorsdagen
3222 3428 225 171 den
3351 3428 193 171 19
3447 3428 322 171 dennes
3673 3428 193 171 på
3769 3428 386 171 morgonen
4059 3428 290 171 hafva
4220 3428 354 171 detektiv¬-

2677 3556 556 171 konstaplarna
3129 3556 313 171 Bruun
3337 3556 243 171 och
3476 3556 347 171 Bohlin
3719 3556 174 171 å
3789 3556 521 171 Kungstorget
4171 3556 347 171 anhållit

2685 3666 277 155 förre
2870 3666 646 155 Kronoarbetskarlen
3423 3666 277 155 Johan
3608 3666 338 155 Persson
3854 3666 215 155 och
3977 3666 492 155 arbetskarlen
4346 3666 246 155 Petrus
