4959 4048
555 155 373 177 Enkefru
826 155 305 177 Sofie
1030 155 475 177 Lindegren,
1403 155 339 177 boende
1640 155 170 177 i
1708 155 305 177 huset
1911 155 203 177 No
2013 155 203 177 53
2115 155 271 177 Litt
2250 155 102 177 I

505 292 211 173 vid
625 292 271 173 Andra
806 292 422 173 Långgatan,
1138 292 211 173 har
1258 292 211 173 vid
1379 292 271 173 gjord
1560 292 392 173 förfrågan
1861 292 422 173 uppgifvit,
2162 292 151 173 att

482 393 282 147 någon
670 393 219 147 dag
795 393 157 147 i
858 393 313 147 slutet
1077 393 188 147 af
1171 393 282 147 sist.
1359 393 282 147 Sept.
1547 393 282 147 månad
1735 393 157 147 i
1798 393 188 147 en
1892 393 251 147 låst
2017 393 282 147 källare

496 492 256 201 till
656 492 320 201 hennes
880 492 320 201 bostad
1104 492 256 201 från
1264 492 288 201 henne
1457 492 480 201 tillgripits
1841 492 352 201 hälften
2097 492 192 201 af
2161 492 160 201 ett

481 628 401 201 slagtadt
781 628 234 201 får
915 628 267 201 samt
1081 628 234 201 två
1215 628 434 201 buteljer,
1549 628 534 201 innehållande
1949 628 434 201 hallonsaft,

474 742 359 175 hvilket
736 742 261 175 gods
899 742 490 175 tillsammans
1291 742 294 175 varit
1486 742 294 175 värdt
1682 742 229 175 Sju
1780 742 294 175 Kronor.

664 850 575 167 Pianofabrikören
1148 850 182 167 J.
1239 850 182 167 G.
1330 850 363 167 Malmsjö,
1603 850 212 167 som
1724 850 182 167 är
1815 850 303 167 boende
2027 850 151 167 i
2087 850 212 167 och
2178 850 212 167 egare

505 987 190 179 af
600 987 285 179 huset
790 987 190 179 No
885 987 190 179 14
980 987 222 179 vid
1107 987 697 179 Kungsportsavenuen,
1709 987 222 179 har
1836 987 475 179 visserligen
2184 987 190 179 upp¬-

501 1090 320 195 gifvit,
734 1090 204 195 att
850 1090 204 195 han
967 1090 204 195 vid
1083 1090 204 195 den
1200 1090 233 195 tid,
1345 1090 175 195 då
1432 1090 437 195 tillgreppet
1782 1090 291 195 skedde
1985 1090 291 195 skulle
2160 1090 233 195 skett,

500 1207 244 171 haft
653 1207 367 171 skyfflar
928 1207 397 171 förvarade
1233 1207 153 171 i
1295 1207 214 171 den
1417 1207 367 171 källare,
1692 1207 214 171 der
1814 1207 305 171 Osberg
1997 1207 336 171 uppgifvit

487 1312 221 199 sig
614 1312 285 199 hafva
804 1312 443 199 tillgripit
1151 1312 537 199 ifrågavarande
1594 1312 221 199 två
1720 1312 411 199 skyfflar,
2036 1312 221 199 men
2131 1312 190 199 för¬-

481 1437 380 196 klarat,
758 1437 242 196 att
896 1437 242 196 han
1034 1437 276 196 icke
1206 1437 276 196 hade
1379 1437 242 196 sig
1517 1437 345 196 bekant
1758 1437 414 196 huruvida
2069 1437 242 196 han
2172 1437 173 196 mi¬-

468 1569 288 182 stat
648 1569 325 182 några
829 1569 325 182 dylika.

634 1659 234 178 På
751 1659 351 178 grund
985 1659 234 178 af
1102 1659 312 178 hvad
1297 1659 429 178 sålunda
1609 1659 585 178 förekommit,
2038 1659 312 178 kommer

469 1762 294 216 Adolf
665 1762 457 216 Andreasson
1024 1762 326 216 Åsberg
1253 1762 229 216 att
1383 1762 294 216 denna
1579 1762 229 216 dag
1710 1762 229 216 för
1840 1762 229 216 PKn
1938 1762 392 216 inställas.

755 1904 437 196 Göteborg
1082 1904 255 196 den
1228 1904 182 196 6
1300 1904 437 196 December
1591 1904 255 196 1880.

80 2082 287 109 No
176 2082 287 109 258.

73 2211 262 146 Alfred
230 2211 288 146 Mattsson.

570 2024 311 194 Enkan
778 2024 380 194 Juliana
1055 2024 415 194 Skogman,
1366 2024 346 194 boende
1608 2024 173 194 i
1677 2024 484 194 Handlanden
2057 2024 207 194 C.
2127 2024 207 194 Ols¬-

515 2171 256 179 sons
675 2171 224 179 hus
803 2171 160 179 i
867 2171 607 179 Galgkrogsbergen
1378 2171 160 179 i
1442 2171 352 179 Örgryte
1698 2171 320 179 socken
1921 2171 224 179 har
2017 2171 320 179 måndagen

489 2292 237 151 den
625 2292 169 151 6
692 2292 508 151 innevarande
1099 2292 407 151 December
1404 2292 305 151 låtit
1607 2292 373 151 anmäla,
1879 2292 237 151 att
2014 2292 237 151 vid
2116 2292 237 151 något

465 2411 404 172 tillfälle
775 2411 279 172 sedan
962 2411 217 172 den
1086 2411 155 172 4
1148 2411 311 172 dennes
1365 2411 155 172 i
1428 2411 186 172 en
1521 2411 279 172 olåst
1707 2411 311 172 skrubb
1924 2411 155 172 i
1986 2411 311 172 nämnde
2173 2411 155 172 hus

466 2536 260 200 från
628 2536 292 200 henne
822 2536 487 200 tillgripits
1212 2536 389 200 följande
1504 2536 260 200 gods
1666 2536 227 200 med
1796 2536 292 200 nedan
1958 2536 389 200 antecknade

489 2709 338 122 värden,
704 2709 338 122 nemligen:

489 2763 190 178 en
584 2763 380 178 nyfärgad
870 2763 285 178 svart
1060 2763 380 178 klädning
1345 2763 190 178 af
1440 2763 285 178 tunnt
1599 2763 285 178 ylletyg

2060 2754 147 114 4
2089 2754 147 114 Kr.

460 2879 212 150 ett
581 2879 272 150 blått
762 2879 212 150 och
883 2879 423 150 hvitrutigt
1185 2879 363 150 bomullslif

2119 2858 182 123 50
2179 2858 152 123 öre

468 2962 208 192 ett
587 2962 267 192 brunt
765 2962 208 192 och
884 2962 445 192 hvitrandigt
1210 2962 267 192 yllelif

1974 2963 280 126 1,75.

454 3133 220 140 ett
579 3133 283 140 svart
737 3133 440 140 klädningslif

2071 3080 193 129 75.

479 3223 198 151 en
578 3223 264 151 hvit
710 3223 560 151 halfyllekjortel

1954 3191 300 112 1,50.

456 3331 183 174 en
547 3331 213 174 grå
669 3331 366 174 halfylle
943 3331 305 174 raffel
1126 3331 274 174 kjortel

2013 3298 276 113 5:
2105 3298 184 113 --

460 3417 235 192 ett
595 3417 437 192 mörkgrått
931 3417 369 192 koftlif
1199 3417 202 192 af
1266 3417 437 192 halfylletyg

1976 3382 280 124 1.50.

446 3530 191 175 en
542 3530 351 175 mörkgrå
797 3530 670 175 fruntimmerspaletå
1372 3530 191 175 af
1467 3530 287 175 grått
1627 3530 319 175 kasinett

1999 3500 246 146 4.00

453 3662 228 154 och
584 3662 228 154 ett
714 3662 228 154 par
844 3662 293 154 hvita
1007 3662 424 154 ullstrumpor

1988 3632 279 109 0.50.

2734 151 287 191 Sedan
2926 151 192 191 af
3021 151 447 191 förenämnde
3373 151 415 191 persedlar
3692 151 607 191 raffelkjorteln,
4203 151 223 191 det
4299 151 223 191 mörk¬-

2612 317 252 181 gråa
2770 317 442 181 koftlifvit
3117 317 221 181 och
3243 317 347 181 paletån
3496 317 473 181 återfunnits
3874 317 410 181 pantsatte
4190 317 221 181 för
4284 317 158 181 Två

2598 399 332 154 Kronor
2830 399 233 154 den
2963 399 166 154 4
3030 399 332 154 dennes
3262 399 233 154 hos
3395 399 498 154 Pantlånaren
3794 399 199 154 V.
3893 399 299 154 Karth
4093 399 166 154 i
4159 399 299 154 huset
4325 399 133 154 No

2624 504 152 216 5
2684 504 213 216 vid
2806 504 427 216 Vallgatan,
3141 504 274 216 hafva
3324 504 884 216 detektivpoliskonstaplarne
4116 504 183 216 J.
4177 504 305 216 Rönnbäck

2602 639 208 181 och
2721 639 178 181 C.
2810 639 386 181 Hellström
3107 639 356 181 måndagen
3374 639 208 181 den
3492 639 148 181 6
3552 639 297 181 dennes
3759 639 178 181 på
3848 639 237 181 e.m.
3996 639 208 181 för
4115 639 267 181 detta
4263 639 208 181 till¬-

2615 753 279 187 grepp
2801 753 372 187 anhållit
3080 753 497 187 Arbetskarlen
3484 753 310 187 Alfred
3701 753 372 187 Mattsson
3980 753 248 187 från
4105 753 372 187 Uddevalla,

2601 864 351 175 hvilken
2856 864 223 175 vid
2984 864 223 175 det
3111 864 223 175 med
3239 864 287 175 honom
3430 864 414 175 anställda
3749 864 319 175 förhör
3972 864 414 175 uppgifvit
4259 864 159 175 och

2615 1011 387 150 förklarat
2913 1011 209 150 att
3032 1011 238 150 han,
3181 1011 209 150 som
3300 1011 328 150 vistats
3539 1011 209 150 här
3658 1011 149 150 i
3717 1011 298 150 staden
3926 1011 268 150 sedan
4105 1011 179 150 år
4194 1011 238 150 1878
4313 1011 149 150 och

2606 1102 357 204 försörjt
2874 1102 208 204 sig
2993 1102 208 204 med
3112 1102 447 204 tillfälligt
3470 1102 327 204 arbete,
3708 1102 357 204 Lördagen
3976 1102 208 204 den
4095 1102 149 204 4
4154 1102 298 204 dennes
4333 1102 119 204 på

2611 1212 237 234 e.m.
2759 1212 355 234 begifvit
3026 1212 207 234 sig
3144 1212 237 234 till
3292 1212 562 234 Galgkrogsbergen
3765 1212 207 234 för
3883 1212 207 234 att
4002 1212 296 234 träffa
4209 1212 207 234 sin
4298 1212 177 234 der¬-

2611 1331 288 208 städes
2813 1331 288 208 boende
3014 1331 316 208 broder,
3244 1331 259 208 förre
3417 1331 489 208 Artilleristen
3820 1331 316 208 Fredrik
4050 1331 345 208 Mattsson
4280 1331 230 208 Brink,

2614 1468 358 161 hvilken
2875 1468 260 161 dock
3038 1468 260 161 icke
3200 1468 293 161 varit
3396 1468 325 161 hemma;
3623 1468 228 161 att
3754 1468 391 161 Mattsson
4046 1468 228 161 vid
4144 1468 293 161 berörde

2600 1578 393 207 tillfälle
2902 1578 151 207 i
2963 1578 181 207 en
3053 1578 272 207 olåst
3235 1578 302 207 skrubb
3446 1578 151 207 å
3507 1578 181 207 en
3597 1578 242 207 vind
3749 1578 151 207 i
3809 1578 212 207 det
3930 1578 242 207 hus,
4081 1578 212 207 der
4172 1578 272 207 brodern

2618 1673 312 230 bodde,
2836 1673 437 230 tillgripit
3180 1673 375 230 samtlige
3461 1673 187 230 de
3555 1673 594 230 klädespersedlar
4024 1673 406 230 Målseganden

2609 1820 349 188 anmält
2853 1820 244 188 sig
2993 1820 314 188 hafva
3202 1820 384 188 mistat,
3481 1820 453 188 hvarefter
3829 1820 244 188 han
3969 1820 418 188 pantsatt
4248 1820 209 188 dels

2609 1904 251 227 hos
2753 1904 538 227 Pantlånaren
3183 1904 323 227 Karth
3398 1904 251 227 för
3542 1904 430 227 tillhopa
3864 1904 251 227 Två
4008 1904 394 227 Kronor,
4259 1904 215 227 raf¬-

2604 2006 495 224 felkjorteln,
3006 2006 216 224 det
3130 2006 371 224 mörkgråa
3408 2006 433 224 koftlifvet
3748 2006 216 224 och
3841 2006 649 224 fruntimmerspaletån,

2614 2103 229 223 dels
2758 2103 201 223 ock
2872 2103 201 223 hos
2987 2103 430 223 Pantlånaren
3331 2103 172 223 P.
3417 2103 172 223 J.
3503 2103 287 223 Osberg
3704 2103 143 223 i
3761 2103 258 223 huset
3933 2103 172 223 No
4019 2103 143 223 3
4076 2103 201 223 vid
4162 2103 287 223 Jerntor¬-

2622 2262 225 190 get
2750 2262 225 190 för
2879 2262 193 190 75
2976 2262 225 190 öre
3104 2262 225 190 det
3233 2262 322 190 öfriga
3458 2262 322 190 stulna
3683 2262 354 190 godset,
3940 2262 225 190 med
4069 2262 386 190 undantag
4326 2262 129 190 af

2596 2337 459 224 strumporna,
2963 2337 306 224 hvilka
3177 2337 214 224 han
3299 2337 153 224 å
3361 2337 428 224 jerntorget
3697 2337 214 224 för
3819 2337 183 224 50
3911 2337 214 224 öre
4033 2337 245 224 sålt
4186 2337 245 224 till
4308 2337 153 224 ett

2606 2448 373 196 obekant
2878 2448 509 196 fruntimmer;
3285 2448 238 196 att
3421 2448 272 196 hon,
3590 2448 238 196 som
3726 2448 305 196 under
3930 2448 407 196 sednaste
4201 2448 238 196 tiden

2613 2574 266 196 bott
2779 2574 232 196 hos
2912 2574 465 196 Skräddaren
3277 2574 266 196 Lars
3443 2574 332 196 Gustaf
3675 2574 365 196 Hellman
3941 2574 166 196 i
3974 2574 465 196 Byggmästaren

2587 2675 376 271 Jönssons
2869 2675 219 271 hus
2994 2675 188 271 på
3088 2675 408 271 Hisingen,
3402 2675 219 271 den
3527 2675 157 271 4
3590 2675 314 271 dennes
3810 2675 251 271 från
3966 2675 188 271 en
4060 2675 282 271 olåst
4217 2675 251 271 skrubb

2612 2825 179 188 i
2684 2825 322 188 samma
2898 2825 250 188 hus
3042 2825 286 188 från
3221 2825 394 188 Hellman
3507 2825 501 188 tillgripit
3900 2825 215 188 en
4008 2825 358 188 gammal
4223 2825 250 188 svart

2620 2946 387 178 bonjour,
2910 2946 355 178 hvilken
3168 2946 226 178 han
3297 2946 290 178 samma
3491 2946 226 178 dag
3620 2946 226 178 för
3749 2946 194 178 En
3845 2946 290 178 Krona
4039 2946 387 178 pantsatt
4297 2946 161 178 hos

2619 3063 433 183 Pantlånaren
2965 3063 317 183 Osberg;
3196 3063 202 183 och
3312 3063 260 183 hafva
3485 3063 346 183 samtlige
3745 3063 173 183 de
3831 3063 375 183 personer,
4120 3063 202 183 som
4206 3063 289 183 Mattsson

2636 3169 415 224 uppgifvit
2955 3169 223 224 sig
3083 3169 287 224 hafva
3274 3169 223 224 hos
3402 3169 479 224 sistbemälde
3785 3169 447 224 pantlånare
4104 3169 351 224 pantsatt,

2612 3329 262 163 hos
2761 3329 337 163 denne
2948 3329 524 163 återfunnits.

2726 3376 459 185 Skräddaren
3087 3376 393 185 Hellman,
3382 3376 164 185 i
3447 3376 426 185 anledning
3775 3376 295 185 häraf
3971 3376 295 185 hörd,
4168 3376 229 185 har
4266 3376 197 185 upp¬-

2612 3476 350 253 gifvit,
2867 3476 223 253 att
2994 3476 223 253 han
3121 3476 223 253 vid
3248 3476 477 253 efterseende
3629 3476 318 253 saknat
3852 3476 223 253 den
3947 3476 477 253 ifrågavarande

2618 3627 493 203 bonjouren,
3005 3627 388 203 hvilken
3287 3627 317 203 varit
3499 3627 282 203 värd
3675 3627 247 203 Tre
3781 3627 317 203 Kronor.
