5084 4085
545 206 283 188 lyst,
733 206 220 188 att
859 206 377 188 Carlsson
1141 206 220 188 och
1267 206 377 188 Ahlqvist
1550 206 220 188 den
1675 206 188 188 21
1770 206 283 188 sist.
1958 206 251 188 Juli
2115 206 220 188 kl.
2209 206 283 188 omkring

539 317 193 179 6
617 317 231 179 e.
732 317 231 179 m.
848 317 462 179 inkommit
1194 317 193 179 i
1272 317 385 179 hennes
1541 317 385 179 schapp
1811 317 193 179 å
1888 317 462 179 Hultmans
2196 317 270 179 holme

536 472 321 163 dervid
761 472 385 163 Carlsson
1049 472 289 163 varit
1242 472 385 163 drucken;
1531 472 225 163 att
1659 472 289 163 sedan
1851 472 385 163 Carlsson
2140 472 257 163 till
2268 472 193 163 Ahl¬-

533 602 325 171 qvist
750 602 362 171 lemnat
1003 602 253 171 sin
1147 602 542 171 portmonnaie
1581 602 253 171 för
1726 602 253 171 att
1871 602 325 171 hemta
2087 602 217 171 en
2160 602 289 171 butelj

532 708 327 142 porter
761 708 229 142 och
892 708 196 142 en
990 708 327 142 butelj
1219 708 229 142 öl,
1349 708 425 142 Ahlqvist,
1676 708 294 142 efter
1872 708 229 142 det
2003 708 229 142 han
2101 708 327 142 återkom¬-

522 834 244 133 mit
662 834 244 133 med
801 834 383 133 portern
1080 834 244 133 och
1219 834 314 133 ölet,
1428 834 279 133 till
1602 834 418 133 Carlsson
1916 834 488 133 återlemnat
2264 834 209 133 port

540 931 446 187 monnaien,
883 931 274 187 utan
1054 931 240 187 att
1191 931 343 187 hustru
1431 931 446 187 Andersson
1774 931 343 187 visste
2014 931 274 187 huru
2152 931 274 187 mycket

537 1085 402 159 penningar
847 1085 371 159 densamme
1125 1085 464 159 innehållit;
1497 1085 217 159 att
1620 1085 248 159 hon,
1775 1085 217 159 som
1899 1085 248 159 kort
2054 1085 371 159 derefter
2301 1085 155 159 af¬-

519 1191 321 167 lägsnat
752 1191 204 167 sig
869 1191 233 167 från
1015 1191 379 167 schappet,
1306 1191 204 167 der
1423 1191 350 167 Carlsson
1685 1191 204 167 och
1802 1191 350 167 Ahlqvist
2035 1191 379 167 qvarstannat

544 1299 190 170 ej
639 1299 222 170 egt
766 1299 285 170 någon
956 1299 380 170 kännedom
1241 1299 190 170 om
1336 1299 475 170 tillgreppet
1716 1299 253 170 förr
1874 1299 190 170 än
1969 1299 317 170 hennes
2159 1299 253 170 dotter

536 1403 305 188 Davida
750 1403 336 188 Amalia,
994 1403 336 188 åtföljd
1239 1403 183 188 af
1330 1403 397 188 Carlsson,
1635 1403 366 188 infunnit
1910 1403 214 188 sig
2032 1403 153 188 i
2093 1403 305 188 hennes
2276 1403 153 188 bo¬-

526 1519 260 171 stad,
699 1519 317 171 hvarvid
930 1519 346 171 Carlsson
1190 1519 375 171 berättat,
1478 1519 202 171 att
1593 1519 202 171 han
1709 1519 144 171 i
1767 1519 346 171 schappet
2026 1519 317 171 blifvit
2228 1519 202 171 från¬-

509 1640 323 172 stulen
735 1640 194 172 en
831 1640 516 172 portmonnaie,
1251 1640 194 172 en
1348 1640 387 172 snusdosa
1638 1640 226 172 och
1767 1640 194 172 en
1864 1640 355 172 näsduk;
2123 1640 258 172 samt
2252 1640 161 172 att

517 1751 408 159 Ahlqvist,
830 1751 345 159 hvilken
1081 1751 251 159 vore
1238 1751 219 159 hos
1363 1751 282 159 henne
1551 1751 470 159 inneboende,
1927 1751 470 159 ifrågakomne
2272 1751 157 159 dag

508 1887 197 177 ej
607 1887 230 177 egt
738 1887 296 177 några
936 1887 428 177 penningar
1265 1887 329 177 förrän
1495 1887 197 177 på
1594 1887 395 177 aftonen,
1890 1887 197 177 då
1989 1887 230 177 han
2088 1887 329 177 innehaft

513 2021 244 156 Sju
618 2021 313 156 Kronor.

723 2057 378 192 Ahlqvist,
1014 2057 145 192 i
1072 2057 378 192 anledning
1362 2057 262 192 häraf
1537 2057 436 192 ytterligare
1886 2057 262 192 hörd,
2060 2057 203 192 har
2147 2057 291 192 angående

526 2191 394 160 åtkomsten
828 2191 182 160 af
919 2191 182 160 de
1010 2191 151 160 7
1071 2191 303 160 Kronor
1282 2191 212 160 han
1404 2191 212 160 den
1525 2191 182 160 21
1615 2191 303 160 dennes
1827 2191 182 160 på
1918 2191 333 160 aftonen
2130 2191 333 160 innehaft,

518 2299 434 195 uppgifvit
852 2299 234 195 att
985 2299 234 195 han
1119 2299 301 195 samma
1319 2299 234 195 dag
1453 2299 200 195 af
1553 2299 234 195 sin
1686 2299 367 195 svåger,
1920 2299 501 195 Hemmansegaren

501 2404 302 198 Niklas
712 2404 392 198 Johansson
1014 2404 241 198 från
1165 2404 362 198 Glöstorp
1436 2404 151 198 i
1497 2404 272 198 Tufve
1678 2404 181 198 Sn
1768 2404 181 198 på
1859 2404 362 198 Hisingen
2100 2404 302 198 erhållit

499 2505 237 202 Fem
634 2505 372 202 Kronor,
905 2505 440 202 hvarjemte
1243 2505 237 202 han
1379 2505 304 202 sjelf
1582 2505 304 202 förut
1785 2505 237 202 egt
1920 2505 237 202 Två
2022 2505 304 202 Kronor.

633 2608 563 182 Ofvannämnde
1084 2608 638 182 Hemmansegaren
1610 2608 375 182 Niklas
1872 2608 488 182 Johansson
2210 2608 188 182 har

491 2722 454 211 förklarat,
847 2722 227 211 att
977 2722 227 211 han
1107 2722 260 211 icke
1269 2722 292 211 sedan
1464 2722 162 211 i
1529 2722 292 211 sist.
1723 2722 389 211 December
2015 2722 292 211 månad
2177 2722 260 211 lemnat

516 2900 388 139 Ahlqvist
807 2900 291 139 några
969 2900 388 139 penningar.

654 2958 203 170 På
756 2958 304 170 grund
958 2958 203 170 af
1059 2958 270 170 hvad
1228 2958 371 170 sålunda
1498 2958 506 170 förekommit,
1903 2958 203 170 är
2004 2958 304 170 Johan
2173 2958 270 170 August

490 3088 397 194 Ahlqvist
788 3088 331 194 kallad
1019 3088 265 194 till
1185 3088 496 194 inställelse
1581 3088 298 194 inför
1780 3088 232 194 PKn
1912 3088 298 194 denna
2078 3088 198 194 dag.

887 3202 393 172 Göteborg
1182 3202 229 172 den
1313 3202 164 172 2
1379 3202 360 172 Augusti
1608 3202 229 172 1880.

79 3294 289 145 No
175 3294 289 145 163.

82 3410 333 197 Christian
313 3410 205 197 Olsson

577 3289 969 213 Bolagsvärdhusföreståndaren
1448 3289 194 213 F.
1545 3289 194 213 O.
1642 3289 452 213 Lönnqvist,
1997 3289 226 213 som
2094 3289 323 213 förestår

517 3417 600 166 Bolagsvärdshuset
1027 3417 180 166 No
1117 3417 180 166 32
1207 3417 210 166 vid
1327 3417 360 166 Klippan,
1597 3417 210 166 har
1717 3417 420 166 Thorsdagen
2047 3417 210 166 den
2167 3417 180 166 29
2227 3417 210 166 sist.

496 3534 251 171 Juli
652 3534 345 171 anmält,
903 3534 219 171 att
1029 3534 690 171 Skomakeriarbetaren
1624 3534 408 171 Christian
1938 3534 345 171 Olsson,
2157 3534 251 171 boende

506 3656 150 195 i
566 3656 270 195 huset
746 3656 180 195 No
836 3656 180 195 16
926 3656 270 195 Litt.
1106 3656 150 195 H
1166 3656 180 195 af
1256 3656 360 195 Majornas
1526 3656 300 195 Förste
1736 3656 240 195 rote
1886 3656 360 195 Måndagen
2156 3656 210 195 den
2276 3656 180 195 26
2336 3656 90 195 i

2640 212 303 223 samma
2842 212 303 223 månad
3044 212 438 223 innevarit
3381 212 168 223 å
3448 212 370 223 berörde
3718 212 404 223 värdshus
4021 212 236 223 och
4155 212 370 223 intagit
4391 212 202 223 för¬-

2648 370 321 180 täring,
2881 370 204 180 för
2998 370 321 180 hvilken
3231 370 204 180 han
3347 370 233 180 till
3493 370 204 180 ett
3609 370 321 180 biträde
3843 370 146 180 i
3901 370 291 180 liqvid
4105 370 291 180 lemnat
4309 370 204 180 ett
4396 370 175 180 mynt

2647 500 215 165 som
2770 500 215 165 han
2893 500 399 165 uppgifvit
3199 500 245 165 vara
3353 500 215 165 1/2
3506 500 399 165 sterling,
3813 500 153 165 i
3874 500 399 165 anledning
4181 500 307 165 hvaraf
4365 500 184 165 Ols¬-

2651 600 219 147 son
2776 600 250 147 fått
2932 600 375 147 tillbaka
3213 600 281 147 efter
3400 600 343 147 myntets
3650 600 375 147 uppgifna
3931 600 281 147 värde
4118 600 156 147 9
4180 600 343 147 Kronor,
4399 600 156 147 men

2647 704 245 188 att,
2800 704 275 188 efter
2984 704 275 188 någon
3167 704 306 188 stund,
3381 704 275 188 medan
3565 704 306 188 Olsson
3779 704 245 188 ännu
3932 704 398 188 innevarit
4238 704 153 188 å
4268 704 306 188 värdshu¬-

2675 808 204 182 sit
2792 808 409 182 upptäckts,
3113 808 204 182 att
3230 808 204 182 det
3346 808 438 182 ifrågakomne
3697 808 292 182 myntet
3901 808 263 182 varit
4077 808 175 182 en
4164 808 321 182 Engelsk
4369 808 204 182 spel¬-

2665 941 267 166 mark,
2843 941 237 166 samt
2991 941 208 166 att
3110 941 326 166 Olsson,
3347 941 267 166 derom
3525 941 474 166 underrättad,
3910 941 296 166 genast
4118 941 415 166 återlemnat
4414 941 119 166 de

2646 1051 445 193 penningar,
2996 1051 223 193 han
3123 1051 254 193 nyss
3282 1051 286 193 förut
3473 1051 254 193 fått
3632 1051 223 193 för
3759 1051 318 193 myntet
3950 1051 350 193 emottaga.

2761 1168 310 187 Olsson,
2987 1168 198 187 som
3099 1168 141 187 i
3156 1168 367 187 anledning
3438 1168 254 187 häraf
3608 1168 310 187 blifvit
3833 1168 254 187 hörd,
4003 1168 198 187 har
4116 1168 395 187 uppgifvit,
4398 1168 141 187 att

2633 1274 246 166 han
2773 1274 211 166 af
2879 1274 211 166 en
2984 1274 386 166 obekant
3265 1274 526 166 mansperson,
3686 1274 246 166 med
3826 1274 386 166 hvilken
4107 1274 246 166 han
4212 1274 316 166 samman¬-

2630 1375 337 242 träffat
2875 1375 153 242 å
2936 1375 367 242 Allmänna
3212 1375 275 242 vägen
3395 1375 153 242 i
3457 1375 367 242 Majorna,
3732 1375 245 242 till
3885 1375 306 242 skänks
4099 1375 245 242 fått
4222 1375 367 242 ifrågakom¬-

2660 1556 187 150 ne
2722 1556 342 150 spelmark;

3020 1524 117 59 att

3039 1476 172 224 då
3125 1476 200 224 han
3240 1476 172 224 ej
3326 1476 343 224 förstått
3583 1476 343 224 huruvida
3841 1476 200 224 det
3955 1476 229 224 egde
4098 1476 258 224 något
4270 1476 286 224 värde,
4442 1476 143 224 han

2676 1619 311 214 ingått
2894 1619 155 214 å
2956 1619 466 214 ofvannämnde
3329 1619 560 214 Bolagsvärdshus
3795 1619 218 214 och
3919 1619 280 214 efter
4106 1619 218 214 att
4230 1619 218 214 der
4323 1619 218 214 hafva

2674 1714 333 233 intagit
2916 1714 423 233 förtäring,
3248 1714 302 233 frågat
3460 1714 363 233 biträdet
3732 1714 181 233 om
3822 1714 212 233 han
3943 1714 272 233 kunde
4125 1714 181 233 få
4215 1714 302 233 betala
4397 1714 151 233 med

2668 1830 289 224 myntet,
2878 1830 263 224 dervid
3062 1830 316 224 biträdet
3299 1830 289 224 svarat:
3509 1830 210 224 "det
3641 1830 158 224 är
3720 1830 158 224 ju
3799 1830 184 224 1/2
3904 1830 289 224 (pound)
4115 1830 368 224 sterling",
4378 1830 210 224 dervid

2669 1913 272 242 Olsson
2859 1913 299 242 svarat:
3077 1913 218 242 "ja,
3213 1913 190 242 det
3321 1913 245 242 skall
3485 1913 190 242 väl
3593 1913 218 242 vara
3729 1913 245 242 det",
3892 1913 353 242 hvarefter
4164 1913 326 242 biträdet
4382 1913 163 242 lem¬-

2680 2065 200 174 nat
2795 2065 257 174 honom
2966 2065 343 174 tillbaka
3224 2065 143 174 8
3281 2065 286 174 Kronor
3481 2065 172 174 84
3567 2065 229 174 öre;
3709 2065 200 174 att
3824 2065 172 174 då
3910 2065 286 174 Olsson
4110 2065 172 174 en
4195 2065 257 174 stund
4338 2065 229 174 deref¬-

2642 2149 205 177 ter
2759 2149 322 177 blifvit
2993 2149 439 177 underrättad
3344 2149 293 177 derom,
3549 2149 205 177 att
3666 2149 205 177 det
3783 2149 263 177 varit
3959 2149 176 177 en
4046 2149 380 177 spelmark,
4339 2149 205 177 som
4427 2149 146 177 han

2663 2306 397 157 innehaft,
2969 2306 214 157 han
3091 2306 305 157 genast
3305 2306 427 157 återlemnat
3641 2306 214 157 det
3763 2306 366 157 erhållna
4007 2306 580 157 penningebeloppet,

2664 2407 241 166 samt
2814 2407 211 166 att
2935 2407 211 166 han
3055 2407 211 166 den
3176 2407 181 166 28
3266 2407 151 166 i
3326 2407 271 166 samma
3507 2407 271 166 månad
3688 2407 301 166 betalt
3898 2407 181 166 de
3989 2407 452 166 återstående
4350 2407 181 166 16
4410 2407 241 166 örena.

2765 2505 236 195 Den
2900 2505 203 195 af
3002 2505 338 195 Olsson
3238 2505 506 195 utprånglade
3643 2505 473 195 spelmarken
3980 2505 338 195 bifogas.

2767 2605 211 167 På
2872 2605 316 167 grund
3083 2605 211 167 af
3189 2605 281 167 hvad
3365 2605 387 167 sålunda
3646 2605 527 167 förekommit,
4068 2605 211 167 är
4138 2605 387 167 Christian

2650 2743 324 194 Olsson
2876 2743 324 194 kallad
3103 2743 259 194 till
3264 2743 485 194 inställelse
3653 2743 291 194 inför
3847 2743 226 194 PKn
3976 2743 291 194 denna
4138 2743 194 194 dag.

2976 2851 424 186 Göteborg
3294 2851 247 186 den
3435 2851 177 186 2
3506 2851 389 186 Augusti
3753 2851 247 186 1880.

4557 2929 258 138 No
4643 2929 258 138 164.

4508 3035 306 191 Augusta
4703 3035 278 191 Josefina

4494 3157 276 178 Svensson.

2786 2973 456 197 Följande
3128 2973 456 197 personer
3469 2973 342 197 hafva
3659 2973 342 197 anmält:

2673 3070 171 156 1o
2759 3070 228 156 Herr
2902 3070 342 156 Medicine
3158 3070 285 156 Doktor
3358 3070 171 156 C.
3443 3070 171 156 H.
3529 3070 428 156 Settervall,
3871 3070 285 156 boende
4071 3070 143 156 i
4128 3070 257 156 huset
4299 3070 171 156 No
4384 3070 171 156 15
4441 3070 143 156 vid

2633 3188 288 208 Östra
2825 3188 448 208 Larmgatan,
3177 3188 224 208 att
3305 3188 224 208 den
3433 3188 192 208 20
3529 3188 288 208 sist.
3721 3188 256 208 Juli
3881 3188 160 208 i
3945 3188 384 208 tamburen
4233 3188 256 208 till
4361 3188 192 208 hans

2660 3320 312 173 bostad
2878 3320 249 173 från
3034 3320 281 173 honom
3221 3320 468 173 tillgripits
3595 3320 218 173 ett
3720 3320 281 173 svart
3907 3320 499 173 sidenparaply
4312 3320 218 173 med
4406 3320 187 173 gul¬-

2650 3426 417 181 spräcklig
2971 3426 353 181 krycka,
3227 3426 289 181 värdt
3420 3426 353 181 Tretton
3644 3426 289 181 Kronor;

2643 3536 189 150 2o
2737 3536 252 150 Herr
2894 3536 252 150 Med.
3051 3536 189 150 Dr
3146 3536 189 150 N.
3240 3536 189 150 M.
3334 3536 377 150 Asplund,
3617 3536 314 150 boende
3837 3536 157 150 i
3900 3536 283 150 huset
4089 3536 189 150 No
4183 3536 157 150 8
4246 3536 220 150 vid
4340 3536 252 150 Drott¬-

2669 3653 490 196 ninggatan,
3054 3653 245 196 att
3194 3653 245 196 den
3334 3653 210 196 22
3439 3653 175 196 i
3509 3653 315 196 samma
3720 3653 315 196 månad
3930 3653 175 196 i
4000 3653 210 196 en
4105 3653 315 196 olåst
4280 3653 280 196 tambur
