5045 4076
88 242 300 75 No
188 242 250 75 26.

116 328 247 68 Fredrik
273 328 179 68 Magnus

93 420 317 73 Andersson.

547 205 336 85 Efter
771 205 411 85 anmälan
1070 205 224 85 af
1182 205 598 85 Månadskarlen
1667 205 299 85 Johs
1854 205 523 85 Johansson,
2227 205 187 85 an¬-

523 301 308 107 ställd
739 301 216 107 hos
862 301 400 107 Göteborgs
1170 301 400 107 Ångbageri
1478 301 431 107 aktiebolag
1816 301 154 107 i
1878 301 277 107 huset
2063 301 185 107 No
2155 301 185 107 52
2247 301 185 107 D.
2309 301 123 107 E.

482 390 224 135 vid
610 390 192 135 2a
706 390 447 135 Långgatan,
1057 390 224 135 har
1185 390 607 135 Poliskonstapeln
1695 390 192 135 No
1791 390 192 135 44
1887 390 415 135 Johansson
2206 390 160 135 i
2238 390 160 135 dag

492 474 195 153 kl
589 474 227 153 1/4
719 474 162 153 7
784 474 260 153 f.m.
946 474 390 153 anhållit
1239 474 292 153 förre
1434 474 552 153 Artilleristen
1889 474 357 153 Fredrik
2116 474 260 153 Magnus

471 568 460 161 Andersson,
832 568 328 161 boende
1062 568 164 161 i
1128 568 296 161 huset
1325 568 197 161 No
1424 568 197 161 19
1522 568 230 161 vid
1653 568 558 161 Kapuniergatan
2113 568 230 161 för
2212 568 164 161 det

466 680 226 149 han
595 680 259 149 kort
757 680 291 149 förut
951 680 259 149 från
1112 680 194 149 en
1209 680 194 149 af
1306 680 259 149 Johs
1468 680 420 149 Johansson
1792 680 259 149 körd
1953 680 420 149 brödvagn,
2244 680 162 149 som

474 778 284 157 stådt
664 778 347 157 utanför
916 778 284 157 Hotel
1105 778 473 157 Christiania
1484 778 221 157 vid
1610 778 599 157 Drottningtorget
2083 778 315 157 tillgri¬-

469 882 218 153 pit
594 882 187 153 en
687 882 281 153 korg,
875 882 499 153 innehållande
1280 882 250 153 bröd
1436 882 250 153 till
1592 882 218 153 ett
1717 882 281 153 värde
1905 882 187 153 af
1998 882 156 153 3
2061 882 187 153 Kr
2154 882 187 153 50
2217 882 187 153 öre.

606 1004 251 123 Wid
749 1004 251 123 det
893 1004 251 123 med
1036 1004 465 123 Andersson
1394 1004 179 123 i
1465 1004 465 123 anledning
1823 1004 322 123 häraf
2002 1004 394 123 anställde

484 1110 321 147 förhör
709 1110 225 147 har
837 1110 225 147 han
965 1110 353 147 erkänt,
1222 1110 225 147 att
1351 1110 257 147 han,
1511 1110 225 147 som
1640 1110 193 147 är
1736 1110 161 147 i
1800 1110 321 147 saknad
2025 1110 193 147 af
2089 1110 289 147 syssel¬-

465 1210 419 163 sättning
779 1210 175 163 i
849 1210 244 163 dag
989 1210 210 163 på
1094 1210 454 163 morgonen,
1443 1210 244 163 vid
1583 1210 244 163 det
1722 1210 244 163 han
1862 1210 279 163 gått
2037 1210 314 163 förbi
2211 1210 175 163 den

484 1318 191 163 af
580 1318 414 163 Johansson
898 1318 286 163 körda
1089 1318 446 163 brödvagnen
1439 1318 382 163 derifrån
1725 1318 446 163 tillgripit
2076 1318 191 163 en
2139 1318 223 163 korg,

467 1430 599 155 innehållande
953 1430 337 155 bröd,
1178 1430 412 155 hvarmed
1477 1430 262 155 han
1627 1430 337 155 ämnat
1852 1430 449 155 aflägsna
2151 1430 225 155 sig,

476 1544 224 139 men
604 1544 352 139 blifvit
860 1544 192 139 af
956 1544 416 139 Johansson
1277 1544 416 139 fasttagen
1597 1544 224 139 och
1725 1544 481 139 öfverlemnad
2110 1544 256 139 till
2238 1544 128 139 en

430 1689 628 99 Poliskonstapel.

588 1739 319 143 Korgen
811 1739 223 143 med
939 1739 319 143 brödet
1162 1739 223 143 har
1290 1739 351 143 blifvit
1545 1739 255 143 till
1704 1739 319 143 egaren
1895 1739 415 143 återlemnad.

590 1852 217 137 På
698 1852 325 137 grund
915 1852 217 137 af
1023 1852 289 137 hvad
1203 1852 397 137 sålunda
1492 1852 541 137 förekommit,
1925 1852 361 137 kommer
2142 1852 217 137 Fre¬-

474 1956 275 151 drik
645 1956 343 151 Magnus
886 1956 446 151 Andersson
1229 1956 240 151 att
1366 1956 309 151 denna
1572 1956 240 151 dag
1710 1956 240 151 för
1847 1956 240 151 PKn
1950 1956 412 151 inställas.

846 2073 380 103 Göteborg
1131 2073 221 103 den
1258 2073 190 103 11
1353 2073 380 103 Februari
1606 2073 221 103 1880.

125 2229 232 90 No
203 2229 193 90 27.

79 2347 293 102 Emanuel
266 2347 240 102 Jansson

505 2200 743 127 Poliskonstapeln
1130 2200 235 127 No
1248 2200 235 127 45
1365 2200 508 127 Jakobsson
1756 2200 274 127 har
1912 2200 469 127 Tisdagen
2225 2200 195 127 den

517 2312 269 123 10
652 2312 269 123 ds
786 2312 314 123 kl.
966 2312 314 123 1/2
1145 2312 224 123 e
1235 2312 269 123 m,
1370 2312 224 123 å
1460 2312 673 123 Kungstorget
1953 2312 449 123 anhållit

488 2430 680 113 Ynglingen
1011 2430 575 113 Emanuel
1429 2430 627 113 Jansson,
1899 2430 523 113 boende
2213 2430 157 113 i

486 2532 395 133 Huset
750 2532 263 133 No
881 2532 220 133 8
969 2532 307 133 vid
1145 2532 439 133 tredje
1452 2532 571 133 Långgatan
1891 2532 307 133 för
2067 2532 307 133 det
2198 2532 220 133 han

493 2658 376 117 till
728 2658 376 117 salu
963 2658 564 117 utbjudit
1386 2658 282 117 en
1527 2658 799 117 klädningskjol
2138 2658 188 117 af

483 2782 244 95 af
605 2782 366 95 grått
849 2782 650 95 halfylletyg,
1378 2782 244 95 en
1500 2782 650 95 klädningkjol
2028 2782 244 95 af
2109 2782 285 95 hvitt

458 2902 309 79 och
634 2902 618 79 blårandigt
1120 2902 662 79 bomullstyg,
1650 2902 309 79 två
1826 2902 486 79 stycken
2135 2902 221 79 blå

474 3014 291 79 och
641 3014 623 79 hvitrandiga
1139 3014 706 79 klädningslif,
1720 3014 291 79 ett
1886 3014 498 79 förkläde
2218 3014 166 79 af

464 3116 380 85 hvitt
717 3116 633 85 bomullstyg,
1224 3116 338 85 fyra
1435 3116 380 85 bitar
1689 3116 338 85 rödt
1857 3116 465 85 möbeltyg,

485 3214 300 97 ett
657 3214 428 97 stycke
956 3214 471 97 säckväf
1299 3214 300 97 och
1471 3214 300 97 ett
1642 3214 300 97 par
1813 3214 386 97 bruna
2028 3214 428 97 handskar

474 3318 292 101 för
641 3318 459 101 åtkomst
975 3318 501 101 hvartill
1351 3318 292 101 han
1518 3318 334 101 icke
1726 3318 417 101 kunnat
1977 3318 459 101 redogöra.

507 3420 314 112 Vid
687 3420 314 112 det
866 3420 314 112 med
1046 3420 494 112 Jansson
1405 3420 224 112 i
1494 3420 583 112 anledning
1943 3420 404 112 häraf
2168 3420 224 112 an¬-

476 3542 416 70 stälde
767 3542 416 70 förhör
1058 3542 291 70 har
1225 3542 291 70 han
1391 3542 582 70 uppgifvit,
1848 3542 291 70 att
2014 3542 291 70 han
2139 3542 291 70 först

444 3613 414 55 sagde
674 3613 230 55 dag

889 3582 112 32 på
945 3582 93 32 e
964 3582 56 32 m

933 3631 236 70 i
1027 3631 425 70 något
1310 3631 472 70 ärende
1641 3631 519 70 uppgått
2018 3631 236 70 i
2066 3631 330 70 huset

441 3679 260 124 No
571 3679 260 124 73
700 3679 303 124 vid
874 3679 822 124 Drottninggatan,
1566 3679 303 124 att
1739 3679 303 124 han
1913 3679 260 124 på
2042 3679 260 124 en
2129 3679 303 124 olåst

2707 225 394 85 vind
2953 225 640 85 derstädes
3445 225 689 85 tillgripit
3987 225 295 85 de
4135 225 295 85 af
4233 225 345 85 honom

2710 327 594 83 innehafde
3167 327 913 83 klädespersedlar,
3943 327 320 83 med
4126 327 457 83 hvilka
4400 327 228 83 han

2714 425 486 87 begifvit
3078 425 283 87 sig
3240 425 324 87 till
3442 425 607 87 Kungstorget
3928 425 283 87 för
4090 425 283 87 att
4211 425 405 87 försälja

2718 534 384 89 dem,
2958 534 336 89 men
3150 534 336 89 att
3342 534 336 89 han
3534 534 624 89 derstädes
4014 534 528 89 blifvit
4350 534 192 89 af

2697 658 900 87 Poliskonstapeln
3455 658 616 87 Jakobsson
3881 658 521 87 anhållen.

2719 784 458 81 Pigan
3024 784 611 81 Josefina
3482 784 611 81 Mathilda
3940 784 611 81 Axelsson
4347 784 153 81 i

2695 902 470 81 tjenst
3024 902 329 81 hos
3212 902 470 81 Handl.
3541 902 282 81 J.
3683 902 658 81 Otterström
4200 902 235 81 i
4247 902 329 81 huset

2703 1016 307 87 No
2856 1016 307 87 73
3009 1016 358 87 vid
3214 1016 920 87 Drottninggatan
3980 1016 358 87 har
4133 1016 409 87 anmält

2681 1130 328 81 sig
2868 1130 421 81 såsom
3149 1130 421 81 egare
3430 1130 374 81 till
3664 1130 702 81 ifrågakomne
4179 1130 421 81 klädes¬-

2685 1242 720 95 persedlar,
3250 1242 360 95 som
3456 1242 412 95 vore
3713 1242 463 95 värde
4022 1242 257 95 3
4125 1242 309 95 Kr
4228 1242 360 95 under

2704 1362 546 87 uppgift
3102 1362 348 87 att
3300 1362 546 87 desamma
3698 1362 745 87 tillgripits
4294 1362 298 87 ur
4393 1362 199 87 en

2706 1478 453 87 olåst
3008 1478 504 87 kista,
3361 1478 353 87 som
3562 1478 453 87 stått
3864 1478 252 87 å
3965 1478 302 87 en
4116 1478 403 87 låst
4318 1478 302 87 vind

2695 1589 393 77 till
2941 1589 442 77 sagde
3236 1589 393 77 hus;
3481 1589 393 77 samt
3727 1589 344 77 att
3924 1589 541 77 tjufven
4268 1589 344 77 genom

2723 1693 345 95 att
2920 1693 246 95 å
3018 1693 345 95 ena
3215 1693 492 95 väggen
3560 1693 640 95 frånbryta
4052 1693 345 95 två
4200 1693 394 95 bräder

2721 1823 474 59 beredt
3052 1823 332 59 sig
3242 1823 521 59 inträde
3574 1823 284 59 dit.

2719 1865 220 79 På
2829 1865 330 79 grund
3049 1865 220 79 af
3159 1865 293 79 hvad
3343 1865 403 79 sålunda
3636 1865 550 79 förekommit,
4076 1865 367 79 kommer
4296 1865 330 79 Emanuel

2715 1942 364 88 Jansson
2980 1942 232 88 att
3112 1942 298 88 denna
3311 1942 232 88 dag
3444 1942 298 88 inför
3642 1942 232 88 PKn
3775 1942 464 88 inställas.
4139 1942 398 88 Göteborg
4404 1942 166 88 den

2703 2040 209 62 11
2808 2040 418 62 Februari
3086 2040 244 62 1880.

4561 2172 306 77 No
4663 2172 255 77 28.

4587 2307 224 72 Johan
4712 2307 274 72 Ferdinand

4589 2391 354 64 Eriksson
4825 2391 148 64 och

4618 2482 213 55 Oskar
4737 2482 237 55 Zachris¬-

4610 2550 144 55 son.

2698 2226 357 85 Förre
2936 2226 437 85 drängen
3254 2226 357 85 Johan
3492 2226 357 85 Peter
3730 2226 476 85 Swensson
4088 2226 318 85 från
4246 2226 318 85 torpet

2684 2342 478 85 Kullen
3019 2342 430 85 under
3305 2342 478 85 gården
3640 2342 621 85 Eskebacka
4118 2342 239 85 i
4166 2342 382 85 Fjärås

2711 2446 245 89 sn
2834 2446 491 89 Hallands
3202 2446 286 89 län
3365 2446 286 89 har
3529 2446 491 89 Tisdagen
3897 2446 286 89 den
4060 2446 327 89 10ds
4224 2446 368 89 anmält,

2703 2552 286 101 att
2867 2552 368 101 sagde
3112 2552 286 101 dag
3276 2552 286 101 kl.
3439 2552 450 101 omkring
3766 2552 286 101 3/4
3930 2552 204 101 9
4012 2552 245 101 på
4134 2552 409 101 afton,
4380 2552 204 101 un¬-

2698 2655 348 107 der
2897 2655 348 107 det
3096 2655 348 107 han
3296 2655 249 107 i
3395 2655 448 107 något
3694 2655 498 107 ärende
3992 2655 548 107 innevarit

2689 2761 214 111 i
2775 2761 428 111 gården
3075 2761 343 111 till
3289 2761 385 111 huset
3546 2761 257 111 No
3674 2761 214 111 4
3760 2761 214 111 &
3845 2761 214 111 5
3931 2761 300 111 vid
4059 2761 557 111 Bazargatan,

2710 2870 351 101 från
2929 2870 395 101 honom
3193 2870 658 101 tillgripits
3719 2870 263 101 en
3851 2870 219 101 i
3938 2870 307 101 ena
4070 2870 570 101 ytterfickan

2702 2977 231 105 å
2794 2977 370 105 hans
3025 2977 508 105 påhafde
3395 2977 370 105 rock
3626 2977 554 105 förvarad
3995 2977 601 105 portmonnaie

2693 3075 282 119 af
2834 3075 423 119 grått
3116 3075 423 119 skinn
3398 3075 329 119 med
3586 3075 517 119 stållås
3914 3075 658 119 innehållande

2689 3198 521 102 omkring
3068 3198 237 102 6
3162 3198 284 102 Kr
3305 3198 237 102 i
3399 3198 569 102 silfverm
3826 3198 332 102 och
3968 3198 616 102 kopparmynt,

2674 3304 333 92 Två
2865 3304 856 92 läkarerecepter
3578 3304 523 92 utgifne
3958 3304 285 92 af
4101 3304 285 92 Dr
4196 3304 380 92 Thulin

2728 3410 229 97 i
2820 3410 642 97 Kungsbacka
3324 3410 321 97 och
3508 3410 321 97 ett
3691 3410 642 97 färgmärke;
4195 3410 367 97 samt
4379 3410 229 97 att

2667 3506 301 137 han
2839 3506 301 137 för
3011 3506 387 137 detta
3268 3506 558 137 tillgrepp
3698 3506 601 137 misstänkte
4170 3506 301 137 två
4299 3506 301 137 okän¬-

2685 3627 270 109 da
2820 3627 765 109 manspersoner,
3450 3627 225 109 i
3540 3627 540 109 sällskap
3945 3627 315 109 med
4125 3627 450 109 hvilka
4395 3627 225 109 han

2656 3725 264 95 på
2788 3725 616 95 åtskilliga
3272 3725 528 95 värdshus
3668 3725 484 95 intagit
4020 3725 572 95 förtäring
4416 3725 220 95 och
