4939 4069
500 222 510 166 Fehrnström
901 222 510 166 framställt
1302 222 474 166 förfrågan
1666 222 182 166 i
1739 222 474 166 anledning
2067 222 292 166 deraf,

482 362 261 140 hon
631 362 410 140 erkänt,
929 362 261 140 att
1078 362 261 140 hon
1227 362 373 140 stulit
1488 362 373 140 weden;
1749 362 298 140 samt
1935 362 261 140 att
2084 362 261 140 hon
2196 362 149 140 då

479 460 429 157 erhållit
801 460 536 157 tillsägelse
1230 460 250 157 att
1373 460 286 157 bära
1552 460 429 157 densamme
1873 460 429 157 tillbaka
2159 460 179 157 dit

490 600 242 146 der
629 600 242 146 hon
767 600 311 146 tagit
974 600 276 146 den,
1147 600 380 146 hvilken
1423 600 518 146 tillsägelse
1838 600 242 146 hon
1941 600 415 146 godvilligt

439 714 356 184 åtydt.

617 798 228 194 På
731 798 342 194 grund
959 798 228 194 af
1073 798 304 194 hvad
1263 798 418 194 sålunda
1567 798 570 194 förekommit,
2023 798 266 194 äro
2137 798 190 194 må¬-

465 939 339 150 karne
691 939 528 150 Fehrnström
1106 939 339 150 jemte
1332 939 528 150 målsegarne
1746 939 490 150 Johansson
2086 939 188 150 och

461 1035 402 203 Walther
754 1035 402 203 kallade
1046 1035 292 203 till
1229 1035 548 203 inställelse
1667 1035 329 203 inför
1850 1035 475 203 Poliskamma¬-

456 1168 284 229 ren
619 1168 365 229 denna
862 1168 325 229 dag.
1065 1168 487 229 Göteborg
1431 1168 284 229 den
1593 1168 244 229 11
1715 1168 487 229 November
2040 1168 284 229 1880.

2501 195 256 220 No
2629 195 256 220 32
2757 195 298 220 vid
2927 195 724 220 Kronhusgatan,
3524 195 298 220 har
3694 195 511 220 Onsdagen
4078 195 298 220 den
4206 195 170 220 10

2492 372 425 177 dennes
2789 372 425 177 anmält
3086 372 297 177 att
3256 372 382 177 sagde
3510 372 297 177 dag
3680 372 255 177 på
3808 372 255 177 e.
3935 372 255 177 m.
4062 372 212 177 i
4105 372 212 177 ett

2504 505 259 207 Kök
2652 505 296 207 till
2837 505 333 207 huset
3059 505 222 207 No
3170 505 185 207 2
3244 505 259 207 vid
3392 505 333 207 Lilla
3613 505 444 207 Nygatan,
3946 505 259 207 der
4094 505 259 207 hon
4205 505 111 207 i

2524 662 351 198 något
2758 662 390 198 ärende
3031 662 546 198 innevarit,
3460 662 312 198 från
3654 662 351 198 henne
3849 662 507 198 tillgripits

2501 815 294 180 en
2648 815 637 180 brunmålad
3138 815 588 180 torgkorg
3580 815 784 180 innehållande
4168 815 196 180 en

2506 943 448 233 matsked
2832 943 244 233 af
2954 943 529 233 nysilfver
3362 943 326 233 värd
3565 943 204 233 1
3647 943 367 233 Krona
3891 943 244 233 50
4013 943 326 233 öre,
4176 943 163 233 en

2498 1100 497 192 spillkum
2870 1100 331 192 värd
3077 1100 248 192 25
3201 1100 331 192 öre,
3408 1100 290 192 och
3574 1100 290 192 tre
3739 1100 497 192 porslins
4070 1100 290 192 tall¬-

2516 1247 458 142 rikar
2821 1247 763 142 tillsammans
3431 1247 458 142 värda
3736 1247 254 142 1
3787 1247 407 142 Krona.

2529 1401 283 228 På
2670 1401 520 228 anmodan
3048 1401 283 228 af
3190 1401 520 228 Mamsell
3568 1401 520 228 Augusta
3899 1401 472 228 Larsson,

2536 1565 234 193 i
2630 1565 421 193 huset
2910 1565 281 193 No
3051 1565 281 193 45
3191 1565 327 193 vid
3378 1565 421 193 Södra
3659 1565 608 193 Hamngatan
4080 1565 234 193 har

2529 1736 799 168 Poliskonstapeln
3202 1736 252 168 No
3328 1736 252 168 46
3454 1736 463 168 Larsson
3791 1736 294 168 den
3959 1736 252 168 10
4043 1736 337 168 dennes

2526 1882 300 197 Kl.
2698 1882 386 197 4.45.
2955 1882 343 197 e.m.
3169 1882 515 197 anhållit
3555 1882 343 197 före
3770 1882 515 197 Sjömanen
4113 1882 300 197 Johan

2545 1996 380 222 Peter
2798 1996 592 222 Bengtsson,
3263 1996 423 222 boende
3559 1996 211 222 i
3644 1996 380 222 huset
3897 1996 254 222 No
4024 1996 254 222 14
4109 1996 211 222 vid

2514 2145 714 215 Kapuniergatan
3102 2145 294 215 för
3270 2145 294 215 det
3438 2145 294 215 han
3605 2145 336 215 kort
3815 2145 378 215 förut
4067 2145 210 215 i
4109 2145 210 215 ett

2517 2307 464 184 fönster
2854 2307 591 184 tillgripit
3319 2307 464 184 stående
3656 2307 211 184 5
3741 2307 464 184 stycken
4036 2307 338 184 mindre

2554 2442 720 195 glasburkar
3119 2442 823 195 innehållande
3736 2442 617 195 lingonsylt

2524 2606 661 140 tillsammans
3053 2606 396 140 värda
3317 2606 220 140 6
3405 2606 440 140 Kronor
3713 2606 264 140 75
3845 2606 352 140 öre,
4022 2606 352 140 hvilka

2513 2722 465 181 burkar
2838 2722 604 181 Bengtsson
3303 2722 372 181 sökt
3535 2722 558 181 nedlägga
3954 2722 232 181 i
4047 2722 279 181 en
4140 2722 232 181 me¬-

2490 2877 366 176 förd
2719 2877 412 176 korg,
2994 2877 320 176 men
3177 2877 595 176 hvarifrån
3635 2877 320 176 han
3818 2877 549 176 hindrats
4184 2877 183 176 af

2531 2986 465 208 Mamsell
2869 2986 507 208 Larsson,
3249 2986 549 208 hvarefter
3672 2986 549 208 Bengtsson
4052 2986 338 208 skynd¬-

2516 3195 365 150 samt
2744 3195 593 150 aflägsnat
3200 3195 319 150 sig
3382 3195 729 150 efterlemnade
3929 3195 365 150 Korgen

2601 3284 307 199 Wid
2776 3284 307 199 det
2952 3284 307 199 med
3127 3284 569 199 Bengtsson
3565 3284 219 199 i
3652 3284 569 199 anledning
4046 3284 307 199 häraf

2548 3431 485 227 anstälde
2912 3431 445 227 förhör,
3235 3431 283 227 har
3397 3431 283 227 han
3559 3431 485 227 förnekat
3923 3431 283 227 all
4044 3431 324 227 känne¬-

2554 3627 324 173 dom
2739 3627 278 173 om
2878 3627 509 173 berörde
3248 3627 602 173 tillgrepp
3712 3627 417 173 under
3943 3627 417 173 uppgift
