5055 4081
472 219 497 191 antagit
833 219 316 191 att
1014 219 407 191 någon
1285 219 587 191 upphittat
1691 219 407 191 godset.

538 373 521 219 Knytet
903 373 365 219 med
1111 373 678 219 paketerna
1633 373 365 219 har
1841 373 574 219 blifvit
2206 373 209 219 af

458 487 1073 204 detektivkonstaplarne
1397 487 626 204 Söderqvist
1889 487 313 204 och
2023 487 447 204 Lindgren

459 614 632 213 eftersökt
946 614 243 213 å
1043 614 340 213 den
1238 614 486 213 plats,
1578 614 340 213 som
1772 614 632 213 Petersson
2210 614 292 213 upp¬-

482 718 559 239 gifvit,
889 718 356 239 men
1092 718 356 239 har
1295 718 407 239 icke
1549 718 508 239 kunnat
1854 718 610 239 paträffas.

491 832 314 209 De
648 832 314 209 af
805 832 681 209 Petersson
1328 832 733 209 innehafvde
1904 832 314 209 23
2009 832 419 209 kronor

463 951 298 202 64
612 951 348 202 öre
811 951 447 202 hafva
1109 951 546 202 blifvit
1506 951 397 202 till
1705 951 745 202 målsegarefir¬-

451 1070 430 156 man
635 1070 860 156 återlemnade.

578 1181 322 205 På
739 1181 483 205 grund
1062 1181 322 205 af
1223 1181 430 205 hvad
1491 1181 591 205 sålunda
1867 1181 537 205 forekom¬-

434 1309 351 187 mit
635 1309 502 187 kommer
986 1309 452 187 Peter
1287 1309 502 187 Alfred
1638 1309 702 187 Petersson,
2140 1309 351 187 hvil¬-

440 1456 325 177 ken
625 1456 372 177 idag
858 1456 465 177 slutat
1183 1456 697 177 undergången
1694 1456 651 177 bestraffning

416 1530 342 217 för
611 1530 537 217 fylleri
1002 1530 342 217 att
1197 1530 439 217 denna
1490 1530 342 217 dag
1685 1530 342 217 för
1880 1530 342 217 PKn
2027 1530 439 217 instäl¬-

437 1661 392 199 lad.
682 1661 588 199 Göteborg
1123 1661 343 199 den
1319 1661 245 199 9
1417 1661 539 199 Augusti
1760 1661 343 199 1880.

68 1851 242 156 No
148 1851 202 156 171

53 1985 378 96 Amanda
280 1985 264 96 Char¬-

65 2055 242 110 lotta
200 2055 323 110 Niklasdot¬-

31 2128 193 108 ter

514 1810 674 229 Bokhållaren
1053 1810 449 229 Martin
1367 1810 629 229 Andersson,
1861 1810 449 229 boende
2176 1810 225 229 i
2220 1810 225 229 hu¬-

475 1988 277 182 set
634 1988 238 182 No
753 1988 277 182 137
911 1988 198 182 &
991 1988 277 182 138
1149 1988 198 182 i
1228 1988 476 182 Majornas
1585 1988 277 182 5te
1743 1988 357 182 rote,
1981 1988 277 182 har
2100 1988 317 182 Freda¬-

482 2109 307 161 gen
658 2109 307 161 den
833 2109 263 161 30
965 2109 439 161 sistl.
1272 2109 351 161 Juli
1492 2109 439 161 anmält
1799 2109 307 161 att
1974 2109 351 161 hans
2150 2109 307 161 tjen¬-

460 2212 624 195 steflicka
940 2212 480 195 Amanda
1276 2212 624 195 Andersson
1709 2212 720 195 derförutgång¬-

479 2322 264 174 ne
611 2322 397 174 afton
876 2322 308 174 kl.
1052 2322 264 174 10
1184 2322 220 174 å
1272 2322 264 174 en
1404 2322 617 174 stentrappa
1889 2322 485 174 utanför
2198 2322 264 174 sag¬-

479 2440 256 184 de
607 2440 299 184 hus
778 2440 556 184 påträffat
1206 2440 299 184 och
1377 2440 726 184 tillvaratagit
1975 2440 299 184 ett
2103 2440 342 184 nyfödt

465 2553 580 153 lefvande
900 2553 725 153 flickebarn,
1480 2553 629 153 inlindadt
1964 2553 242 153 i
2012 2553 435 153 gammalt

453 2670 440 154 linne
746 2670 342 154 och
942 2670 342 154 ett
1137 2670 537 154 gammalt
1528 2670 537 154 koftlif
1918 2670 293 154 af
2016 2670 342 154 mörkt

430 2776 544 165 halfylletyg.

601 2862 439 148 Barnet,
920 2862 279 148 som
1080 2862 359 148 öfver
1319 2862 399 148 natten
1599 2862 319 148 till
1798 2862 279 148 den
1958 2862 239 148 31
2078 2862 200 148 i
2118 2862 319 148 berör¬-

422 2974 283 158 de
563 2974 425 158 månad
846 2974 519 158 vårdats
1224 2974 236 158 i
1318 2974 708 158 bokhållaren
1837 2974 566 158 Anderssons

437 3073 448 206 bostad,
763 3073 489 206 affördes
1130 3073 570 206 sistnämnde
1578 3073 285 206 dag
1741 3073 326 206 till
1944 3073 448 206 stadens
2230 3073 244 206 fat¬-

387 3216 1154 179 tigförsörjningsinrättning.

576 3288 540 181 Söndagen
981 3288 315 181 den
1161 3288 360 181 1ste
1386 3288 450 181 dennes
1700 3288 315 181 kl.
1880 3288 495 181 omkring
2195 3288 180 181 10

460 3433 292 128 på
606 3433 536 128 aftonen
996 3433 487 128 infann
1338 3433 341 128 sig
1533 3433 244 128 i
1630 3433 731 128 bokhållaren
2166 3433 244 128 An¬-

467 3513 616 199 derssons
929 3513 513 199 bostad
1288 3513 513 199 ogifte
1648 3513 513 199 Amanda
1956 3513 513 199 Charlot¬-

465 3633 286 204 ta
608 3633 763 204 Niklasdotter
1229 3633 382 204 från
1467 3633 477 204 gården
1801 3633 429 204 Kärra
2087 3633 239 204 i
2135 3633 334 204 Säfve

2652 192 487 214 Socken
2993 192 292 214 på
3140 192 634 214 Hisingen,
3627 192 585 214 hvilken,
4066 192 439 214 under
4310 192 292 214 upp¬-

2671 321 411 236 gift,
2945 321 320 236 att
3128 321 320 236 hon
3311 321 365 236 vore
3539 321 411 236 moder
3813 321 365 236 till
4042 321 320 236 det
4224 321 320 236 den
4361 321 183 236 29

2637 471 415 155 sist.
2913 471 369 155 Juli
3144 471 276 155 på
3282 471 507 155 aftonen
3651 471 507 155 utsatta
4019 471 507 155 barnet,
4342 471 230 155 be¬-

2645 578 461 190 gärde
2952 578 308 190 få
3106 578 564 190 afhemta
3465 578 564 190 detsamma.

2722 689 220 188 I
2810 689 573 188 anledning
3251 689 397 188 häraf
3515 689 353 188 blef
3736 689 705 188 Niklasdotter
4264 689 353 188 anhål¬-

2597 805 382 143 len;
2836 805 335 143 och
3027 805 335 143 här
3219 805 335 143 hon
3410 805 335 143 vid
3601 805 335 143 det
3792 805 335 143 med
3984 805 430 143 henne
4223 805 430 143 anstäl¬-

2602 919 288 188 da
2746 919 480 188 förhör
3082 919 672 188 uppgifvit:
3610 919 336 188 att
3802 919 384 188 hon,
4042 919 336 188 som
4234 919 336 188 bor
4378 919 240 188 hos

2591 1015 347 191 sin
2790 1015 446 191 fader
3087 1015 1041 191 backstugusittaren
3979 1015 496 191 Niklas
4276 1015 347 191 Nils¬-

2597 1154 411 171 son
2832 1154 528 171 under
3184 1154 528 171 Kärra
3536 1154 293 171 i
3653 1154 528 171 Säfve
4005 1154 352 171 Sn
4181 1154 352 171 på
4299 1154 293 171 Hi¬-

2611 1284 506 208 singen
2966 1284 456 208 genom
3270 1284 557 208 oloftig
3675 1284 759 208 beblandelse
4232 1284 354 208 blif¬-

2622 1392 344 177 vit
2818 1392 639 177 hafvande,
3310 1392 442 177 doldt
3605 1392 393 177 dolt
3802 1392 786 177 hafvandeskapet

2631 1521 361 193 för
2838 1521 361 193 sin
3044 1521 464 193 fader
3354 1521 361 193 och
3560 1521 516 193 öfrige
3921 1521 258 193 i
4024 1521 464 193 samma
4282 1521 258 193 hus

2651 1645 448 193 boende
2965 1645 582 193 personer;
3412 1645 313 193 att
3591 1645 313 193 hon
3770 1645 313 193 den
3949 1645 269 193 29
4084 1645 448 193 sistl.
4352 1645 269 193 Juli

2637 1738 259 179 på
2766 1738 431 179 natten
3068 1738 517 179 begifvit
3456 1738 302 179 sig
3628 1738 345 179 till
3843 1738 431 179 skogen
4145 1738 302 179 vid
4274 1738 302 179 egen¬-

2615 1848 489 216 domen
2941 1848 652 216 Hökällan
3430 1848 326 216 på
3593 1848 706 216 Hisingen,
4136 1848 380 216 der
4299 1848 272 216 hon

2638 1957 236 205 i
2732 1957 613 205 enslighet
3204 1957 377 205 födt
3439 1957 566 205 föstret,
3864 1957 330 205 att
4052 1957 377 205 hon,
4241 1957 330 205 efter

2634 2078 313 227 att
2813 2078 402 227 hafva
3081 2078 581 227 öfvetygat
3529 2078 313 227 sig
3708 2078 268 227 om
3842 2078 313 227 att
4021 2078 537 227 fostrets
4378 2078 224 227 kön

2615 2206 332 176 och
2804 2206 332 176 att
2994 2206 332 176 det
3184 2206 379 176 vore
3421 2206 332 176 vid
3610 2206 332 176 lif
3800 2206 569 176 inlindat
4179 2206 427 176 detsam¬-

2612 2338 341 167 ma
2783 2338 284 167 i
2896 2338 624 167 gammalt
3350 2338 568 167 linne,
3747 2338 738 167 hvarefter
4258 2338 284 167 hon

2619 2419 686 230 qvarlegat
3147 2419 264 230 i
3253 2419 528 230 skogen
3622 2419 422 230 till
3886 2419 475 230 samma
4203 2419 369 230 dag
4361 2419 211 230 på

2636 2546 630 165 aftonen,
3108 2546 315 165 då
3265 2546 367 165 hon
3475 2546 367 165 för
3685 2546 367 165 att
3895 2546 577 165 utsätta
4262 2546 315 165 bar¬-

2578 2657 419 176 het
2818 2657 479 176 gått
3117 2657 419 176 hit
3357 2657 479 176 till
3656 2657 659 176 Staden;
4135 2657 419 176 att
4315 2657 299 176 som

2623 2768 543 212 hennes
3003 2768 543 212 syster
3383 2768 706 212 Albertina
3872 2768 760 212 Niklasdotter

2600 2860 376 211 för
2815 2860 752 211 åtskilliga
3406 2860 322 211 år
3567 2860 483 211 sedan
3889 2860 537 211 tjenat
4211 2860 269 211 hos

2643 3016 894 148 Bokhållaren
3359 3016 775 148 Andersson
3954 3016 298 148 i
4074 3016 536 148 huset
4372 3016 238 148 No

2663 3117 376 212 137
2878 3117 269 212 &
2986 3117 376 212 138
3200 3117 269 212 i
3308 3117 322 212 Ms
3469 3117 376 212 5te
3684 3117 483 212 rote,
4006 3117 376 212 hon
4167 3117 430 212 begif¬-

2636 3218 352 216 vit
2837 3218 352 216 sig
3038 3218 352 216 dit
3240 3218 352 216 och
3441 3218 252 216 å
3542 3218 554 216 trappan
3944 3218 403 216 till
4146 3218 352 216 huset

2629 3350 507 201 utsatt
2984 3350 557 201 barnet;
3389 3350 355 201 att
3592 3350 355 201 hon
3795 3350 608 201 derefter
4200 3350 355 201 stad¬-

2640 3487 301 171 nat
2812 3487 472 171 utanför
3155 3487 429 171 porten
3456 3487 343 171 till
3670 3487 386 171 huset
3928 3487 301 171 för
4100 3487 301 171 att
4228 3487 258 171 göra

2615 3568 318 178 sig
2796 3568 590 178 förvissad
3250 3568 272 178 om
3386 3568 545 178 huruvida
3795 3568 454 178 barnet
4067 3568 499 178 tillvara¬-

2622 3722 456 142 tagits;
2953 3722 290 142 och
3119 3722 373 142 sedan
3368 3722 290 142 hon
3533 3722 539 142 iakttagit
3948 3722 290 142 att
4114 3722 249 142 så
4196 3722 332 142 skett,
