5075 4069
550 203 292 155 de
696 203 243 155 i
794 203 438 155 huset
1085 203 341 155 Nis
1280 203 243 155 1
1377 203 243 155 &
1475 203 243 155 2
1572 203 341 155 vid
1767 203 438 155 Lilla
2010 203 389 155 Bommen

561 326 310 153 den
738 326 266 153 30
871 326 399 153 sist.
1137 326 488 153 Oktober
1492 326 310 153 att
1669 326 310 153 vid
1846 326 399 153 något
2068 326 310 153 till¬-

557 425 455 162 fälle
861 425 455 162 sedan
1165 425 708 162 föregående
1721 425 506 162 dagens
2025 425 354 162 afton

538 522 243 138 å
636 522 437 138 kajen
927 522 340 138 vid
1121 522 437 138 Lilla
1412 522 534 138 Bommen,
1800 522 291 138 ur
1945 522 291 138 en
2042 522 340 138 säck,

550 626 308 169 som
726 626 792 169 sönderskurits,
1386 626 572 169 olofligen
1782 626 572 169 tillgripits

543 731 343 175 två
739 731 539 175 bundtar
1131 731 490 175 oblekt
1474 731 735 175 bomullsgarn
2062 731 294 175 No
2160 731 196 175 14

550 853 653 188 tillhörigt
1064 853 513 188 Bolaget
1437 853 607 188 Christian
1857 853 513 188 Arvidsson

544 968 217 136 &
587 968 217 136 Co.

788 1000 431 161 Sedan
1076 1000 623 161 spaningar
1555 1000 240 161 i
1650 1000 623 161 anledning
2082 1000 287 161 här¬-

559 1115 278 164 af
698 1115 602 164 förgäfves
1160 1115 648 164 företagits
1669 1115 509 164 anmälde
1993 1115 417 164 Bolaget

528 1253 602 130 Måndagen
980 1253 351 130 den
1180 1253 301 130 1a
1331 1253 301 130 ds
1482 1253 351 130 att
1682 1253 452 130 sagde
1984 1253 351 130 dag
2134 1253 201 130 på

555 1320 550 174 aftonen
955 1320 400 174 ånyo
1205 1320 350 174 ett
1405 1320 550 174 Bolaget
1756 1320 600 174 tillhörigt

559 1424 445 155 parti
855 1424 396 155 garn
1103 1424 940 155 hitförväntades,
1894 1424 346 155 med
2042 1424 297 155 Ång¬-

525 1511 632 184 fartyget
999 1511 737 184 Elfkungen,
1578 1511 368 184 och
1789 1511 474 184 komme
2052 1511 263 184 att

537 1630 585 184 uppläggas
987 1630 405 184 öfver
1257 1630 450 184 natten
1572 1630 225 184 å
1662 1630 405 184 kajen
1932 1630 315 184 vid
2067 1630 315 184 Lilla

547 1739 521 188 Bommens
926 1739 379 188 hamn
1162 1739 332 188 och
1352 1739 663 188 beordrades
1873 1739 237 188 i
1920 1739 379 188 anled¬-

535 1844 379 174 ning
771 1844 426 174 deraf
1008 1844 1278 174 Detektivpoliskonstaplarne

550 1958 247 164 C.
673 1958 247 164 G.
797 1958 412 164 Andrén
1086 1958 289 164 och
1251 1958 371 164 Peter
1498 1958 495 164 Lindgren
1869 1958 289 164 att
1993 1958 330 164 bevaka

548 2050 717 160 garnpartiet,
1131 2050 717 160 nästpåföljde
1714 2050 314 160 dag
1893 2050 403 160 hafva
2117 2050 224 160 be¬-

527 2145 423 188 mälde
809 2145 658 188 konstaplar
1326 2145 564 188 afgifvit
1750 2145 564 188 följande
2126 2145 235 188 be¬-

494 2257 521 136 rättelser.

520 2374 298 159 1o
669 2374 547 159 Andrén,
1067 2374 348 159 att
1266 2374 597 159 Måndagen
1714 2374 348 159 den
1913 2374 249 159 1
1962 2374 398 159 Novem¬-

533 2468 363 147 ber,
759 2468 318 147 vid
941 2468 272 147 8a
1077 2468 408 147 tiden
1349 2468 272 147 på
1485 2468 499 147 aftonen
1848 2468 363 147 kort
2029 2468 318 147 efter

513 2562 343 172 det
709 2562 343 172 ett
905 2562 441 172 parti
1200 2562 343 172 med
1396 2562 785 172 garnbundtar,
1985 2562 392 172 hvilka

522 2680 417 160 varit
800 2680 510 160 inlagde
1171 2680 232 160 i
1264 2680 510 160 säckar,
1634 2680 371 160 tolf
1866 2680 510 160 bundtar
2191 2680 139 160 i

520 2791 498 186 hvarje
869 2791 398 186 säck
1118 2791 398 186 från
1366 2791 747 186 Ångfartyget
1914 2791 448 186 Elfkun¬-

545 2874 351 167 gen
745 2874 551 167 utlagts
1146 2874 251 167 å
1247 2874 451 167 kajen
1547 2874 351 167 vid
1748 2874 451 167 Lilla
1998 2874 301 167 Bom¬-

508 2981 378 158 men
724 2981 432 158 nära
994 2981 1080 158 Qvillebäcksbron,
1858 2981 432 158 Andrén

511 3086 411 160 från
768 3086 360 160 ett
973 3086 360 160 rum
1179 3086 257 160 i
1282 3086 308 160 en
1436 3086 720 160 närbelägen
1950 3086 360 160 vakt¬-

513 3188 437 174 stuga
805 3188 437 174 tyckt
1096 3188 340 174 sig
1290 3188 631 174 förmärka,
1776 3188 340 174 att
1970 3188 291 174 en
2067 3188 291 174 karl

527 3302 591 159 bärande
957 3302 484 159 något
1280 3302 645 159 föremål,
1710 3302 591 159 skyndsamt

531 3406 527 168 begifvit
926 3406 351 168 sig,
1146 3406 351 168 från
1365 3406 527 168 närheten
1760 3406 263 168 af
1892 3406 307 168 det
2024 3406 351 168 ställe

528 3500 311 159 der
705 3500 665 159 garnpartiet
1237 3500 399 159 varit
1504 3500 577 159 liggande,
1947 3500 355 159 bort
2125 3500 177 159 e¬-

512 3593 351 199 mot
712 3593 852 199 Cellfängelset
1414 3593 552 199 belägna
1765 3593 552 199 bergkulle

534 3704 309 175 och
710 3704 309 175 dit
887 3704 397 175 följt
1151 3704 441 175 efter,
1459 3704 309 175 men
1636 3704 309 175 att
1812 3704 397 175 innan
2032 3704 353 175 Andrén

2672 201 503 183 hunnit
3024 201 352 183 upp
3225 201 352 183 för
3426 201 604 183 densamme
3879 201 503 183 karlen
4181 201 302 183 för¬-

2674 318 590 180 svunnit,
3117 318 344 180 att
3313 318 492 180 Andrén
3658 318 344 180 som
3854 318 394 180 dock
4051 318 443 180 förnum¬-

2657 401 344 185 mit
2853 401 442 185 något
3148 401 687 185 prasslande
3688 401 393 185 ljud
3933 401 540 185 öfverst
4277 401 147 185 å

2668 507 502 155 kullen
3019 507 352 155 der
3220 507 352 155 det
3421 507 502 155 staket
3773 507 352 155 som
3974 507 251 155 å
4024 507 352 155 Norra

2684 589 459 161 Östra
2990 589 357 161 och
3194 589 510 161 Westra
3551 589 561 161 sidorna
3909 589 510 161 omgifver

2698 632 859 274 Cellfängelset,
3414 632 716 274 sammanlöper
3987 632 334 274 med
4130 632 334 274 Cell¬-

2690 800 569 194 fängelse
3116 800 616 194 byggnaden
3590 800 237 194 å
3685 800 427 194 denna
3970 800 427 194 bakre
4207 800 284 194 sida

2663 897 247 196 i
2761 897 594 196 sällskap
3207 897 346 196 med
3405 897 594 196 Lindgren
3850 897 346 196 och
4048 897 445 196 sedan
4295 897 198 196 de

2664 988 658 239 öfvertygat
3181 988 329 239 sig
3369 988 423 239 derom
3652 988 329 239 att
3840 988 282 239 en
3981 988 282 239 af
4075 988 423 239 säckar¬-

2667 1121 288 172 ne
2811 1121 528 172 blifvit
3195 1121 816 172 sönderskuren,
3867 1121 336 172 och
4059 1121 288 172 en
4155 1121 336 172 garn¬-

2674 1177 418 223 bundt
2952 1177 651 223 tillgripen
3464 1177 232 223 i
3557 1177 604 223 anledning
4021 1177 418 223 deraf
4254 1177 232 223 be¬-

2681 1341 449 190 gifvit
2996 1341 315 190 sig
3175 1341 315 190 upp
3355 1341 360 190 till
3580 1341 449 190 berget
3895 1341 315 190 der
4074 1341 270 190 de
4164 1341 315 190 emel¬-

2661 1393 340 210 lan
2856 1393 583 210 staketet
3293 1393 340 210 och
3487 1393 291 210 en
3633 1393 389 210 till
3876 1393 389 210 inom
4070 1393 437 210 densam¬-

2664 1528 295 193 ma
2811 1528 638 193 befintlig
3302 1528 393 193 häck
3548 1528 638 193 påträffat
4039 1528 295 193 en
4137 1528 344 193 garn¬-

2653 1630 494 208 bundt,
2999 1630 346 208 att
3196 1630 494 208 Andrén
3543 1630 346 208 och
3740 1630 643 208 Lindgren,
4185 1630 297 208 der¬-

2657 1730 377 228 uppå
2893 1730 330 228 för
3081 1730 330 228 att
3270 1730 518 228 afvakta
3647 1730 330 228 det
3835 1730 660 228 tillfälle,
4306 1730 189 228 då

2641 1845 756 233 garnbundten
3246 1845 504 233 blefve
3598 1845 555 233 hämtad,
4002 1845 454 233 stält
4254 1845 252 233 sig

2661 1931 222 210 i
2749 1931 267 210 en
2883 1931 356 210 midt
3105 1931 356 210 emot
3328 1931 311 210 det
3506 1931 489 210 ställe,
3861 1931 311 210 der
3995 1931 489 210 garnbund¬-

2657 2045 330 241 ten
2846 2045 378 241 blef
3082 2045 425 241 gömd,
3365 2045 519 241 belägen
3742 2045 613 241 portgång,
4167 2045 283 241 der¬-

2655 2171 475 219 ifrån
2972 2171 316 219 de
3130 2171 475 219 något
3446 2171 580 219 sednare
3868 2171 316 219 på
3973 2171 475 219 aftonen

2659 2284 556 174 uppgått
3064 2284 253 174 i
3165 2284 303 174 en
3316 2284 253 174 i
3417 2284 455 174 andra
3721 2284 606 174 våningen
4125 2284 303 174 till

2660 2346 465 221 samma
2970 2346 362 221 hus
3177 2346 672 221 befintlig
3694 2346 620 221 förstuga
4107 2346 362 221 hvars

2665 2480 573 220 fönster
3082 2480 521 220 vettat
3447 2480 261 220 å
3551 2480 678 220 förenämde
4020 2480 365 220 plats

2678 2596 313 192 att
2857 2596 268 192 då
2991 2596 357 192 ännu
3214 2596 313 192 kl.
3393 2596 313 192 1/2
3571 2596 268 192 12
3705 2596 268 192 på
3839 2596 447 192 natten
4152 2596 268 192 de
4241 2596 268 192 icke

2663 2695 612 231 förmärkt
3122 2695 357 231 att
3326 2695 459 231 någon
3631 2695 510 231 hämtat
3937 2695 561 231 garnbund¬-

2660 2803 319 192 ten
2842 2803 455 192 Andrén
3160 2803 546 192 begifvit
3570 2803 319 192 sig
3752 2803 319 192 ner
3934 2803 364 192 till
4116 2803 410 192 stället

2671 2938 342 220 der
2867 2938 342 220 han
3062 2938 440 220 gömts
3355 2938 342 220 och
3551 2938 684 220 öfvertygat
4088 2938 342 220 sig
4235 2938 195 220 om

2679 3023 332 219 att
2868 3023 332 219 han
3058 3023 285 219 då
3200 3023 379 219 ännu
3437 3023 332 219 der
3627 3023 617 219 qvarlegat
4054 3023 427 219 hvaref¬-

2660 3124 341 236 ter
2855 3124 341 236 han
3050 3124 633 236 återvändt
3537 3124 341 236 upp
3732 3124 390 236 till
3927 3124 585 236 förstugan,

2660 3282 361 162 att
2867 3282 515 162 Andrén
3227 3282 361 162 och
3433 3282 618 162 Lindgren
3897 3282 567 162 omkring
4258 3282 206 162 en

2666 3385 434 179 timma
2955 3385 578 179 derefter
3389 3385 434 179 eller
3678 3385 337 179 kl.
3871 3385 434 179 något
4112 3385 337 179 afver

2684 3495 315 172 1/2
2864 3495 225 172 1
2954 3495 720 172 varseblifvit
3539 3495 315 172 att
3718 3495 270 172 en
3853 3495 360 172 karl
4078 3495 315 172 som
4213 3495 270 172 kom¬-

2671 3627 354 169 mit
2874 3627 707 169 norrifrån,
3429 3627 455 169 eller
3733 3627 455 169 samma
4036 3627 354 169 väg
4187 3627 253 169 som

2666 3721 393 156 den,
2911 3721 344 156 som
3108 3721 589 156 innehaft
3549 3721 589 156 bundten,
3942 3721 540 156 springan¬
