<?xml version="1.0" encoding="UTF-8"?>
<alto xmlns:xsi="http://www.w3.org/2001/XMLSchema-instance"
      xmlns="http://www.loc.gov/standards/alto/ns-v4#"
      xmlns:page="http://schema.primaresearch.org/PAGE/gts/pagecontent/2013-07-15"
      xsi:schemaLocation="http://www.loc.gov/standards/alto/ns-v4# https://www.loc.gov/standards/alto/v4/alto.xsd">
   <Description>
      <MeasurementUnit>pixel</MeasurementUnit>
      <OCRProcessing ID="IdOcr">
         <ocrProcessingStep>
            <processingDateTime>2022-11-18T16:09:54.29+01:00</processingDateTime>
            <processingSoftware>
               <softwareCreator>READ COOP</softwareCreator>
               <softwareName>Transkribus</softwareName>
            </processingSoftware>
         </ocrProcessingStep>
      </OCRProcessing>
   </Description>
   <Tags/>
   <Layout>
      <Page ID="Page1" PHYSICAL_IMG_NR="1" HEIGHT="4057" WIDTH="4919">
         <TopMargin HEIGHT="0" WIDTH="4919" VPOS="0" HPOS="0"/>
         <LeftMargin HEIGHT="4057" WIDTH="0" VPOS="0" HPOS="0"/>
         <RightMargin HEIGHT="4057" WIDTH="0" VPOS="0" HPOS="4919"/>
         <BottomMargin HEIGHT="0" WIDTH="4919" VPOS="4057" HPOS="0"/>
         <PrintSpace HEIGHT="4057" WIDTH="4919" VPOS="0" HPOS="0">
            <TextBlock ID="TextRegion_1584707552759_642"
                       HEIGHT="1465"
                       WIDTH="1930"
                       VPOS="237"
                       HPOS="458">
               <Shape>
                  <Polygon POINTS="458,237 2388,237 2388,1702 458,1702"/>
               </Shape>
               <TextLine ID="r2l1"
                         BASELINE="488,324 581,317 675,312 769,306 863,302 957,299 1050,296 1144,293 1238,292 1332,290 1426,290 1519,290 1613,290 1707,290 1801,290 1895,292 1988,292 2082,294 2176,296 2270,298 2364,300"
                         HEIGHT="160"
                         WIDTH="1900"
                         VPOS="197"
                         HPOS="476">
                  <String HEIGHT="160"
                          WIDTH="246"
                          VPOS="197"
                          HPOS="441"
                          CONTENT="tor"/>
                  <SP HEIGHT="160" WIDTH="35" VPOS="197" HPOS="687"/>
                  <String HEIGHT="160" WIDTH="176" VPOS="197" HPOS="582" CONTENT="i"/>
                  <SP HEIGHT="160" WIDTH="35" VPOS="197" HPOS="757"/>
                  <String HEIGHT="160"
                          WIDTH="317"
                          VPOS="197"
                          HPOS="652"
                          CONTENT="huset"/>
                  <SP HEIGHT="160" WIDTH="35" VPOS="197" HPOS="969"/>
                  <String HEIGHT="160" WIDTH="211" VPOS="197" HPOS="863" CONTENT="No"/>
                  <SP HEIGHT="160" WIDTH="35" VPOS="197" HPOS="1074"/>
                  <String HEIGHT="160" WIDTH="211" VPOS="197" HPOS="969" CONTENT="24"/>
                  <SP HEIGHT="160" WIDTH="35" VPOS="197" HPOS="1180"/>
                  <String HEIGHT="160"
                          WIDTH="246"
                          VPOS="197"
                          HPOS="1074"
                          CONTENT="vid"/>
                  <SP HEIGHT="160" WIDTH="35" VPOS="197" HPOS="1320"/>
                  <String HEIGHT="160"
                          WIDTH="493"
                          VPOS="197"
                          HPOS="1215"
                          CONTENT="Stampgatan"/>
                  <SP HEIGHT="160" WIDTH="35" VPOS="197" HPOS="1707"/>
                  <String HEIGHT="160"
                          WIDTH="317"
                          VPOS="197"
                          HPOS="1602"
                          CONTENT="hafva"/>
                  <SP HEIGHT="160" WIDTH="35" VPOS="197" HPOS="1919"/>
                  <String HEIGHT="160"
                          WIDTH="598"
                          VPOS="197"
                          HPOS="1778"
                          CONTENT="sammanstämmande"/>
               </TextLine>
               <TextLine ID="r2l2"
                         BASELINE="476,442 570,438 665,434 760,430 854,426 949,424 1044,422 1138,419 1233,417 1328,416 1423,414 1517,414 1612,412 1707,412 1801,412 1896,414 1991,414 2085,416 2180,418 2275,420 2370,422"
                         HEIGHT="127"
                         WIDTH="1920"
                         VPOS="356"
                         HPOS="463">
                  <String HEIGHT="127"
                          WIDTH="397"
                          VPOS="356"
                          HPOS="430"
                          CONTENT="upplyst,"/>
                  <SP HEIGHT="127" WIDTH="33" VPOS="356" HPOS="827"/>
                  <String HEIGHT="127"
                          WIDTH="232"
                          VPOS="356"
                          HPOS="728"
                          CONTENT="att"/>
                  <SP HEIGHT="127" WIDTH="33" VPOS="356" HPOS="960"/>
                  <String HEIGHT="127" WIDTH="199" VPOS="356" HPOS="860" CONTENT="en"/>
                  <SP HEIGHT="127" WIDTH="33" VPOS="356" HPOS="1059"/>
                  <String HEIGHT="127"
                          WIDTH="497"
                          VPOS="356"
                          HPOS="960"
                          CONTENT="mansperson,"/>
                  <SP HEIGHT="127" WIDTH="33" VPOS="356" HPOS="1456"/>
                  <String HEIGHT="127" WIDTH="166" VPOS="356" HPOS="1357" CONTENT="i"/>
                  <SP HEIGHT="127" WIDTH="33" VPOS="356" HPOS="1522"/>
                  <String HEIGHT="127"
                          WIDTH="364"
                          VPOS="356"
                          HPOS="1423"
                          CONTENT="hvilken"/>
                  <SP HEIGHT="127" WIDTH="33" VPOS="356" HPOS="1787"/>
                  <String HEIGHT="127"
                          WIDTH="199"
                          VPOS="356"
                          HPOS="1688"
                          CONTENT="de"/>
                  <SP HEIGHT="127" WIDTH="33" VPOS="356" HPOS="1886"/>
                  <String HEIGHT="127"
                          WIDTH="199"
                          VPOS="356"
                          HPOS="1787"
                          CONTENT="nu"/>
                  <SP HEIGHT="127" WIDTH="33" VPOS="356" HPOS="1986"/>
                  <String HEIGHT="127"
                          WIDTH="430"
                          VPOS="356"
                          HPOS="1886"
                          CONTENT="igenkänna"/>
                  <SP HEIGHT="127" WIDTH="33" VPOS="356" HPOS="2317"/>
                  <String HEIGHT="127"
                          WIDTH="199"
                          VPOS="356"
                          HPOS="2184"
                          CONTENT="Carl"/>
               </TextLine>
               <TextLine ID="r2l3"
                         BASELINE="476,548 570,544 664,541 758,538 852,536 946,532 1040,530 1134,530 1228,528 1322,526 1417,526 1511,524 1605,524 1699,524 1793,522 1887,522 1981,522 2075,520 2169,520 2263,520 2358,518"
                         HEIGHT="166"
                         WIDTH="1908"
                         VPOS="424"
                         HPOS="463">
                  <String HEIGHT="166"
                          WIDTH="291"
                          VPOS="424"
                          HPOS="431"
                          CONTENT="Oskar"/>
                  <SP HEIGHT="166" WIDTH="32" VPOS="424" HPOS="722"/>
                  <String HEIGHT="166"
                          WIDTH="453"
                          VPOS="424"
                          HPOS="625"
                          CONTENT="Lindqvist,"/>
                  <SP HEIGHT="166" WIDTH="32" VPOS="424" HPOS="1077"/>
                  <String HEIGHT="166"
                          WIDTH="388"
                          VPOS="424"
                          HPOS="980"
                          CONTENT="Lördagen"/>
                  <SP HEIGHT="166" WIDTH="32" VPOS="424" HPOS="1368"/>
                  <String HEIGHT="166"
                          WIDTH="226"
                          VPOS="424"
                          HPOS="1271"
                          CONTENT="den"/>
                  <SP HEIGHT="166" WIDTH="32" VPOS="424" HPOS="1498"/>
                  <String HEIGHT="166"
                          WIDTH="194"
                          VPOS="424"
                          HPOS="1401"
                          CONTENT="22"/>
                  <SP HEIGHT="166" WIDTH="32" VPOS="424" HPOS="1595"/>
                  <String HEIGHT="166"
                          WIDTH="291"
                          VPOS="424"
                          HPOS="1498"
                          CONTENT="sist."/>
                  <SP HEIGHT="166" WIDTH="32" VPOS="424" HPOS="1789"/>
                  <String HEIGHT="166"
                          WIDTH="226"
                          VPOS="424"
                          HPOS="1692"
                          CONTENT="Maj"/>
                  <SP HEIGHT="166" WIDTH="32" VPOS="424" HPOS="1918"/>
                  <String HEIGHT="166"
                          WIDTH="194"
                          VPOS="424"
                          HPOS="1821"
                          CONTENT="på"/>
                  <SP HEIGHT="166" WIDTH="32" VPOS="424" HPOS="2015"/>
                  <String HEIGHT="166"
                          WIDTH="259"
                          VPOS="424"
                          HPOS="1918"
                          CONTENT="e.m."/>
                  <SP HEIGHT="166" WIDTH="32" VPOS="424" HPOS="2177"/>
                  <String HEIGHT="166"
                          WIDTH="323"
                          VPOS="424"
                          HPOS="2048"
                          CONTENT="infunnit"/>
               </TextLine>
               <TextLine ID="r2l4"
                         BASELINE="466,672 560,664 654,658 749,654 843,650 938,646 1032,644 1126,642 1221,640 1315,640 1410,638 1504,638 1598,638 1693,638 1787,638 1882,638 1976,638 2070,638 2165,638 2259,636 2354,634"
                         HEIGHT="217"
                         WIDTH="1914"
                         VPOS="537"
                         HPOS="453">
                  <String HEIGHT="217"
                          WIDTH="220"
                          VPOS="537"
                          HPOS="422"
                          CONTENT="sig"/>
                  <SP HEIGHT="217" WIDTH="31" VPOS="537" HPOS="641"/>
                  <String HEIGHT="217" WIDTH="157" VPOS="537" HPOS="547" CONTENT="å"/>
                  <SP HEIGHT="217" WIDTH="31" VPOS="537" HPOS="704"/>
                  <String HEIGHT="217"
                          WIDTH="628"
                          VPOS="537"
                          HPOS="610"
                          CONTENT="Pantlånekontoret"/>
                  <SP HEIGHT="217" WIDTH="31" VPOS="537" HPOS="1237"/>
                  <String HEIGHT="217"
                          WIDTH="220"
                          VPOS="537"
                          HPOS="1143"
                          CONTENT="med"/>
                  <SP HEIGHT="217" WIDTH="31" VPOS="537" HPOS="1363"/>
                  <String HEIGHT="217"
                          WIDTH="282"
                          VPOS="537"
                          HPOS="1269"
                          CONTENT="Maria"/>
                  <SP HEIGHT="217" WIDTH="31" VPOS="537" HPOS="1551"/>
                  <String HEIGHT="217"
                          WIDTH="471"
                          VPOS="537"
                          HPOS="1457"
                          CONTENT="Berndtssons"/>
                  <SP HEIGHT="217" WIDTH="31" VPOS="537" HPOS="1928"/>
                  <String HEIGHT="217"
                          WIDTH="439"
                          VPOS="537"
                          HPOS="1834"
                          CONTENT="regnkappa,"/>
                  <SP HEIGHT="217" WIDTH="31" VPOS="537" HPOS="2273"/>
                  <String HEIGHT="217"
                          WIDTH="220"
                          VPOS="537"
                          HPOS="2147"
                          CONTENT="hvil¬"
                          SUBS_TYPE="HypPart1"
                          SUBS_CONTENT="hvilkel"/>
                  <HYP CONTENT="-"/>
               </TextLine>
               <TextLine ID="r2l5"
                         BASELINE="488,780 583,774 678,769 773,766 868,761 963,758 1058,756 1153,754 1248,752 1343,751 1438,750 1533,750 1628,748 1723,748 1818,748 1913,748 2008,748 2103,748 2198,748 2293,748 2388,748"
                         HEIGHT="192"
                         WIDTH="1927"
                         VPOS="658"
                         HPOS="474">
                  <String HEIGHT="192"
                          WIDTH="221"
                          VPOS="658"
                          HPOS="442"
                          CONTENT="kel"
                          SUBS_TYPE="HypPart2"
                          SUBS_CONTENT="hvilkel"/>
                  <SP HEIGHT="192" WIDTH="32" VPOS="658" HPOS="664"/>
                  <String HEIGHT="192"
                          WIDTH="221"
                          VPOS="658"
                          HPOS="569"
                          CONTENT="han"/>
                  <SP HEIGHT="192" WIDTH="32" VPOS="658" HPOS="790"/>
                  <String HEIGHT="192"
                          WIDTH="379"
                          VPOS="658"
                          HPOS="695"
                          CONTENT="pantsatt"/>
                  <SP HEIGHT="192" WIDTH="32" VPOS="658" HPOS="1074"/>
                  <String HEIGHT="192"
                          WIDTH="221"
                          VPOS="658"
                          HPOS="979"
                          CONTENT="för"/>
                  <SP HEIGHT="192" WIDTH="32" VPOS="658" HPOS="1201"/>
                  <String HEIGHT="192"
                          WIDTH="253"
                          VPOS="658"
                          HPOS="1106"
                          CONTENT="Fyra"/>
                  <SP HEIGHT="192" WIDTH="32" VPOS="658" HPOS="1359"/>
                  <String HEIGHT="192"
                          WIDTH="347"
                          VPOS="658"
                          HPOS="1264"
                          CONTENT="Kronor,"/>
                  <SP HEIGHT="192" WIDTH="32" VPOS="658" HPOS="1611"/>
                  <String HEIGHT="192"
                          WIDTH="253"
                          VPOS="658"
                          HPOS="1516"
                          CONTENT="samt"/>
                  <SP HEIGHT="192" WIDTH="32" VPOS="658" HPOS="1769"/>
                  <String HEIGHT="192"
                          WIDTH="221"
                          VPOS="658"
                          HPOS="1674"
                          CONTENT="att"/>
                  <SP HEIGHT="192" WIDTH="32" VPOS="658" HPOS="1896"/>
                  <String HEIGHT="192"
                          WIDTH="411"
                          VPOS="658"
                          HPOS="1801"
                          CONTENT="Lindqvist"/>
                  <SP HEIGHT="192" WIDTH="32" VPOS="658" HPOS="2211"/>
                  <String HEIGHT="192"
                          WIDTH="221"
                          VPOS="658"
                          HPOS="2117"
                          CONTENT="den"/>
                  <SP HEIGHT="192" WIDTH="32" VPOS="658" HPOS="2338"/>
                  <String HEIGHT="192"
                          WIDTH="190"
                          VPOS="658"
                          HPOS="2243"
                          CONTENT="31"/>
                  <SP HEIGHT="192" WIDTH="32" VPOS="658" HPOS="2433"/>
                  <String HEIGHT="192" WIDTH="95" VPOS="658" HPOS="2306" CONTENT="i"/>
               </TextLine>
               <TextLine ID="r2l6"
                         BASELINE="464,904 559,897 655,892 750,886 846,882 941,879 1037,876 1132,874 1228,872 1323,870 1419,868 1514,868 1610,866 1705,866 1801,864 1896,864 1992,863 2087,862 2183,860 2278,858 2374,856"
                         HEIGHT="158"
                         WIDTH="1934"
                         VPOS="771"
                         HPOS="452">
                  <String HEIGHT="158"
                          WIDTH="305"
                          VPOS="771"
                          HPOS="418"
                          CONTENT="samma"/>
                  <SP HEIGHT="158" WIDTH="34" VPOS="771" HPOS="723"/>
                  <String HEIGHT="158"
                          WIDTH="305"
                          VPOS="771"
                          HPOS="622"
                          CONTENT="månad"/>
                  <SP HEIGHT="158" WIDTH="34" VPOS="771" HPOS="927"/>
                  <String HEIGHT="158" WIDTH="204" VPOS="771" HPOS="825" CONTENT="på"/>
                  <SP HEIGHT="158" WIDTH="34" VPOS="771" HPOS="1029"/>
                  <String HEIGHT="158"
                          WIDTH="407"
                          VPOS="771"
                          HPOS="927"
                          CONTENT="middagen"/>
                  <SP HEIGHT="158" WIDTH="34" VPOS="771" HPOS="1334"/>
                  <String HEIGHT="158"
                          WIDTH="271"
                          VPOS="771"
                          HPOS="1232"
                          CONTENT="åter"/>
                  <SP HEIGHT="158" WIDTH="34" VPOS="771" HPOS="1504"/>
                  <String HEIGHT="158"
                          WIDTH="407"
                          VPOS="771"
                          HPOS="1402"
                          CONTENT="infunnit"/>
                  <SP HEIGHT="158" WIDTH="34" VPOS="771" HPOS="1809"/>
                  <String HEIGHT="158"
                          WIDTH="238"
                          VPOS="771"
                          HPOS="1707"
                          CONTENT="sig"/>
                  <SP HEIGHT="158" WIDTH="34" VPOS="771" HPOS="1945"/>
                  <String HEIGHT="158" WIDTH="170" VPOS="771" HPOS="1843" CONTENT="å"/>
                  <SP HEIGHT="158" WIDTH="34" VPOS="771" HPOS="2013"/>
                  <String HEIGHT="158"
                          WIDTH="509"
                          VPOS="771"
                          HPOS="1877"
                          CONTENT="Lånekontoret,"/>
               </TextLine>
               <TextLine ID="r2l7"
                         BASELINE="470,1016 565,1014 660,1011 755,1008 850,1006 945,1004 1040,1001 1135,1000 1230,998 1325,996 1420,994 1515,992 1610,990 1705,988 1800,987 1895,986 1990,984 2085,982 2180,980 2275,978 2370,976"
                         HEIGHT="188"
                         WIDTH="1925"
                         VPOS="896"
                         HPOS="457">
                  <String HEIGHT="188"
                          WIDTH="214"
                          VPOS="896"
                          HPOS="426"
                          CONTENT="med"/>
                  <SP HEIGHT="188" WIDTH="31" VPOS="896" HPOS="640"/>
                  <String HEIGHT="188"
                          WIDTH="306"
                          VPOS="896"
                          HPOS="549"
                          CONTENT="Emilia"/>
                  <SP HEIGHT="188" WIDTH="31" VPOS="896" HPOS="854"/>
                  <String HEIGHT="188"
                          WIDTH="428"
                          VPOS="896"
                          HPOS="763"
                          CONTENT="Peterssons"/>
                  <SP HEIGHT="188" WIDTH="31" VPOS="896" HPOS="1190"/>
                  <String HEIGHT="188"
                          WIDTH="428"
                          VPOS="896"
                          HPOS="1099"
                          CONTENT="regnkappa,"/>
                  <SP HEIGHT="188" WIDTH="31" VPOS="896" HPOS="1526"/>
                  <String HEIGHT="188"
                          WIDTH="336"
                          VPOS="896"
                          HPOS="1435"
                          CONTENT="hvilken"/>
                  <SP HEIGHT="188" WIDTH="31" VPOS="896" HPOS="1771"/>
                  <String HEIGHT="188"
                          WIDTH="214"
                          VPOS="896"
                          HPOS="1679"
                          CONTENT="han"/>
                  <SP HEIGHT="188" WIDTH="31" VPOS="896" HPOS="1893"/>
                  <String HEIGHT="188"
                          WIDTH="275"
                          VPOS="896"
                          HPOS="1801"
                          CONTENT="äfven"/>
                  <SP HEIGHT="188" WIDTH="31" VPOS="896" HPOS="2076"/>
                  <String HEIGHT="188"
                          WIDTH="367"
                          VPOS="896"
                          HPOS="1985"
                          CONTENT="pantsatt"/>
                  <SP HEIGHT="188" WIDTH="31" VPOS="896" HPOS="2351"/>
                  <String HEIGHT="188"
                          WIDTH="153"
                          VPOS="896"
                          HPOS="2229"
                          CONTENT="för"/>
               </TextLine>
               <TextLine ID="r2l8"
                         BASELINE="474,1138 569,1134 664,1130 759,1126 854,1124 950,1121 1045,1118 1140,1116 1235,1116 1330,1114 1426,1112 1521,1112 1616,1110 1711,1110 1806,1108 1902,1106 1997,1104 2092,1103 2187,1100 2282,1098 2378,1094"
                         HEIGHT="174"
                         WIDTH="1930"
                         VPOS="1024"
                         HPOS="460">
                  <String HEIGHT="174"
                          WIDTH="245"
                          VPOS="1024"
                          HPOS="429"
                          CONTENT="Fyra"/>
                  <SP HEIGHT="174" WIDTH="31" VPOS="1024" HPOS="674"/>
                  <String HEIGHT="174"
                          WIDTH="337"
                          VPOS="1024"
                          HPOS="583"
                          CONTENT="Kronor,"/>
                  <SP HEIGHT="174" WIDTH="31" VPOS="1024" HPOS="920"/>
                  <String HEIGHT="174"
                          WIDTH="245"
                          VPOS="1024"
                          HPOS="828"
                          CONTENT="samt"/>
                  <SP HEIGHT="174" WIDTH="31" VPOS="1024" HPOS="1073"/>
                  <String HEIGHT="174"
                          WIDTH="214"
                          VPOS="1024"
                          HPOS="981"
                          CONTENT="att"/>
                  <SP HEIGHT="174" WIDTH="31" VPOS="1024" HPOS="1195"/>
                  <String HEIGHT="174"
                          WIDTH="214"
                          VPOS="1024"
                          HPOS="1103"
                          CONTENT="han"/>
                  <SP HEIGHT="174" WIDTH="31" VPOS="1024" HPOS="1318"/>
                  <String HEIGHT="174"
                          WIDTH="245"
                          VPOS="1024"
                          HPOS="1226"
                          CONTENT="båda"/>
                  <SP HEIGHT="174" WIDTH="31" VPOS="1024" HPOS="1471"/>
                  <String HEIGHT="174"
                          WIDTH="368"
                          VPOS="1024"
                          HPOS="1379"
                          CONTENT="gångerna"/>
                  <SP HEIGHT="174" WIDTH="31" VPOS="1024" HPOS="1747"/>
                  <String HEIGHT="174"
                          WIDTH="398"
                          VPOS="1024"
                          HPOS="1655"
                          CONTENT="uppgifvit"/>
                  <SP HEIGHT="174" WIDTH="31" VPOS="1024" HPOS="2053"/>
                  <String HEIGHT="174"
                          WIDTH="214"
                          VPOS="1024"
                          HPOS="1961"
                          CONTENT="sig"/>
                  <SP HEIGHT="174" WIDTH="31" VPOS="1024" HPOS="2176"/>
                  <String HEIGHT="174"
                          WIDTH="245"
                          VPOS="1024"
                          HPOS="2084"
                          CONTENT="heta"/>
                  <SP HEIGHT="174" WIDTH="31" VPOS="1024" HPOS="2329"/>
                  <String HEIGHT="174"
                          WIDTH="184"
                          VPOS="1024"
                          HPOS="2206"
                          CONTENT="Carl"/>
               </TextLine>
               <TextLine ID="r2l9"
                         BASELINE="458,1262 484,1260 511,1259 537,1258 564,1256 590,1253 617,1251 643,1248 670,1246 696,1246 723,1246 750,1246"
                         HEIGHT="156"
                         WIDTH="323"
                         VPOS="1172"
                         HPOS="441">
                  <String HEIGHT="156"
                          WIDTH="388"
                          VPOS="1172"
                          HPOS="376"
                          CONTENT="Andersson."/>
               </TextLine>
               <TextLine ID="r2l10"
                         BASELINE="638,1334 697,1333 757,1332 816,1330 876,1329 936,1328 995,1326 1055,1324 1114,1322 1174,1321 1234,1320 1293,1318 1353,1316 1412,1315 1472,1314 1532,1312 1591,1312 1651,1310 1710,1310 1770,1308 1830,1308"
                         HEIGHT="203"
                         WIDTH="1218"
                         VPOS="1183"
                         HPOS="626">
                  <String HEIGHT="203"
                          WIDTH="395"
                          VPOS="1183"
                          HPOS="593"
                          CONTENT="Kapporna"/>
                  <SP HEIGHT="203" WIDTH="33" VPOS="1183" HPOS="988"/>
                  <String HEIGHT="203"
                          WIDTH="230"
                          VPOS="1183"
                          HPOS="889"
                          CONTENT="äro"/>
                  <SP HEIGHT="203" WIDTH="33" VPOS="1183" HPOS="1120"/>
                  <String HEIGHT="203"
                          WIDTH="198"
                          VPOS="1183"
                          HPOS="1021"
                          CONTENT="af"/>
                  <SP HEIGHT="203" WIDTH="33" VPOS="1183" HPOS="1219"/>
                  <String HEIGHT="203"
                          WIDTH="461"
                          VPOS="1183"
                          HPOS="1120"
                          CONTENT="Målsegarne"/>
                  <SP HEIGHT="203" WIDTH="33" VPOS="1183" HPOS="1581"/>
                  <String HEIGHT="203"
                          WIDTH="395"
                          VPOS="1183"
                          HPOS="1449"
                          CONTENT="igenlösta."/>
               </TextLine>
               <TextLine ID="r2l11"
                         BASELINE="648,1440 734,1438 821,1435 907,1433 994,1430 1080,1428 1167,1426 1253,1424 1340,1424 1426,1422 1513,1420 1599,1420 1686,1418 1772,1418 1859,1418 1945,1418 2032,1418 2118,1418 2205,1418 2291,1418 2378,1420"
                         HEIGHT="216"
                         WIDTH="1755"
                         VPOS="1301"
                         HPOS="636">
                  <String HEIGHT="216"
                          WIDTH="195"
                          VPOS="1301"
                          HPOS="604"
                          CONTENT="På"/>
                  <SP HEIGHT="216" WIDTH="33" VPOS="1301" HPOS="799"/>
                  <String HEIGHT="216"
                          WIDTH="293"
                          VPOS="1301"
                          HPOS="701"
                          CONTENT="grund"/>
                  <SP HEIGHT="216" WIDTH="33" VPOS="1301" HPOS="994"/>
                  <String HEIGHT="216"
                          WIDTH="195"
                          VPOS="1301"
                          HPOS="896"
                          CONTENT="af"/>
                  <SP HEIGHT="216" WIDTH="33" VPOS="1301" HPOS="1091"/>
                  <String HEIGHT="216"
                          WIDTH="260"
                          VPOS="1301"
                          HPOS="994"
                          CONTENT="hvad"/>
                  <SP HEIGHT="216" WIDTH="33" VPOS="1301" HPOS="1254"/>
                  <String HEIGHT="216"
                          WIDTH="358"
                          VPOS="1301"
                          HPOS="1156"
                          CONTENT="sålunda"/>
                  <SP HEIGHT="216" WIDTH="33" VPOS="1301" HPOS="1514"/>
                  <String HEIGHT="216"
                          WIDTH="488"
                          VPOS="1301"
                          HPOS="1416"
                          CONTENT="förekommit,"/>
                  <SP HEIGHT="216" WIDTH="33" VPOS="1301" HPOS="1904"/>
                  <String HEIGHT="216"
                          WIDTH="325"
                          VPOS="1301"
                          HPOS="1806"
                          CONTENT="kommer"/>
                  <SP HEIGHT="216" WIDTH="33" VPOS="1301" HPOS="2131"/>
                  <String HEIGHT="216"
                          WIDTH="260"
                          VPOS="1301"
                          HPOS="2034"
                          CONTENT="Carl"/>
                  <SP HEIGHT="216" WIDTH="33" VPOS="1301" HPOS="2294"/>
                  <String HEIGHT="216"
                          WIDTH="228"
                          VPOS="1301"
                          HPOS="2164"
                          CONTENT="Oskar"/>
               </TextLine>
               <TextLine ID="r2l12"
                         BASELINE="494,1564 582,1559 671,1554 759,1550 848,1548 937,1546 1025,1544 1114,1544 1202,1544 1291,1544 1380,1544 1468,1546 1557,1546 1645,1548 1734,1548 1823,1548 1911,1548 2000,1548 2088,1548 2177,1546 2266,1544"
                         HEIGHT="191"
                         WIDTH="1795"
                         VPOS="1446"
                         HPOS="482">
                  <String HEIGHT="191"
                          WIDTH="449"
                          VPOS="1446"
                          HPOS="447"
                          CONTENT="Lindqvist"/>
                  <SP HEIGHT="191" WIDTH="35" VPOS="1446" HPOS="896"/>
                  <String HEIGHT="191"
                          WIDTH="242"
                          VPOS="1446"
                          HPOS="793"
                          CONTENT="att"/>
                  <SP HEIGHT="191" WIDTH="35" VPOS="1446" HPOS="1034"/>
                  <String HEIGHT="191"
                          WIDTH="311"
                          VPOS="1446"
                          HPOS="931"
                          CONTENT="denna"/>
                  <SP HEIGHT="191" WIDTH="35" VPOS="1446" HPOS="1241"/>
                  <String HEIGHT="191"
                          WIDTH="242"
                          VPOS="1446"
                          HPOS="1138"
                          CONTENT="dag"/>
                  <SP HEIGHT="191" WIDTH="35" VPOS="1446" HPOS="1380"/>
                  <String HEIGHT="191"
                          WIDTH="242"
                          VPOS="1446"
                          HPOS="1276"
                          CONTENT="för"/>
                  <SP HEIGHT="191" WIDTH="35" VPOS="1446" HPOS="1518"/>
                  <String HEIGHT="191"
                          WIDTH="587"
                          VPOS="1446"
                          HPOS="1414"
                          CONTENT="Poliskammaren"/>
                  <SP HEIGHT="191" WIDTH="35" VPOS="1446" HPOS="2001"/>
                  <String HEIGHT="191"
                          WIDTH="414"
                          VPOS="1446"
                          HPOS="1863"
                          CONTENT="inställas."/>
               </TextLine>
               <TextLine ID="r2l13"
                         BASELINE="648,1660 699,1660 751,1660 802,1660 854,1660 905,1660 957,1660 1008,1659 1060,1658 1111,1658 1163,1658 1214,1658 1266,1658 1317,1658 1369,1658 1420,1658 1472,1657 1523,1656 1575,1656 1626,1655 1678,1654"
                         HEIGHT="185"
                         WIDTH="1054"
                         VPOS="1550"
                         HPOS="635">
                  <String HEIGHT="185" WIDTH="162" VPOS="1550" HPOS="594" CONTENT=""/>
                  <SP HEIGHT="185" WIDTH="41" VPOS="1550" HPOS="757"/>
                  <String HEIGHT="185"
                          WIDTH="486"
                          VPOS="1550"
                          HPOS="635"
                          CONTENT="Göteborg"/>
                  <SP HEIGHT="185" WIDTH="41" VPOS="1550" HPOS="1121"/>
                  <String HEIGHT="185"
                          WIDTH="284"
                          VPOS="1550"
                          HPOS="1000"
                          CONTENT="den"/>
                  <SP HEIGHT="185" WIDTH="41" VPOS="1550" HPOS="1284"/>
                  <String HEIGHT="185"
                          WIDTH="203"
                          VPOS="1550"
                          HPOS="1162"
                          CONTENT="8"/>
                  <SP HEIGHT="185" WIDTH="41" VPOS="1550" HPOS="1365"/>
                  <String HEIGHT="185"
                          WIDTH="324"
                          VPOS="1550"
                          HPOS="1243"
                          CONTENT="Juni"/>
                  <SP HEIGHT="185" WIDTH="41" VPOS="1550" HPOS="1567"/>
                  <String HEIGHT="185"
                          WIDTH="284"
                          VPOS="1550"
                          HPOS="1405"
                          CONTENT="1880."/>
               </TextLine>
            </TextBlock>
            <TextBlock ID="TextRegion_1584707559029_648"
                       HEIGHT="226"
                       WIDTH="396"
                       VPOS="1710"
                       HPOS="90">
               <Shape>
                  <Polygon POINTS="90,1710 486,1710 486,1936 90,1936"/>
               </Shape>
               <TextLine ID="r1l1"
                         BASELINE="122,1764 149,1766 176,1766 203,1766 230,1768 258,1768 285,1768 312,1769 339,1771 366,1773 394,1776"
                         HEIGHT="128"
                         WIDTH="300"
                         VPOS="1666"
                         HPOS="109">
                  <String HEIGHT="128" WIDTH="257" VPOS="1666" HPOS="66" CONTENT="No"/>
                  <SP HEIGHT="128" WIDTH="43" VPOS="1666" HPOS="323"/>
                  <String HEIGHT="128"
                          WIDTH="257"
                          VPOS="1666"
                          HPOS="152"
                          CONTENT="127."/>
               </TextLine>
               <TextLine ID="r1l2"
                         BASELINE="90,1886 116,1888 142,1888 169,1888 195,1887 222,1886 248,1886 274,1884 301,1883 327,1882 354,1882 380,1881 406,1880 433,1880 459,1880 486,1882"
                         HEIGHT="149"
                         WIDTH="422"
                         VPOS="1807"
                         HPOS="77">
                  <String HEIGHT="149"
                          WIDTH="178"
                          VPOS="1807"
                          HPOS="55"
                          CONTENT="Carl"/>
                  <SP HEIGHT="149" WIDTH="22" VPOS="1807" HPOS="232"/>
                  <String HEIGHT="149"
                          WIDTH="222"
                          VPOS="1807"
                          HPOS="166"
                          CONTENT="August"/>
                  <SP HEIGHT="149" WIDTH="22" VPOS="1807" HPOS="388"/>
                  <String HEIGHT="149"
                          WIDTH="200"
                          VPOS="1807"
                          HPOS="299"
                          CONTENT="Olsson."/>
               </TextLine>
            </TextBlock>
            <TextBlock ID="TextRegion_1584707552759_641"
                       HEIGHT="2068"
                       WIDTH="1930"
                       VPOS="1702"
                       HPOS="458">
               <Shape>
                  <Polygon POINTS="458,1702 2388,1702 2388,3770 458,3770"/>
               </Shape>
               <TextLine ID="r2l14"
                         BASELINE="556,1786 645,1782 735,1780 824,1776 914,1772 1004,1768 1093,1766 1183,1764 1272,1762 1362,1759 1452,1758 1541,1756 1631,1754 1720,1754 1810,1754 1900,1754 1989,1754 2079,1754 2168,1755 2258,1756 2348,1758"
                         HEIGHT="152"
                         WIDTH="1819"
                         VPOS="1656"
                         HPOS="543">
                  <String HEIGHT="152"
                          WIDTH="525"
                          VPOS="1656"
                          HPOS="508"
                          CONTENT="Ölutköraren"/>
                  <SP HEIGHT="152" WIDTH="35" VPOS="1656" HPOS="1033"/>
                  <String HEIGHT="152"
                          WIDTH="350"
                          VPOS="1656"
                          HPOS="928"
                          CONTENT="Ludvig"/>
                  <SP HEIGHT="152" WIDTH="35" VPOS="1656" HPOS="1278"/>
                  <String HEIGHT="152"
                          WIDTH="420"
                          VPOS="1656"
                          HPOS="1173"
                          CONTENT="Hansson,"/>
                  <SP HEIGHT="152" WIDTH="35" VPOS="1656" HPOS="1592"/>
                  <String HEIGHT="152"
                          WIDTH="420"
                          VPOS="1656"
                          HPOS="1487"
                          CONTENT="anställd"/>
                  <SP HEIGHT="152" WIDTH="35" VPOS="1656" HPOS="1907"/>
                  <String HEIGHT="152"
                          WIDTH="245"
                          VPOS="1656"
                          HPOS="1802"
                          CONTENT="hos"/>
                  <SP HEIGHT="152" WIDTH="35" VPOS="1656" HPOS="2047"/>
                  <String HEIGHT="152"
                          WIDTH="455"
                          VPOS="1656"
                          HPOS="1907"
                          CONTENT="Ölhandlaren"/>
               </TextLine>
               <TextLine ID="r2l15"
                         BASELINE="532,1900 622,1892 713,1886 804,1882 895,1878 986,1874 1077,1872 1168,1870 1259,1868 1350,1867 1441,1866 1531,1866 1622,1864 1713,1864 1804,1864 1895,1864 1986,1864 2077,1862 2168,1861 2259,1860 2350,1858"
                         HEIGHT="190"
                         WIDTH="1845"
                         VPOS="1759"
                         HPOS="519">
                  <String HEIGHT="190"
                          WIDTH="191"
                          VPOS="1759"
                          HPOS="487"
                          CONTENT="J."/>
                  <SP HEIGHT="190" WIDTH="32" VPOS="1759" HPOS="678"/>
                  <String HEIGHT="190"
                          WIDTH="350"
                          VPOS="1759"
                          HPOS="583"
                          CONTENT="Wessman"/>
                  <SP HEIGHT="190" WIDTH="32" VPOS="1759" HPOS="933"/>
                  <String HEIGHT="190" WIDTH="159" VPOS="1759" HPOS="837" CONTENT="i"/>
                  <SP HEIGHT="190" WIDTH="32" VPOS="1759" HPOS="996"/>
                  <String HEIGHT="190"
                          WIDTH="286"
                          VPOS="1759"
                          HPOS="901"
                          CONTENT="huset"/>
                  <SP HEIGHT="190" WIDTH="32" VPOS="1759" HPOS="1187"/>
                  <String HEIGHT="190"
                          WIDTH="191"
                          VPOS="1759"
                          HPOS="1092"
                          CONTENT="No"/>
                  <SP HEIGHT="190" WIDTH="32" VPOS="1759" HPOS="1282"/>
                  <String HEIGHT="190"
                          WIDTH="159"
                          VPOS="1759"
                          HPOS="1187"
                          CONTENT="8"/>
                  <SP HEIGHT="190" WIDTH="32" VPOS="1759" HPOS="1346"/>
                  <String HEIGHT="190"
                          WIDTH="223"
                          VPOS="1759"
                          HPOS="1251"
                          CONTENT="vid"/>
                  <SP HEIGHT="190" WIDTH="32" VPOS="1759" HPOS="1473"/>
                  <String HEIGHT="190"
                          WIDTH="286"
                          VPOS="1759"
                          HPOS="1378"
                          CONTENT="Östra"/>
                  <SP HEIGHT="190" WIDTH="32" VPOS="1759" HPOS="1664"/>
                  <String HEIGHT="190"
                          WIDTH="350"
                          VPOS="1759"
                          HPOS="1569"
                          CONTENT="Nygatan"/>
                  <SP HEIGHT="190" WIDTH="32" VPOS="1759" HPOS="1919"/>
                  <String HEIGHT="190"
                          WIDTH="223"
                          VPOS="1759"
                          HPOS="1823"
                          CONTENT="och"/>
                  <SP HEIGHT="190" WIDTH="32" VPOS="1759" HPOS="2046"/>
                  <String HEIGHT="190"
                          WIDTH="318"
                          VPOS="1759"
                          HPOS="1950"
                          CONTENT="boende"/>
                  <SP HEIGHT="190" WIDTH="32" VPOS="1759" HPOS="2269"/>
                  <String HEIGHT="190"
                          WIDTH="159"
                          VPOS="1759"
                          HPOS="2173"
                          CONTENT="i"/>
                  <SP HEIGHT="190" WIDTH="32" VPOS="1759" HPOS="2332"/>
                  <String HEIGHT="190"
                          WIDTH="159"
                          VPOS="1759"
                          HPOS="2205"
                          CONTENT="hu¬"
                          SUBS_TYPE="HypPart1"
                          SUBS_CONTENT="huset"/>
                  <HYP CONTENT="-"/>
               </TextLine>
               <TextLine ID="r2l16"
                         BASELINE="496,2016 588,2008 681,2002 774,1998 867,1994 960,1989 1053,1986 1146,1983 1239,1980 1332,1978 1425,1976 1517,1976 1610,1974 1703,1972 1796,1972 1889,1970 1982,1968 2075,1966 2168,1964 2261,1962 2354,1958"
                         HEIGHT="149"
                         WIDTH="1881"
                         VPOS="1901"
                         HPOS="483">
                  <String HEIGHT="149"
                          WIDTH="219"
                          VPOS="1901"
                          HPOS="452"
                          CONTENT="set"
                          SUBS_TYPE="HypPart2"
                          SUBS_CONTENT="huset"/>
                  <SP HEIGHT="149" WIDTH="31" VPOS="1901" HPOS="671"/>
                  <String HEIGHT="149"
                          WIDTH="188"
                          VPOS="1901"
                          HPOS="577"
                          CONTENT="No"/>
                  <SP HEIGHT="149" WIDTH="31" VPOS="1901" HPOS="765"/>
                  <String HEIGHT="149"
                          WIDTH="188"
                          VPOS="1901"
                          HPOS="671"
                          CONTENT="10"/>
                  <SP HEIGHT="149" WIDTH="31" VPOS="1901" HPOS="859"/>
                  <String HEIGHT="149"
                          WIDTH="219"
                          VPOS="1901"
                          HPOS="765"
                          CONTENT="vid"/>
                  <SP HEIGHT="149" WIDTH="31" VPOS="1901" HPOS="985"/>
                  <String HEIGHT="149"
                          WIDTH="282"
                          VPOS="1901"
                          HPOS="891"
                          CONTENT="Andra"/>
                  <SP HEIGHT="149" WIDTH="31" VPOS="1901" HPOS="1173"/>
                  <String HEIGHT="149"
                          WIDTH="439"
                          VPOS="1901"
                          HPOS="1079"
                          CONTENT="Tvärgatan,"/>
                  <SP HEIGHT="149" WIDTH="31" VPOS="1901" HPOS="1518"/>
                  <String HEIGHT="149"
                          WIDTH="219"
                          VPOS="1901"
                          HPOS="1423"
                          CONTENT="har"/>
                  <SP HEIGHT="149" WIDTH="31" VPOS="1901" HPOS="1643"/>
                  <String HEIGHT="149"
                          WIDTH="376"
                          VPOS="1901"
                          HPOS="1549"
                          CONTENT="Lördagen"/>
                  <SP HEIGHT="149" WIDTH="31" VPOS="1901" HPOS="1925"/>
                  <String HEIGHT="149"
                          WIDTH="219"
                          VPOS="1901"
                          HPOS="1831"
                          CONTENT="den"/>
                  <SP HEIGHT="149" WIDTH="31" VPOS="1901" HPOS="2051"/>
                  <String HEIGHT="149"
                          WIDTH="157"
                          VPOS="1901"
                          HPOS="1956"
                          CONTENT="5"/>
                  <SP HEIGHT="149" WIDTH="31" VPOS="1901" HPOS="2113"/>
                  <String HEIGHT="149"
                          WIDTH="314"
                          VPOS="1901"
                          HPOS="2019"
                          CONTENT="dennes"/>
                  <SP HEIGHT="149" WIDTH="31" VPOS="1901" HPOS="2333"/>
                  <String HEIGHT="149"
                          WIDTH="157"
                          VPOS="1901"
                          HPOS="2207"
                          CONTENT="an¬"
                          SUBS_TYPE="HypPart1"
                          SUBS_CONTENT="anmält,"/>
                  <HYP CONTENT="-"/>
               </TextLine>
               <TextLine ID="r2l17"
                         BASELINE="502,2124 593,2120 684,2116 776,2114 867,2112 959,2108 1050,2106 1141,2104 1233,2102 1324,2100 1416,2098 1507,2097 1598,2096 1690,2094 1781,2092 1873,2090 1964,2088 2055,2084 2147,2082 2238,2079 2330,2076"
                         HEIGHT="218"
                         WIDTH="1851"
                         VPOS="1972"
                         HPOS="488">
                  <String HEIGHT="218"
                          WIDTH="287"
                          VPOS="1972"
                          HPOS="456"
                          CONTENT="mält,"
                          SUBS_TYPE="HypPart2"
                          SUBS_CONTENT="anmält,"/>
                  <SP HEIGHT="218" WIDTH="32" VPOS="1972" HPOS="743"/>
                  <String HEIGHT="218"
                          WIDTH="223"
                          VPOS="1972"
                          HPOS="648"
                          CONTENT="att"/>
                  <SP HEIGHT="218" WIDTH="32" VPOS="1972" HPOS="871"/>
                  <String HEIGHT="218"
                          WIDTH="223"
                          VPOS="1972"
                          HPOS="775"
                          CONTENT="vid"/>
                  <SP HEIGHT="218" WIDTH="32" VPOS="1972" HPOS="999"/>
                  <String HEIGHT="218"
                          WIDTH="287"
                          VPOS="1972"
                          HPOS="903"
                          CONTENT="något"/>
                  <SP HEIGHT="218" WIDTH="32" VPOS="1972" HPOS="1190"/>
                  <String HEIGHT="218"
                          WIDTH="415"
                          VPOS="1972"
                          HPOS="1094"
                          CONTENT="tillfälle"/>
                  <SP HEIGHT="218" WIDTH="32" VPOS="1972" HPOS="1509"/>
                  <String HEIGHT="218"
                          WIDTH="287"
                          VPOS="1972"
                          HPOS="1414"
                          CONTENT="sedan"/>
                  <SP HEIGHT="218" WIDTH="32" VPOS="1972" HPOS="1701"/>
                  <String HEIGHT="218"
                          WIDTH="223"
                          VPOS="1972"
                          HPOS="1605"
                          CONTENT="den"/>
                  <SP HEIGHT="218" WIDTH="32" VPOS="1972" HPOS="1828"/>
                  <String HEIGHT="218"
                          WIDTH="160"
                          VPOS="1972"
                          HPOS="1733"
                          CONTENT="3"/>
                  <SP HEIGHT="218" WIDTH="32" VPOS="1972" HPOS="1892"/>
                  <String HEIGHT="218"
                          WIDTH="191"
                          VPOS="1972"
                          HPOS="1796"
                          CONTENT="ds"/>
                  <SP HEIGHT="218" WIDTH="32" VPOS="1972" HPOS="1988"/>
                  <String HEIGHT="218"
                          WIDTH="160"
                          VPOS="1972"
                          HPOS="1892"
                          CONTENT="i"/>
                  <SP HEIGHT="218" WIDTH="32" VPOS="1972" HPOS="2052"/>
                  <String HEIGHT="218"
                          WIDTH="255"
                          VPOS="1972"
                          HPOS="1956"
                          CONTENT="hans"/>
                  <SP HEIGHT="218" WIDTH="32" VPOS="1972" HPOS="2211"/>
                  <String HEIGHT="218"
                          WIDTH="255"
                          VPOS="1972"
                          HPOS="2084"
                          CONTENT="bostad"/>
               </TextLine>
               <TextLine ID="r2l18"
                         BASELINE="480,2244 571,2240 663,2235 755,2230 847,2226 939,2223 1031,2220 1123,2216 1215,2214 1307,2212 1399,2210 1490,2208 1582,2206 1674,2205 1766,2204 1858,2203 1950,2202 2042,2202 2134,2200 2226,2200 2318,2200"
                         HEIGHT="203"
                         WIDTH="1865"
                         VPOS="2106"
                         HPOS="465">
                  <String HEIGHT="203"
                          WIDTH="257"
                          VPOS="2106"
                          HPOS="433"
                          CONTENT="från"/>
                  <SP HEIGHT="203" WIDTH="32" VPOS="2106" HPOS="690"/>
                  <String HEIGHT="203"
                          WIDTH="289"
                          VPOS="2106"
                          HPOS="594"
                          CONTENT="honom"/>
                  <SP HEIGHT="203" WIDTH="32" VPOS="2106" HPOS="883"/>
                  <String HEIGHT="203"
                          WIDTH="482"
                          VPOS="2106"
                          HPOS="787"
                          CONTENT="tillgripits"/>
                  <SP HEIGHT="203" WIDTH="32" VPOS="2106" HPOS="1269"/>
                  <String HEIGHT="203"
                          WIDTH="193"
                          VPOS="2106"
                          HPOS="1172"
                          CONTENT="en"/>
                  <SP HEIGHT="203" WIDTH="32" VPOS="2106" HPOS="1365"/>
                  <String HEIGHT="203"
                          WIDTH="289"
                          VPOS="2106"
                          HPOS="1269"
                          CONTENT="kavaj"/>
                  <SP HEIGHT="203" WIDTH="32" VPOS="2106" HPOS="1558"/>
                  <String HEIGHT="203"
                          WIDTH="225"
                          VPOS="2106"
                          HPOS="1462"
                          CONTENT="och"/>
                  <SP HEIGHT="203" WIDTH="32" VPOS="2106" HPOS="1687"/>
                  <String HEIGHT="203"
                          WIDTH="225"
                          VPOS="2106"
                          HPOS="1590"
                          CONTENT="ett"/>
                  <SP HEIGHT="203" WIDTH="32" VPOS="2106" HPOS="1816"/>
                  <String HEIGHT="203"
                          WIDTH="225"
                          VPOS="2106"
                          HPOS="1719"
                          CONTENT="par"/>
                  <SP HEIGHT="203" WIDTH="32" VPOS="2106" HPOS="1944"/>
                  <String HEIGHT="203"
                          WIDTH="289"
                          VPOS="2106"
                          HPOS="1848"
                          CONTENT="byxor"/>
                  <SP HEIGHT="203" WIDTH="32" VPOS="2106" HPOS="2137"/>
                  <String HEIGHT="203"
                          WIDTH="193"
                          VPOS="2106"
                          HPOS="2041"
                          CONTENT="af"/>
                  <SP HEIGHT="203" WIDTH="32" VPOS="2106" HPOS="2234"/>
                  <String HEIGHT="203"
                          WIDTH="225"
                          VPOS="2106"
                          HPOS="2105"
                          CONTENT="mörkt"/>
               </TextLine>
               <TextLine ID="r2l19"
                         BASELINE="468,2366 530,2364 592,2362 655,2360 717,2358 780,2356 842,2354 904,2352 967,2350 1029,2348 1092,2346 1154,2344 1216,2342 1279,2340 1341,2338 1404,2336 1466,2334 1528,2332 1591,2331 1653,2330 1716,2328"
                         HEIGHT="153"
                         WIDTH="1274"
                         VPOS="2256"
                         HPOS="454">
                  <String HEIGHT="153"
                          WIDTH="436"
                          VPOS="2256"
                          HPOS="420"
                          CONTENT="korderoj,"/>
                  <SP HEIGHT="153" WIDTH="34" VPOS="2256" HPOS="856"/>
                  <String HEIGHT="153"
                          WIDTH="503"
                          VPOS="2256"
                          HPOS="756"
                          CONTENT="tillsammans"/>
                  <SP HEIGHT="153" WIDTH="34" VPOS="2256" HPOS="1259"/>
                  <String HEIGHT="153"
                          WIDTH="302"
                          VPOS="2256"
                          HPOS="1158"
                          CONTENT="värde"/>
                  <SP HEIGHT="153" WIDTH="34" VPOS="2256" HPOS="1460"/>
                  <String HEIGHT="153"
                          WIDTH="201"
                          VPOS="2256"
                          HPOS="1359"
                          CONTENT="32"/>
                  <SP HEIGHT="153" WIDTH="34" VPOS="2256" HPOS="1560"/>
                  <String HEIGHT="153"
                          WIDTH="302"
                          VPOS="2256"
                          HPOS="1426"
                          CONTENT="Kronor."/>
               </TextLine>
               <TextLine ID="r2l20"
                         BASELINE="698,2466 781,2464 865,2461 948,2460 1032,2457 1115,2456 1199,2454 1282,2452 1366,2452 1449,2451 1533,2450 1616,2450 1700,2448 1783,2448 1867,2446 1950,2446 2034,2444 2117,2444 2201,2442 2284,2440 2368,2440"
                         HEIGHT="202"
                         WIDTH="1697"
                         VPOS="2336"
                         HPOS="685">
                  <String HEIGHT="202"
                          WIDTH="384"
                          VPOS="2336"
                          HPOS="653"
                          CONTENT="Måndagen"/>
                  <SP HEIGHT="202" WIDTH="32" VPOS="2336" HPOS="1037"/>
                  <String HEIGHT="202"
                          WIDTH="224"
                          VPOS="2336"
                          HPOS="941"
                          CONTENT="den"/>
                  <SP HEIGHT="202" WIDTH="32" VPOS="2336" HPOS="1165"/>
                  <String HEIGHT="202"
                          WIDTH="160"
                          VPOS="2336"
                          HPOS="1069"
                          CONTENT="7"/>
                  <SP HEIGHT="202" WIDTH="32" VPOS="2336" HPOS="1229"/>
                  <String HEIGHT="202"
                          WIDTH="320"
                          VPOS="2336"
                          HPOS="1133"
                          CONTENT="dennes"/>
                  <SP HEIGHT="202" WIDTH="32" VPOS="2336" HPOS="1453"/>
                  <String HEIGHT="202"
                          WIDTH="192"
                          VPOS="2336"
                          HPOS="1357"
                          CONTENT="på"/>
                  <SP HEIGHT="202" WIDTH="32" VPOS="2336" HPOS="1550"/>
                  <String HEIGHT="202"
                          WIDTH="192"
                          VPOS="2336"
                          HPOS="1453"
                          CONTENT="f."/>
                  <SP HEIGHT="202" WIDTH="32" VPOS="2336" HPOS="1646"/>
                  <String HEIGHT="202"
                          WIDTH="224"
                          VPOS="2336"
                          HPOS="1550"
                          CONTENT="m.,"/>
                  <SP HEIGHT="202" WIDTH="32" VPOS="2336" HPOS="1774"/>
                  <String HEIGHT="202"
                          WIDTH="192"
                          VPOS="2336"
                          HPOS="1678"
                          CONTENT="då"/>
                  <SP HEIGHT="202" WIDTH="32" VPOS="2336" HPOS="1870"/>
                  <String HEIGHT="202"
                          WIDTH="352"
                          VPOS="2336"
                          HPOS="1774"
                          CONTENT="Hansson"/>
                  <SP HEIGHT="202" WIDTH="32" VPOS="2336" HPOS="2126"/>
                  <String HEIGHT="202"
                          WIDTH="160"
                          VPOS="2336"
                          HPOS="2030"
                          CONTENT="i"/>
                  <SP HEIGHT="202" WIDTH="32" VPOS="2336" HPOS="2190"/>
                  <String HEIGHT="202"
                          WIDTH="320"
                          VPOS="2336"
                          HPOS="2062"
                          CONTENT="sällskap"/>
               </TextLine>
               <TextLine ID="r2l21"
                         BASELINE="500,2588 591,2582 683,2576 775,2574 867,2569 959,2566 1051,2564 1143,2562 1235,2561 1327,2560 1419,2560 1510,2558 1602,2558 1694,2558 1786,2560 1878,2560 1970,2560 2062,2562 2154,2562 2246,2564 2338,2566"
                         HEIGHT="190"
                         WIDTH="1863"
                         VPOS="2467"
                         HPOS="488">
                  <String HEIGHT="190"
                          WIDTH="237"
                          VPOS="2467"
                          HPOS="454"
                          CONTENT="med"/>
                  <SP HEIGHT="190" WIDTH="34" VPOS="2467" HPOS="691"/>
                  <String HEIGHT="190"
                          WIDTH="508"
                          VPOS="2467"
                          HPOS="590"
                          CONTENT="Ölutköraren"/>
                  <SP HEIGHT="190" WIDTH="34" VPOS="2467" HPOS="1098"/>
                  <String HEIGHT="190"
                          WIDTH="305"
                          VPOS="2467"
                          HPOS="996"
                          CONTENT="Johan"/>
                  <SP HEIGHT="190" WIDTH="34" VPOS="2467" HPOS="1301"/>
                  <String HEIGHT="190"
                          WIDTH="271"
                          VPOS="2467"
                          HPOS="1199"
                          CONTENT="Emil"/>
                  <SP HEIGHT="190" WIDTH="34" VPOS="2467" HPOS="1470"/>
                  <String HEIGHT="190"
                          WIDTH="373"
                          VPOS="2467"
                          HPOS="1369"
                          CONTENT="Olsson,"/>
                  <SP HEIGHT="190" WIDTH="34" VPOS="2467" HPOS="1741"/>
                  <String HEIGHT="190"
                          WIDTH="373"
                          VPOS="2467"
                          HPOS="1640"
                          CONTENT="hvilken"/>
                  <SP HEIGHT="190" WIDTH="34" VPOS="2467" HPOS="2012"/>
                  <String HEIGHT="190"
                          WIDTH="305"
                          VPOS="2467"
                          HPOS="1911"
                          CONTENT="äfven"/>
                  <SP HEIGHT="190" WIDTH="34" VPOS="2467" HPOS="2216"/>
                  <String HEIGHT="190"
                          WIDTH="203"
                          VPOS="2467"
                          HPOS="2114"
                          CONTENT="är"/>
                  <SP HEIGHT="190" WIDTH="34" VPOS="2467" HPOS="2317"/>
                  <String HEIGHT="190"
                          WIDTH="169"
                          VPOS="2467"
                          HPOS="2182"
                          CONTENT="an¬"
                          SUBS_TYPE="HypPart1"
                          SUBS_CONTENT="anställd"/>
                  <HYP CONTENT="-"/>
               </TextLine>
               <TextLine ID="r2l22"
                         BASELINE="492,2708 585,2703 678,2697 771,2694 864,2690 957,2686 1050,2684 1143,2682 1236,2680 1329,2680 1423,2678 1516,2678 1609,2677 1702,2676 1795,2676 1888,2676 1981,2676 2074,2676 2167,2676 2260,2676 2354,2676"
                         HEIGHT="164"
                         WIDTH="1887"
                         VPOS="2567"
                         HPOS="479">
                  <String HEIGHT="164"
                          WIDTH="331"
                          VPOS="2567"
                          HPOS="446"
                          CONTENT="ställd"
                          SUBS_TYPE="HypPart2"
                          SUBS_CONTENT="anställd"/>
                  <SP HEIGHT="164" WIDTH="33" VPOS="2567" HPOS="777"/>
                  <String HEIGHT="164"
                          WIDTH="232"
                          VPOS="2567"
                          HPOS="678"
                          CONTENT="hos"/>
                  <SP HEIGHT="164" WIDTH="33" VPOS="2567" HPOS="909"/>
                  <String HEIGHT="164"
                          WIDTH="199"
                          VPOS="2567"
                          HPOS="810"
                          CONTENT="J."/>
                  <SP HEIGHT="164" WIDTH="33" VPOS="2567" HPOS="1009"/>
                  <String HEIGHT="164"
                          WIDTH="364"
                          VPOS="2567"
                          HPOS="909"
                          CONTENT="Wessman"/>
                  <SP HEIGHT="164" WIDTH="33" VPOS="2567" HPOS="1274"/>
                  <String HEIGHT="164"
                          WIDTH="232"
                          VPOS="2567"
                          HPOS="1174"
                          CONTENT="och"/>
                  <SP HEIGHT="164" WIDTH="33" VPOS="2567" HPOS="1406"/>
                  <String HEIGHT="164"
                          WIDTH="331"
                          VPOS="2567"
                          HPOS="1307"
                          CONTENT="boende"/>
                  <SP HEIGHT="164" WIDTH="33" VPOS="2567" HPOS="1638"/>
                  <String HEIGHT="164"
                          WIDTH="166"
                          VPOS="2567"
                          HPOS="1538"
                          CONTENT="i"/>
                  <SP HEIGHT="164" WIDTH="33" VPOS="2567" HPOS="1704"/>
                  <String HEIGHT="164"
                          WIDTH="298"
                          VPOS="2567"
                          HPOS="1605"
                          CONTENT="huset"/>
                  <SP HEIGHT="164" WIDTH="33" VPOS="2567" HPOS="1903"/>
                  <String HEIGHT="164"
                          WIDTH="199"
                          VPOS="2567"
                          HPOS="1803"
                          CONTENT="No"/>
                  <SP HEIGHT="164" WIDTH="33" VPOS="2567" HPOS="2002"/>
                  <String HEIGHT="164"
                          WIDTH="199"
                          VPOS="2567"
                          HPOS="1903"
                          CONTENT="37"/>
                  <SP HEIGHT="164" WIDTH="33" VPOS="2567" HPOS="2101"/>
                  <String HEIGHT="164"
                          WIDTH="232"
                          VPOS="2567"
                          HPOS="2002"
                          CONTENT="vid"/>
                  <SP HEIGHT="164" WIDTH="33" VPOS="2567" HPOS="2234"/>
                  <String HEIGHT="164"
                          WIDTH="265"
                          VPOS="2567"
                          HPOS="2101"
                          CONTENT="Husar¬"
                          SUBS_TYPE="HypPart1"
                          SUBS_CONTENT="Husargatan,"/>
                  <HYP CONTENT="-"/>
               </TextLine>
               <TextLine ID="r2l23"
                         BASELINE="486,2838 578,2833 670,2828 763,2824 855,2820 948,2816 1040,2812 1132,2810 1225,2807 1317,2804 1410,2802 1502,2800 1594,2798 1687,2796 1779,2794 1872,2792 1964,2790 2056,2790 2149,2788 2241,2788 2334,2786"
                         HEIGHT="220"
                         WIDTH="1874"
                         VPOS="2690"
                         HPOS="473">
                  <String HEIGHT="220"
                          WIDTH="341"
                          VPOS="2690"
                          HPOS="439"
                          CONTENT="gatan,"
                          SUBS_TYPE="HypPart2"
                          SUBS_CONTENT="Husargatan,"/>
                  <SP HEIGHT="220" WIDTH="34" VPOS="2690" HPOS="780"/>
                  <String HEIGHT="220"
                          WIDTH="239"
                          VPOS="2690"
                          HPOS="677"
                          CONTENT="var"/>
                  <SP HEIGHT="220" WIDTH="34" VPOS="2690" HPOS="916"/>
                  <String HEIGHT="220"
                          WIDTH="477"
                          VPOS="2690"
                          HPOS="814"
                          CONTENT="sysselsatt"/>
                  <SP HEIGHT="220" WIDTH="34" VPOS="2690" HPOS="1291"/>
                  <String HEIGHT="220"
                          WIDTH="239"
                          VPOS="2690"
                          HPOS="1189"
                          CONTENT="med"/>
                  <SP HEIGHT="220" WIDTH="34" VPOS="2690" HPOS="1427"/>
                  <String HEIGHT="220"
                          WIDTH="545"
                          VPOS="2690"
                          HPOS="1325"
                          CONTENT="ölutkörning,"/>
                  <SP HEIGHT="220" WIDTH="34" VPOS="2690" HPOS="1870"/>
                  <String HEIGHT="220"
                          WIDTH="443"
                          VPOS="2690"
                          HPOS="1768"
                          CONTENT="varseblef"/>
                  <SP HEIGHT="220" WIDTH="34" VPOS="2690" HPOS="2211"/>
                  <String HEIGHT="220"
                          WIDTH="239"
                          VPOS="2690"
                          HPOS="2108"
                          CONTENT="han"/>
                  <SP HEIGHT="220" WIDTH="34" VPOS="2690" HPOS="2347"/>
                  <String HEIGHT="220"
                          WIDTH="136"
                          VPOS="2690"
                          HPOS="2211"
                          CONTENT="på"/>
               </TextLine>
               <TextLine ID="r2l24"
                         BASELINE="482,2952 574,2948 667,2946 760,2942 853,2939 946,2936 1038,2932 1131,2928 1224,2924 1317,2922 1410,2919 1502,2915 1595,2912 1688,2910 1781,2908 1874,2906 1966,2903 2059,2902 2152,2900 2245,2900 2338,2898"
                         HEIGHT="174"
                         WIDTH="1884"
                         VPOS="2803"
                         HPOS="468">
                  <String HEIGHT="174"
                          WIDTH="320"
                          VPOS="2803"
                          HPOS="432"
                          CONTENT="Östra"/>
                  <SP HEIGHT="174" WIDTH="36" VPOS="2803" HPOS="752"/>
                  <String HEIGHT="174"
                          WIDTH="462"
                          VPOS="2803"
                          HPOS="646"
                          CONTENT="Larmgatan"/>
                  <SP HEIGHT="174" WIDTH="36" VPOS="2803" HPOS="1108"/>
                  <String HEIGHT="174"
                          WIDTH="213"
                          VPOS="2803"
                          HPOS="1001"
                          CONTENT="en"/>
                  <SP HEIGHT="174" WIDTH="36" VPOS="2803" HPOS="1214"/>
                  <String HEIGHT="174"
                          WIDTH="249"
                          VPOS="2803"
                          HPOS="1108"
                          CONTENT="för"/>
                  <SP HEIGHT="174" WIDTH="36" VPOS="2803" HPOS="1357"/>
                  <String HEIGHT="174"
                          WIDTH="320"
                          VPOS="2803"
                          HPOS="1250"
                          CONTENT="honom"/>
                  <SP HEIGHT="174" WIDTH="36" VPOS="2803" HPOS="1570"/>
                  <String HEIGHT="174"
                          WIDTH="320"
                          VPOS="2803"
                          HPOS="1463"
                          CONTENT="okänd"/>
                  <SP HEIGHT="174" WIDTH="36" VPOS="2803" HPOS="1783"/>
                  <String HEIGHT="174"
                          WIDTH="533"
                          VPOS="2803"
                          HPOS="1677"
                          CONTENT="mansperson,"/>
                  <SP HEIGHT="174" WIDTH="36" VPOS="2803" HPOS="2210"/>
                  <String HEIGHT="174"
                          WIDTH="284"
                          VPOS="2803"
                          HPOS="2068"
                          CONTENT="iklädd"/>
               </TextLine>
               <TextLine ID="r2l25"
                         BASELINE="458,3074 551,3068 645,3061 739,3055 833,3050 927,3045 1020,3041 1114,3037 1208,3034 1302,3030 1396,3026 1489,3024 1583,3021 1677,3018 1771,3016 1865,3012 1958,3010 2052,3007 2146,3004 2240,3002 2334,2998"
                         HEIGHT="210"
                         WIDTH="1904"
                         VPOS="2921"
                         HPOS="444">
                  <String HEIGHT="210"
                          WIDTH="242"
                          VPOS="2921"
                          HPOS="409"
                          CONTENT="den"/>
                  <SP HEIGHT="210" WIDTH="35" VPOS="2921" HPOS="652"/>
                  <String HEIGHT="210"
                          WIDTH="485"
                          VPOS="2921"
                          HPOS="548"
                          CONTENT="tillgripna"/>
                  <SP HEIGHT="210" WIDTH="35" VPOS="2921" HPOS="1033"/>
                  <String HEIGHT="210"
                          WIDTH="415"
                          VPOS="2921"
                          HPOS="929"
                          CONTENT="kavajen."/>
                  <SP HEIGHT="210" WIDTH="35" VPOS="2921" HPOS="1344"/>
                  <String HEIGHT="210"
                          WIDTH="346"
                          VPOS="2921"
                          HPOS="1240"
                          CONTENT="Olsson"/>
                  <SP HEIGHT="210" WIDTH="35" VPOS="2921" HPOS="1586"/>
                  <String HEIGHT="210"
                          WIDTH="381"
                          VPOS="2921"
                          HPOS="1483"
                          CONTENT="fasttog"/>
                  <SP HEIGHT="210" WIDTH="35" VPOS="2921" HPOS="1863"/>
                  <String HEIGHT="210"
                          WIDTH="208"
                          VPOS="2921"
                          HPOS="1759"
                          CONTENT="då"/>
                  <SP HEIGHT="210" WIDTH="35" VPOS="2921" HPOS="1967"/>
                  <String HEIGHT="210"
                          WIDTH="312"
                          VPOS="2921"
                          HPOS="1863"
                          CONTENT="efter"/>
                  <SP HEIGHT="210" WIDTH="35" VPOS="2921" HPOS="2175"/>
                  <String HEIGHT="210"
                          WIDTH="312"
                          VPOS="2921"
                          HPOS="2036"
                          CONTENT="anmodan"/>
               </TextLine>
               <TextLine ID="r2l26"
                         BASELINE="490,3190 581,3182 673,3176 765,3169 857,3164 949,3160 1040,3156 1132,3152 1224,3150 1316,3148 1408,3145 1499,3143 1591,3142 1683,3140 1775,3137 1867,3136 1958,3133 2050,3130 2142,3127 2234,3124 2326,3118"
                         HEIGHT="222"
                         WIDTH="1864"
                         VPOS="3041"
                         HPOS="476">
                  <String HEIGHT="222"
                          WIDTH="207"
                          VPOS="3041"
                          HPOS="441"
                          CONTENT="af"/>
                  <SP HEIGHT="222" WIDTH="35" VPOS="3041" HPOS="649"/>
                  <String HEIGHT="222"
                          WIDTH="380"
                          VPOS="3041"
                          HPOS="545"
                          CONTENT="Hansson"/>
                  <SP HEIGHT="222" WIDTH="35" VPOS="3041" HPOS="925"/>
                  <String HEIGHT="222"
                          WIDTH="518"
                          VPOS="3041"
                          HPOS="821"
                          CONTENT="ifrågakomne"/>
                  <SP HEIGHT="222" WIDTH="35" VPOS="3041" HPOS="1339"/>
                  <String HEIGHT="222"
                          WIDTH="380"
                          VPOS="3041"
                          HPOS="1235"
                          CONTENT="person,"/>
                  <SP HEIGHT="222" WIDTH="35" VPOS="3041" HPOS="1615"/>
                  <String HEIGHT="222"
                          WIDTH="380"
                          VPOS="3041"
                          HPOS="1512"
                          CONTENT="hvilken"/>
                  <SP HEIGHT="222" WIDTH="35" VPOS="3041" HPOS="1891"/>
                  <String HEIGHT="222"
                          WIDTH="207"
                          VPOS="3041"
                          HPOS="1788"
                          CONTENT="på"/>
                  <SP HEIGHT="222" WIDTH="35" VPOS="3041" HPOS="1995"/>
                  <String HEIGHT="222"
                          WIDTH="311"
                          VPOS="3041"
                          HPOS="1891"
                          CONTENT="fråga"/>
                  <SP HEIGHT="222" WIDTH="35" VPOS="3041" HPOS="2202"/>
                  <String HEIGHT="222"
                          WIDTH="276"
                          VPOS="3041"
                          HPOS="2064"
                          CONTENT="hvari¬"
                          SUBS_TYPE="HypPart1"
                          SUBS_CONTENT="hvarifrån"/>
                  <HYP CONTENT="-"/>
               </TextLine>
               <TextLine ID="r2l27"
                         BASELINE="460,3300 554,3294 649,3288 744,3284 838,3279 933,3275 1028,3270 1122,3268 1217,3264 1312,3261 1407,3258 1501,3254 1596,3252 1691,3250 1785,3248 1880,3246 1975,3244 2069,3242 2164,3240 2259,3238 2354,3236"
                         HEIGHT="233"
                         WIDTH="1923"
                         VPOS="3135"
                         HPOS="445">
                  <String HEIGHT="233"
                          WIDTH="280"
                          VPOS="3135"
                          HPOS="410"
                          CONTENT="från"
                          SUBS_TYPE="HypPart2"
                          SUBS_CONTENT="hvarifrån"/>
                  <SP HEIGHT="233" WIDTH="35" VPOS="3135" HPOS="690"/>
                  <String HEIGHT="233"
                          WIDTH="245"
                          VPOS="3135"
                          HPOS="585"
                          CONTENT="han"/>
                  <SP HEIGHT="233" WIDTH="35" VPOS="3135" HPOS="830"/>
                  <String HEIGHT="233"
                          WIDTH="420"
                          VPOS="3135"
                          HPOS="725"
                          CONTENT="bekommit"/>
                  <SP HEIGHT="233" WIDTH="35" VPOS="3135" HPOS="1144"/>
                  <String HEIGHT="233"
                          WIDTH="420"
                          VPOS="3135"
                          HPOS="1039"
                          CONTENT="kavajen,"/>
                  <SP HEIGHT="233" WIDTH="35" VPOS="3135" HPOS="1459"/>
                  <String HEIGHT="233"
                          WIDTH="350"
                          VPOS="3135"
                          HPOS="1354"
                          CONTENT="uppgaf"/>
                  <SP HEIGHT="233" WIDTH="35" VPOS="3135" HPOS="1704"/>
                  <String HEIGHT="233"
                          WIDTH="245"
                          VPOS="3135"
                          HPOS="1599"
                          CONTENT="att"/>
                  <SP HEIGHT="233" WIDTH="35" VPOS="3135" HPOS="1844"/>
                  <String HEIGHT="233"
                          WIDTH="245"
                          VPOS="3135"
                          HPOS="1739"
                          CONTENT="han"/>
                  <SP HEIGHT="233" WIDTH="35" VPOS="3135" HPOS="1983"/>
                  <String HEIGHT="233"
                          WIDTH="280"
                          VPOS="3135"
                          HPOS="1879"
                          CONTENT="köpt"/>
                  <SP HEIGHT="233" WIDTH="35" VPOS="3135" HPOS="2158"/>
                  <String HEIGHT="233"
                          WIDTH="280"
                          VPOS="3135"
                          HPOS="2053"
                          CONTENT="den."/>
                  <SP HEIGHT="233" WIDTH="35" VPOS="3135" HPOS="2333"/>
                  <String HEIGHT="233"
                          WIDTH="175"
                          VPOS="3135"
                          HPOS="2193"
                          CONTENT="Se¬"
                          SUBS_TYPE="HypPart1"
                          SUBS_CONTENT="Sedan"/>
                  <HYP CONTENT="-"/>
               </TextLine>
               <TextLine ID="r2l28"
                         BASELINE="468,3418 561,3412 655,3407 749,3402 843,3398 937,3393 1031,3388 1125,3384 1219,3380 1313,3377 1407,3374 1500,3370 1594,3368 1688,3364 1782,3362 1876,3360 1970,3358 2064,3358 2158,3356 2252,3356 2346,3356"
                         HEIGHT="208"
                         WIDTH="1906"
                         VPOS="3259"
                         HPOS="454">
                  <String HEIGHT="208"
                          WIDTH="238"
                          VPOS="3259"
                          HPOS="420"
                          CONTENT="dan"
                          SUBS_TYPE="HypPart2"
                          SUBS_CONTENT="Sedan"/>
                  <SP HEIGHT="208" WIDTH="34" VPOS="3259" HPOS="658"/>
                  <String HEIGHT="208"
                          WIDTH="477"
                          VPOS="3259"
                          HPOS="556"
                          CONTENT="emellertid"/>
                  <SP HEIGHT="208" WIDTH="34" VPOS="3259" HPOS="1033"/>
                  <String HEIGHT="208"
                          WIDTH="340"
                          VPOS="3259"
                          HPOS="931"
                          CONTENT="Olsson"/>
                  <SP HEIGHT="208" WIDTH="34" VPOS="3259" HPOS="1271"/>
                  <String HEIGHT="208"
                          WIDTH="374"
                          VPOS="3259"
                          HPOS="1169"
                          CONTENT="anmodat"/>
                  <SP HEIGHT="208" WIDTH="34" VPOS="3259" HPOS="1543"/>
                  <String HEIGHT="208"
                          WIDTH="306"
                          VPOS="3259"
                          HPOS="1441"
                          CONTENT="honom"/>
                  <SP HEIGHT="208" WIDTH="34" VPOS="3259" HPOS="1747"/>
                  <String HEIGHT="208"
                          WIDTH="408"
                          VPOS="3259"
                          HPOS="1645"
                          CONTENT="medfölja"/>
                  <SP HEIGHT="208" WIDTH="34" VPOS="3259" HPOS="2054"/>
                  <String HEIGHT="208"
                          WIDTH="272"
                          VPOS="3259"
                          HPOS="1952"
                          CONTENT="till"/>
                  <SP HEIGHT="208" WIDTH="34" VPOS="3259" HPOS="2224"/>
                  <String HEIGHT="208"
                          WIDTH="204"
                          VPOS="3259"
                          HPOS="2122"
                          CONTENT="en"/>
                  <SP HEIGHT="208" WIDTH="34" VPOS="3259" HPOS="2326"/>
                  <String HEIGHT="208"
                          WIDTH="170"
                          VPOS="3259"
                          HPOS="2190"
                          CONTENT="Po¬"
                          SUBS_TYPE="HypPart1"
                          SUBS_CONTENT="Poliskonstapel,"/>
                  <HYP CONTENT="-"/>
               </TextLine>
               <TextLine ID="r2l29"
                         BASELINE="480,3518 574,3516 669,3512 763,3509 858,3506 953,3502 1047,3498 1142,3494 1236,3492 1331,3488 1426,3486 1520,3482 1615,3480 1709,3476 1804,3474 1899,3472 1993,3470 2088,3468 2182,3466 2277,3466 2372,3466"
                         HEIGHT="150"
                         WIDTH="1918"
                         VPOS="3388"
                         HPOS="466">
                  <String HEIGHT="150"
                          WIDTH="582"
                          VPOS="3388"
                          HPOS="432"
                          CONTENT="liskonstapel,"
                          SUBS_TYPE="HypPart2"
                          SUBS_CONTENT="Poliskonstapel,"/>
                  <SP HEIGHT="150" WIDTH="34" VPOS="3388" HPOS="1014"/>
                  <String HEIGHT="150"
                          WIDTH="377"
                          VPOS="3388"
                          HPOS="911"
                          CONTENT="bemälde"/>
                  <SP HEIGHT="150" WIDTH="34" VPOS="3388" HPOS="1288"/>
                  <String HEIGHT="150"
                          WIDTH="377"
                          VPOS="3388"
                          HPOS="1185"
                          CONTENT="person,"/>
                  <SP HEIGHT="150" WIDTH="34" VPOS="3388" HPOS="1562"/>
                  <String HEIGHT="150"
                          WIDTH="377"
                          VPOS="3388"
                          HPOS="1459"
                          CONTENT="hvilken"/>
                  <SP HEIGHT="150" WIDTH="34" VPOS="3388" HPOS="1836"/>
                  <String HEIGHT="150"
                          WIDTH="445"
                          VPOS="3388"
                          HPOS="1733"
                          CONTENT="befunnits"/>
                  <SP HEIGHT="150" WIDTH="34" VPOS="3388" HPOS="2179"/>
                  <String HEIGHT="150"
                          WIDTH="274"
                          VPOS="3388"
                          HPOS="2076"
                          CONTENT="vara"/>
                  <SP HEIGHT="150" WIDTH="34" VPOS="3388" HPOS="2350"/>
                  <String HEIGHT="150"
                          WIDTH="171"
                          VPOS="3388"
                          HPOS="2213"
                          CONTENT="för"/>
               </TextLine>
               <TextLine ID="r2l30"
                         BASELINE="468,3626 561,3622 654,3618 747,3616 841,3612 934,3609 1027,3606 1121,3604 1214,3601 1307,3598 1401,3596 1494,3594 1587,3591 1680,3589 1774,3586 1867,3584 1960,3582 2054,3580 2147,3578 2240,3576 2334,3574"
                         HEIGHT="207"
                         WIDTH="1891"
                         VPOS="3481"
                         HPOS="454">
                  <String HEIGHT="207"
                          WIDTH="332"
                          VPOS="3481"
                          HPOS="421"
                          CONTENT="första"/>
                  <SP HEIGHT="207" WIDTH="33" VPOS="3481" HPOS="753"/>
                  <String HEIGHT="207"
                          WIDTH="299"
                          VPOS="3481"
                          HPOS="653"
                          CONTENT="resan"/>
                  <SP HEIGHT="207" WIDTH="33" VPOS="3481" HPOS="952"/>
                  <String HEIGHT="207"
                          WIDTH="299"
                          VPOS="3481"
                          HPOS="852"
                          CONTENT="stöld"/>
                  <SP HEIGHT="207" WIDTH="33" VPOS="3481" HPOS="1151"/>
                  <String HEIGHT="207"
                          WIDTH="431"
                          VPOS="3481"
                          HPOS="1051"
                          CONTENT="straffade"/>
                  <SP HEIGHT="207" WIDTH="33" VPOS="3481" HPOS="1482"/>
                  <String HEIGHT="207"
                          WIDTH="299"
                          VPOS="3481"
                          HPOS="1383"
                          CONTENT="förre"/>
                  <SP HEIGHT="207" WIDTH="33" VPOS="3481" HPOS="1681"/>
                  <String HEIGHT="207"
                          WIDTH="697"
                          VPOS="3481"
                          HPOS="1582"
                          CONTENT="Kronoarbetskarlen"/>
                  <SP HEIGHT="207" WIDTH="33" VPOS="3481" HPOS="2279"/>
                  <String HEIGHT="207"
                          WIDTH="199"
                          VPOS="3481"
                          HPOS="2146"
                          CONTENT="Carl"/>
               </TextLine>
               <TextLine ID="r2l31"
                         BASELINE="484,3744 576,3740 669,3736 761,3730 854,3728 947,3724 1039,3721 1132,3718 1224,3715 1317,3713 1410,3711 1502,3710 1595,3708 1687,3706 1780,3706 1873,3704 1965,3704 2058,3704 2150,3704 2243,3704 2336,3704"
                         HEIGHT="183"
                         WIDTH="1880"
                         VPOS="3634"
                         HPOS="469">
                  <String HEIGHT="183"
                          WIDTH="336"
                          VPOS="3634"
                          HPOS="435"
                          CONTENT="August"/>
                  <SP HEIGHT="183" WIDTH="34" VPOS="3634" HPOS="771"/>
                  <String HEIGHT="183"
                          WIDTH="369"
                          VPOS="3634"
                          HPOS="670"
                          CONTENT="Olsson,"/>
                  <SP HEIGHT="183" WIDTH="34" VPOS="3634" HPOS="1040"/>
                  <String HEIGHT="183"
                          WIDTH="201"
                          VPOS="3634"
                          HPOS="939"
                          CONTENT="på"/>
                  <SP HEIGHT="183" WIDTH="34" VPOS="3634" HPOS="1140"/>
                  <String HEIGHT="183"
                          WIDTH="504"
                          VPOS="3634"
                          HPOS="1040"
                          CONTENT="Köpmangatan"/>
                  <SP HEIGHT="183" WIDTH="34" VPOS="3634" HPOS="1543"/>
                  <String HEIGHT="183"
                          WIDTH="336"
                          VPOS="3634"
                          HPOS="1443"
                          CONTENT="slitit"/>
                  <SP HEIGHT="183" WIDTH="34" VPOS="3634" HPOS="1778"/>
                  <String HEIGHT="183"
                          WIDTH="235"
                          VPOS="3634"
                          HPOS="1678"
                          CONTENT="sig"/>
                  <SP HEIGHT="183" WIDTH="34" VPOS="3634" HPOS="1913"/>
                  <String HEIGHT="183"
                          WIDTH="235"
                          VPOS="3634"
                          HPOS="1812"
                          CONTENT="lös"/>
                  <SP HEIGHT="183" WIDTH="34" VPOS="3634" HPOS="2047"/>
                  <String HEIGHT="183"
                          WIDTH="269"
                          VPOS="3634"
                          HPOS="1946"
                          CONTENT="från"/>
                  <SP HEIGHT="183" WIDTH="34" VPOS="3634" HPOS="2215"/>
                  <String HEIGHT="183"
                          WIDTH="269"
                          VPOS="3634"
                          HPOS="2080"
                          CONTENT="Olsson"/>
               </TextLine>
            </TextBlock>
            <TextBlock ID="TextRegion_1584707596006_726"
                       HEIGHT="2166"
                       WIDTH="1946"
                       VPOS="266"
                       HPOS="2548">
               <Shape>
                  <Polygon POINTS="2548,266 4494,266 4494,2355 2554,2432"/>
               </Shape>
               <TextLine ID="r3l1"
                         BASELINE="2568,340 2664,337 2760,334 2856,332 2952,329 3048,328 3144,326 3240,324 3336,324 3432,324 3529,322 3625,322 3721,322 3817,322 3913,322 4009,322 4105,322 4201,320 4297,320 4393,320 4490,318"
                         HEIGHT="145"
                         WIDTH="1946"
                         VPOS="229"
                         HPOS="2555">
                  <String HEIGHT="145"
                          WIDTH="227"
                          VPOS="229"
                          HPOS="2523"
                          CONTENT="och"/>
                  <SP HEIGHT="145" WIDTH="32" VPOS="229" HPOS="2750"/>
                  <String HEIGHT="145"
                          WIDTH="389"
                          VPOS="229"
                          HPOS="2652"
                          CONTENT="sprungit"/>
                  <SP HEIGHT="145" WIDTH="32" VPOS="229" HPOS="3042"/>
                  <String HEIGHT="145"
                          WIDTH="292"
                          VPOS="229"
                          HPOS="2944"
                          CONTENT="bort."/>
                  <SP HEIGHT="145" WIDTH="32" VPOS="229" HPOS="3236"/>
                  <String HEIGHT="145"
                          WIDTH="324"
                          VPOS="229"
                          HPOS="3139"
                          CONTENT="Olsson"/>
                  <SP HEIGHT="145" WIDTH="32" VPOS="229" HPOS="3463"/>
                  <String HEIGHT="145"
                          WIDTH="227"
                          VPOS="229"
                          HPOS="3366"
                          CONTENT="och"/>
                  <SP HEIGHT="145" WIDTH="32" VPOS="229" HPOS="3593"/>
                  <String HEIGHT="145"
                          WIDTH="616"
                          VPOS="229"
                          HPOS="3496"
                          CONTENT="Poliskonstapeln"/>
                  <SP HEIGHT="145" WIDTH="32" VPOS="229" HPOS="4112"/>
                  <String HEIGHT="145"
                          WIDTH="195"
                          VPOS="229"
                          HPOS="4015"
                          CONTENT="No"/>
                  <SP HEIGHT="145" WIDTH="32" VPOS="229" HPOS="4209"/>
                  <String HEIGHT="145"
                          WIDTH="195"
                          VPOS="229"
                          HPOS="4112"
                          CONTENT="50"/>
                  <SP HEIGHT="145" WIDTH="32" VPOS="229" HPOS="4306"/>
                  <String HEIGHT="145"
                          WIDTH="324"
                          VPOS="229"
                          HPOS="4177"
                          CONTENT="Persson,"/>
               </TextLine>
               <TextLine ID="r3l2"
                         BASELINE="2552,464 2649,457 2746,450 2843,445 2940,442 3037,440 3134,438 3231,438 3328,438 3425,438 3523,438 3620,440 3717,440 3814,440 3911,440 4008,440 4105,438 4202,436 4299,433 4396,427 4494,422"
                         HEIGHT="189"
                         WIDTH="1965"
                         VPOS="328"
                         HPOS="2540">
                  <String HEIGHT="189"
                          WIDTH="218"
                          VPOS="328"
                          HPOS="2509"
                          CONTENT="som"/>
                  <SP HEIGHT="189" WIDTH="31" VPOS="328" HPOS="2727"/>
                  <String HEIGHT="189"
                          WIDTH="281"
                          VPOS="328"
                          HPOS="2634"
                          CONTENT="under"/>
                  <SP HEIGHT="189" WIDTH="31" VPOS="328" HPOS="2914"/>
                  <String HEIGHT="189"
                          WIDTH="281"
                          VPOS="328"
                          HPOS="2821"
                          CONTENT="tiden"/>
                  <SP HEIGHT="189" WIDTH="31" VPOS="328" HPOS="3101"/>
                  <String HEIGHT="189"
                          WIDTH="468"
                          VPOS="328"
                          HPOS="3008"
                          CONTENT="tillkommit,"/>
                  <SP HEIGHT="189" WIDTH="31" VPOS="328" HPOS="3476"/>
                  <String HEIGHT="189"
                          WIDTH="250"
                          VPOS="328"
                          HPOS="3382"
                          CONTENT="hade"/>
                  <SP HEIGHT="189" WIDTH="31" VPOS="328" HPOS="3632"/>
                  <String HEIGHT="189"
                          WIDTH="187"
                          VPOS="328"
                          HPOS="3538"
                          CONTENT="då"/>
                  <SP HEIGHT="189" WIDTH="31" VPOS="328" HPOS="3725"/>
                  <String HEIGHT="189"
                          WIDTH="343"
                          VPOS="328"
                          HPOS="3632"
                          CONTENT="skyndat"/>
                  <SP HEIGHT="189" WIDTH="31" VPOS="328" HPOS="3975"/>
                  <String HEIGHT="189"
                          WIDTH="281"
                          VPOS="328"
                          HPOS="3881"
                          CONTENT="efter"/>
                  <SP HEIGHT="189" WIDTH="31" VPOS="328" HPOS="4162"/>
                  <String HEIGHT="189"
                          WIDTH="343"
                          VPOS="328"
                          HPOS="4068"
                          CONTENT="Olsson,"/>
                  <SP HEIGHT="189" WIDTH="31" VPOS="328" HPOS="4411"/>
                  <String HEIGHT="189"
                          WIDTH="218"
                          VPOS="328"
                          HPOS="4287"
                          CONTENT="hvil¬"
                          SUBS_TYPE="HypPart1"
                          SUBS_CONTENT="hvilken"/>
                  <HYP CONTENT="-"/>
               </TextLine>
               <TextLine ID="r3l3"
                         BASELINE="2548,588 2642,579 2737,571 2832,566 2926,560 3021,556 3116,554 3210,551 3305,550 3400,548 3495,548 3589,548 3684,548 3779,548 3873,548 3968,546 4063,545 4157,544 4252,540 4347,536 4442,532"
                         HEIGHT="150"
                         WIDTH="1919"
                         VPOS="459"
                         HPOS="2535">
                  <String HEIGHT="150"
                          WIDTH="224"
                          VPOS="459"
                          HPOS="2503"
                          CONTENT="ken"
                          SUBS_TYPE="HypPart2"
                          SUBS_CONTENT="hvilken"/>
                  <SP HEIGHT="150" WIDTH="32" VPOS="459" HPOS="2727"/>
                  <String HEIGHT="150"
                          WIDTH="384"
                          VPOS="459"
                          HPOS="2631"
                          CONTENT="sprungit"/>
                  <SP HEIGHT="150" WIDTH="32" VPOS="459" HPOS="3015"/>
                  <String HEIGHT="150"
                          WIDTH="192"
                          VPOS="459"
                          HPOS="2919"
                          CONTENT="in"/>
                  <SP HEIGHT="150" WIDTH="32" VPOS="459" HPOS="3111"/>
                  <String HEIGHT="150" WIDTH="160" VPOS="459" HPOS="3015" CONTENT="i"/>
                  <SP HEIGHT="150" WIDTH="32" VPOS="459" HPOS="3175"/>
                  <String HEIGHT="150"
                          WIDTH="288"
                          VPOS="459"
                          HPOS="3079"
                          CONTENT="huset"/>
                  <SP HEIGHT="150" WIDTH="32" VPOS="459" HPOS="3367"/>
                  <String HEIGHT="150"
                          WIDTH="192"
                          VPOS="459"
                          HPOS="3271"
                          CONTENT="No"/>
                  <SP HEIGHT="150" WIDTH="32" VPOS="459" HPOS="3463"/>
                  <String HEIGHT="150" WIDTH="160" VPOS="459" HPOS="3367" CONTENT="1"/>
                  <SP HEIGHT="150" WIDTH="32" VPOS="459" HPOS="3526"/>
                  <String HEIGHT="150"
                          WIDTH="224"
                          VPOS="459"
                          HPOS="3431"
                          CONTENT="vid"/>
                  <SP HEIGHT="150" WIDTH="32" VPOS="459" HPOS="3654"/>
                  <String HEIGHT="150"
                          WIDTH="288"
                          VPOS="459"
                          HPOS="3558"
                          CONTENT="Stora"/>
                  <SP HEIGHT="150" WIDTH="32" VPOS="459" HPOS="3846"/>
                  <String HEIGHT="150"
                          WIDTH="384"
                          VPOS="459"
                          HPOS="3750"
                          CONTENT="Nygatan,"/>
                  <SP HEIGHT="150" WIDTH="32" VPOS="459" HPOS="4134"/>
                  <String HEIGHT="150"
                          WIDTH="352"
                          VPOS="459"
                          HPOS="4038"
                          CONTENT="hvarest"/>
                  <SP HEIGHT="150" WIDTH="32" VPOS="459" HPOS="4390"/>
                  <String HEIGHT="150"
                          WIDTH="192"
                          VPOS="459"
                          HPOS="4294"
                          CONTENT="de"/>
                  <SP HEIGHT="150" WIDTH="32" VPOS="459" HPOS="4486"/>
                  <String HEIGHT="150" WIDTH="96" VPOS="459" HPOS="4358" CONTENT="å"/>
               </TextLine>
               <TextLine ID="r3l4"
                         BASELINE="2572,696 2654,690 2736,683 2818,678 2901,673 2983,669 3065,666 3148,662 3230,660 3312,658 3395,656 3477,656 3559,654 3641,654 3724,652 3806,652 3888,651 3971,650 4053,650 4135,648 4218,648"
                         HEIGHT="153"
                         WIDTH="1673"
                         VPOS="555"
                         HPOS="2557">
                  <String HEIGHT="153"
                          WIDTH="349"
                          VPOS="555"
                          HPOS="2522"
                          CONTENT="vinden"/>
                  <SP HEIGHT="153" WIDTH="35" VPOS="555" HPOS="2871"/>
                  <String HEIGHT="153"
                          WIDTH="488"
                          VPOS="555"
                          HPOS="2766"
                          CONTENT="påträffade"/>
                  <SP HEIGHT="153" WIDTH="35" VPOS="555" HPOS="3254"/>
                  <String HEIGHT="153"
                          WIDTH="383"
                          VPOS="555"
                          HPOS="3150"
                          CONTENT="Olsson,"/>
                  <SP HEIGHT="153" WIDTH="35" VPOS="555" HPOS="3533"/>
                  <String HEIGHT="153"
                          WIDTH="244"
                          VPOS="555"
                          HPOS="3428"
                          CONTENT="som"/>
                  <SP HEIGHT="153" WIDTH="35" VPOS="555" HPOS="3672"/>
                  <String HEIGHT="153"
                          WIDTH="244"
                          VPOS="555"
                          HPOS="3568"
                          CONTENT="der"/>
                  <SP HEIGHT="153" WIDTH="35" VPOS="555" HPOS="3812"/>
                  <String HEIGHT="153"
                          WIDTH="453"
                          VPOS="555"
                          HPOS="3707"
                          CONTENT="undangömt"/>
                  <SP HEIGHT="153" WIDTH="35" VPOS="555" HPOS="4160"/>
                  <String HEIGHT="153"
                          WIDTH="209"
                          VPOS="555"
                          HPOS="4021"
                          CONTENT="sig."/>
               </TextLine>
               <TextLine ID="r3l5"
                         BASELINE="2724,794 2811,789 2898,784 2985,779 3072,776 3159,772 3246,771 3333,768 3420,768 3507,766 3594,766 3681,764 3768,764 3855,764 3942,762 4029,762 4116,761 4203,760 4290,758 4377,756 4464,754"
                         HEIGHT="183"
                         WIDTH="1764"
                         VPOS="663"
                         HPOS="2712">
                  <String HEIGHT="183"
                          WIDTH="233"
                          VPOS="663"
                          HPOS="2679"
                          CONTENT="Wid"/>
                  <SP HEIGHT="183" WIDTH="33" VPOS="663" HPOS="2912"/>
                  <String HEIGHT="183"
                          WIDTH="233"
                          VPOS="663"
                          HPOS="2812"
                          CONTENT="det"/>
                  <SP HEIGHT="183" WIDTH="33" VPOS="663" HPOS="3045"/>
                  <String HEIGHT="183"
                          WIDTH="233"
                          VPOS="663"
                          HPOS="2945"
                          CONTENT="med"/>
                  <SP HEIGHT="183" WIDTH="33" VPOS="663" HPOS="3178"/>
                  <String HEIGHT="183"
                          WIDTH="333"
                          VPOS="663"
                          HPOS="3078"
                          CONTENT="Olsson"/>
                  <SP HEIGHT="183" WIDTH="33" VPOS="663" HPOS="3411"/>
                  <String HEIGHT="183" WIDTH="166" VPOS="663" HPOS="3311" CONTENT="i"/>
                  <SP HEIGHT="183" WIDTH="33" VPOS="663" HPOS="3478"/>
                  <String HEIGHT="183"
                          WIDTH="433"
                          VPOS="663"
                          HPOS="3378"
                          CONTENT="anledning"/>
                  <SP HEIGHT="183" WIDTH="33" VPOS="663" HPOS="3810"/>
                  <String HEIGHT="183"
                          WIDTH="300"
                          VPOS="663"
                          HPOS="3710"
                          CONTENT="häraf"/>
                  <SP HEIGHT="183" WIDTH="33" VPOS="663" HPOS="4010"/>
                  <String HEIGHT="183"
                          WIDTH="433"
                          VPOS="663"
                          HPOS="3910"
                          CONTENT="anställda"/>
                  <SP HEIGHT="183" WIDTH="33" VPOS="663" HPOS="4343"/>
                  <String HEIGHT="183"
                          WIDTH="266"
                          VPOS="663"
                          HPOS="4210"
                          CONTENT="förhör"/>
               </TextLine>
               <TextLine ID="r3l6"
                         BASELINE="2570,922 2665,917 2760,910 2855,906 2951,902 3046,898 3141,894 3237,891 3332,888 3427,886 3523,884 3618,882 3713,880 3808,878 3904,876 3999,874 4094,871 4190,870 4285,867 4380,864 4476,862"
                         HEIGHT="176"
                         WIDTH="1931"
                         VPOS="764"
                         HPOS="2556">
                  <String HEIGHT="176"
                          WIDTH="250"
                          VPOS="764"
                          HPOS="2520"
                          CONTENT="har"/>
                  <SP HEIGHT="176" WIDTH="36" VPOS="764" HPOS="2771"/>
                  <String HEIGHT="176"
                          WIDTH="250"
                          VPOS="764"
                          HPOS="2663"
                          CONTENT="han"/>
                  <SP HEIGHT="176" WIDTH="36" VPOS="764" HPOS="2914"/>
                  <String HEIGHT="176"
                          WIDTH="429"
                          VPOS="764"
                          HPOS="2806"
                          CONTENT="förnekat"/>
                  <SP HEIGHT="176" WIDTH="36" VPOS="764" HPOS="3235"/>
                  <String HEIGHT="176"
                          WIDTH="250"
                          VPOS="764"
                          HPOS="3128"
                          CONTENT="all"/>
                  <SP HEIGHT="176" WIDTH="36" VPOS="764" HPOS="3378"/>
                  <String HEIGHT="176"
                          WIDTH="429"
                          VPOS="764"
                          HPOS="3271"
                          CONTENT="kännedom"/>
                  <SP HEIGHT="176" WIDTH="36" VPOS="764" HPOS="3700"/>
                  <String HEIGHT="176"
                          WIDTH="215"
                          VPOS="764"
                          HPOS="3593"
                          CONTENT="om"/>
                  <SP HEIGHT="176" WIDTH="36" VPOS="764" HPOS="3808"/>
                  <String HEIGHT="176"
                          WIDTH="536"
                          VPOS="764"
                          HPOS="3700"
                          CONTENT="ifrågakomne"/>
                  <SP HEIGHT="176" WIDTH="36" VPOS="764" HPOS="4237"/>
                  <String HEIGHT="176"
                          WIDTH="393"
                          VPOS="764"
                          HPOS="4094"
                          CONTENT="tillgrepp"/>
               </TextLine>
               <TextLine ID="r3l7"
                         BASELINE="2582,1054 2674,1046 2766,1038 2859,1032 2951,1026 3044,1021 3136,1016 3228,1013 3321,1010 3413,1006 3506,1003 3598,1001 3690,998 3783,996 3875,992 3968,990 4060,986 4152,983 4245,978 4337,974 4430,968"
                         HEIGHT="214"
                         WIDTH="1877"
                         VPOS="877"
                         HPOS="2568">
                  <String HEIGHT="214"
                          WIDTH="296"
                          VPOS="877"
                          HPOS="2535"
                          CONTENT="under"/>
                  <SP HEIGHT="214" WIDTH="33" VPOS="877" HPOS="2831"/>
                  <String HEIGHT="214"
                          WIDTH="395"
                          VPOS="877"
                          HPOS="2733"
                          CONTENT="uppgift,"/>
                  <SP HEIGHT="214" WIDTH="33" VPOS="877" HPOS="3128"/>
                  <String HEIGHT="214"
                          WIDTH="231"
                          VPOS="877"
                          HPOS="3029"
                          CONTENT="att"/>
                  <SP HEIGHT="214" WIDTH="33" VPOS="877" HPOS="3260"/>
                  <String HEIGHT="214"
                          WIDTH="231"
                          VPOS="877"
                          HPOS="3161"
                          CONTENT="han"/>
                  <SP HEIGHT="214" WIDTH="33" VPOS="877" HPOS="3391"/>
                  <String HEIGHT="214"
                          WIDTH="395"
                          VPOS="877"
                          HPOS="3292"
                          CONTENT="Lördagen"/>
                  <SP HEIGHT="214" WIDTH="33" VPOS="877" HPOS="3688"/>
                  <String HEIGHT="214"
                          WIDTH="231"
                          VPOS="877"
                          HPOS="3589"
                          CONTENT="den"/>
                  <SP HEIGHT="214" WIDTH="33" VPOS="877" HPOS="3819"/>
                  <String HEIGHT="214" WIDTH="165" VPOS="877" HPOS="3721" CONTENT="5"/>
                  <SP HEIGHT="214" WIDTH="33" VPOS="877" HPOS="3885"/>
                  <String HEIGHT="214"
                          WIDTH="329"
                          VPOS="877"
                          HPOS="3786"
                          CONTENT="dennes"/>
                  <SP HEIGHT="214" WIDTH="33" VPOS="877" HPOS="4116"/>
                  <String HEIGHT="214"
                          WIDTH="198"
                          VPOS="877"
                          HPOS="4017"
                          CONTENT="på"/>
                  <SP HEIGHT="214" WIDTH="33" VPOS="877" HPOS="4214"/>
                  <String HEIGHT="214"
                          WIDTH="198"
                          VPOS="877"
                          HPOS="4116"
                          CONTENT="f."/>
                  <SP HEIGHT="214" WIDTH="33" VPOS="877" HPOS="4313"/>
                  <String HEIGHT="214"
                          WIDTH="263"
                          VPOS="877"
                          HPOS="4214"
                          CONTENT="midd"/>
                  <SP HEIGHT="214" WIDTH="33" VPOS="877" HPOS="4478"/>
                  <String HEIGHT="214" WIDTH="99" VPOS="877" HPOS="4346" CONTENT="å"/>
               </TextLine>
               <TextLine ID="r3l8"
                         BASELINE="2580,1160 2672,1154 2765,1148 2858,1144 2950,1140 3043,1136 3136,1133 3228,1131 3321,1128 3414,1124 3507,1122 3599,1120 3692,1116 3785,1113 3877,1110 3970,1106 4063,1102 4155,1097 4248,1093 4341,1086 4434,1080"
                         HEIGHT="242"
                         WIDTH="1881"
                         VPOS="982"
                         HPOS="2567">
                  <String HEIGHT="242"
                          WIDTH="495"
                          VPOS="982"
                          HPOS="2534"
                          CONTENT="Kungstorget"/>
                  <SP HEIGHT="242" WIDTH="33" VPOS="982" HPOS="3029"/>
                  <String HEIGHT="242"
                          WIDTH="198"
                          VPOS="982"
                          HPOS="2930"
                          CONTENT="af"/>
                  <SP HEIGHT="242" WIDTH="33" VPOS="982" HPOS="3128"/>
                  <String HEIGHT="242"
                          WIDTH="198"
                          VPOS="982"
                          HPOS="3029"
                          CONTENT="en"/>
                  <SP HEIGHT="242" WIDTH="33" VPOS="982" HPOS="3227"/>
                  <String HEIGHT="242"
                          WIDTH="231"
                          VPOS="982"
                          HPOS="3128"
                          CONTENT="för"/>
                  <SP HEIGHT="242" WIDTH="33" VPOS="982" HPOS="3359"/>
                  <String HEIGHT="242"
                          WIDTH="297"
                          VPOS="982"
                          HPOS="3260"
                          CONTENT="honom"/>
                  <SP HEIGHT="242" WIDTH="33" VPOS="982" HPOS="3557"/>
                  <String HEIGHT="242"
                          WIDTH="297"
                          VPOS="982"
                          HPOS="3458"
                          CONTENT="okänd"/>
                  <SP HEIGHT="242" WIDTH="33" VPOS="982" HPOS="3755"/>
                  <String HEIGHT="242"
                          WIDTH="462"
                          VPOS="982"
                          HPOS="3656"
                          CONTENT="mansperson"/>
                  <SP HEIGHT="242" WIDTH="33" VPOS="982" HPOS="4118"/>
                  <String HEIGHT="242"
                          WIDTH="231"
                          VPOS="982"
                          HPOS="4019"
                          CONTENT="för"/>
                  <SP HEIGHT="242" WIDTH="33" VPOS="982" HPOS="4250"/>
                  <String HEIGHT="242" WIDTH="165" VPOS="982" HPOS="4151" CONTENT="5"/>
                  <SP HEIGHT="242" WIDTH="33" VPOS="982" HPOS="4316"/>
                  <String HEIGHT="242"
                          WIDTH="264"
                          VPOS="982"
                          HPOS="4184"
                          CONTENT="Kronor"/>
               </TextLine>
               <TextLine ID="r3l9"
                         BASELINE="2580,1274 2675,1267 2770,1261 2865,1255 2961,1250 3056,1244 3151,1240 3247,1236 3342,1232 3437,1228 3533,1225 3628,1222 3723,1218 3818,1216 3914,1213 4009,1211 4104,1208 4200,1207 4295,1206 4390,1204 4486,1202"
                         HEIGHT="217"
                         WIDTH="1931"
                         VPOS="1117"
                         HPOS="2566">
                  <String HEIGHT="217"
                          WIDTH="257"
                          VPOS="1117"
                          HPOS="2534"
                          CONTENT="köpt"/>
                  <SP HEIGHT="217" WIDTH="32" VPOS="1117" HPOS="2791"/>
                  <String HEIGHT="217"
                          WIDTH="386"
                          VPOS="1117"
                          HPOS="2695"
                          CONTENT="kavajen,"/>
                  <SP HEIGHT="217" WIDTH="32" VPOS="1117" HPOS="3081"/>
                  <String HEIGHT="217"
                          WIDTH="225"
                          VPOS="1117"
                          HPOS="2984"
                          CONTENT="som"/>
                  <SP HEIGHT="217" WIDTH="32" VPOS="1117" HPOS="3210"/>
                  <String HEIGHT="217"
                          WIDTH="225"
                          VPOS="1117"
                          HPOS="3113"
                          CONTENT="han"/>
                  <SP HEIGHT="217" WIDTH="32" VPOS="1117" HPOS="3338"/>
                  <String HEIGHT="217"
                          WIDTH="225"
                          VPOS="1117"
                          HPOS="3242"
                          CONTENT="vid"/>
                  <SP HEIGHT="217" WIDTH="32" VPOS="1117" HPOS="3467"/>
                  <String HEIGHT="217"
                          WIDTH="483"
                          VPOS="1117"
                          HPOS="3371"
                          CONTENT="anhållandet"/>
                  <SP HEIGHT="217" WIDTH="32" VPOS="1117" HPOS="3853"/>
                  <String HEIGHT="217"
                          WIDTH="225"
                          VPOS="1117"
                          HPOS="3757"
                          CONTENT="var"/>
                  <SP HEIGHT="217" WIDTH="32" VPOS="1117" HPOS="3982"/>
                  <String HEIGHT="217"
                          WIDTH="354"
                          VPOS="1117"
                          HPOS="3886"
                          CONTENT="iklädd."/>
                  <SP HEIGHT="217" WIDTH="32" VPOS="1117" HPOS="4240"/>
                  <String HEIGHT="217"
                          WIDTH="386"
                          VPOS="1117"
                          HPOS="4111"
                          CONTENT="Förklaran¬"
                          SUBS_TYPE="HypPart1"
                          SUBS_CONTENT="Förklarande"/>
                  <HYP CONTENT="-"/>
               </TextLine>
               <TextLine ID="r3l10"
                         BASELINE="2576,1384 2670,1378 2764,1374 2858,1369 2953,1364 3047,1361 3141,1356 3236,1352 3330,1350 3424,1346 3519,1342 3613,1340 3707,1336 3801,1334 3896,1330 3990,1326 4084,1324 4179,1320 4273,1315 4367,1311 4462,1306"
                         HEIGHT="221"
                         WIDTH="1909"
                         VPOS="1241"
                         HPOS="2562">
                  <String HEIGHT="221"
                          WIDTH="188"
                          VPOS="1241"
                          HPOS="2531"
                          CONTENT="de"
                          SUBS_TYPE="HypPart2"
                          SUBS_CONTENT="Förklarande"/>
                  <SP HEIGHT="221" WIDTH="31" VPOS="1241" HPOS="2718"/>
                  <String HEIGHT="221"
                          WIDTH="344"
                          VPOS="1241"
                          HPOS="2625"
                          CONTENT="Olsson,"/>
                  <SP HEIGHT="221" WIDTH="31" VPOS="1241" HPOS="2969"/>
                  <String HEIGHT="221"
                          WIDTH="219"
                          VPOS="1241"
                          HPOS="2875"
                          CONTENT="att"/>
                  <SP HEIGHT="221" WIDTH="31" VPOS="1241" HPOS="3094"/>
                  <String HEIGHT="221"
                          WIDTH="250"
                          VPOS="1241"
                          HPOS="3000"
                          CONTENT="han,"/>
                  <SP HEIGHT="221" WIDTH="31" VPOS="1241" HPOS="3250"/>
                  <String HEIGHT="221"
                          WIDTH="219"
                          VPOS="1241"
                          HPOS="3157"
                          CONTENT="som"/>
                  <SP HEIGHT="221" WIDTH="31" VPOS="1241" HPOS="3376"/>
                  <String HEIGHT="221"
                          WIDTH="219"
                          VPOS="1241"
                          HPOS="3282"
                          CONTENT="för"/>
                  <SP HEIGHT="221" WIDTH="31" VPOS="1241" HPOS="3501"/>
                  <String HEIGHT="221"
                          WIDTH="344"
                          VPOS="1241"
                          HPOS="3407"
                          CONTENT="omkring"/>
                  <SP HEIGHT="221" WIDTH="31" VPOS="1241" HPOS="3751"/>
                  <String HEIGHT="221"
                          WIDTH="188"
                          VPOS="1241"
                          HPOS="3657"
                          CONTENT="14"/>
                  <SP HEIGHT="221" WIDTH="31" VPOS="1241" HPOS="3845"/>
                  <String HEIGHT="221"
                          WIDTH="282"
                          VPOS="1241"
                          HPOS="3751"
                          CONTENT="dagar"/>
                  <SP HEIGHT="221" WIDTH="31" VPOS="1241" HPOS="4033"/>
                  <String HEIGHT="221"
                          WIDTH="313"
                          VPOS="1241"
                          HPOS="3939"
                          CONTENT="sedan,"/>
                  <SP HEIGHT="221" WIDTH="31" VPOS="1241" HPOS="4252"/>
                  <String HEIGHT="221"
                          WIDTH="282"
                          VPOS="1241"
                          HPOS="4158"
                          CONTENT="efter"/>
                  <SP HEIGHT="221" WIDTH="31" VPOS="1241" HPOS="4440"/>
                  <String HEIGHT="221"
                          WIDTH="156"
                          VPOS="1241"
                          HPOS="4315"
                          CONTENT="att"/>
               </TextLine>
               <TextLine ID="r3l11"
                         BASELINE="2578,1490 2670,1484 2762,1480 2854,1476 2946,1472 3038,1468 3130,1464 3222,1461 3314,1458 3406,1454 3498,1451 3590,1447 3682,1444 3774,1442 3866,1438 3958,1436 4050,1434 4142,1430 4234,1428 4326,1426 4418,1424"
                         HEIGHT="220"
                         WIDTH="1868"
                         VPOS="1315"
                         HPOS="2564">
                  <String HEIGHT="220"
                          WIDTH="306"
                          VPOS="1315"
                          HPOS="2530"
                          CONTENT="hafva"/>
                  <SP HEIGHT="220" WIDTH="34" VPOS="1315" HPOS="2836"/>
                  <String HEIGHT="220"
                          WIDTH="306"
                          VPOS="1315"
                          HPOS="2734"
                          CONTENT="varit"/>
                  <SP HEIGHT="220" WIDTH="34" VPOS="1315" HPOS="3039"/>
                  <String HEIGHT="220"
                          WIDTH="170"
                          VPOS="1315"
                          HPOS="2938"
                          CONTENT="i"/>
                  <SP HEIGHT="220" WIDTH="34" VPOS="1315" HPOS="3107"/>
                  <String HEIGHT="220"
                          WIDTH="475"
                          VPOS="1315"
                          HPOS="3006"
                          CONTENT="Köpenhamn,"/>
                  <SP HEIGHT="220" WIDTH="34" VPOS="1315" HPOS="3481"/>
                  <String HEIGHT="220"
                          WIDTH="475"
                          VPOS="1315"
                          HPOS="3379"
                          CONTENT="återkommit"/>
                  <SP HEIGHT="220" WIDTH="34" VPOS="1315" HPOS="3855"/>
                  <String HEIGHT="220"
                          WIDTH="204"
                          VPOS="1315"
                          HPOS="3753"
                          CONTENT="ut"/>
                  <SP HEIGHT="220" WIDTH="34" VPOS="1315" HPOS="3957"/>
                  <String HEIGHT="220"
                          WIDTH="272"
                          VPOS="1315"
                          HPOS="3855"
                          CONTENT="till"/>
                  <SP HEIGHT="220" WIDTH="34" VPOS="1315" HPOS="4126"/>
                  <String HEIGHT="220"
                          WIDTH="374"
                          VPOS="1315"
                          HPOS="4024"
                          CONTENT="staden,"/>
                  <SP HEIGHT="220" WIDTH="34" VPOS="1315" HPOS="4398"/>
                  <String HEIGHT="220"
                          WIDTH="170"
                          VPOS="1315"
                          HPOS="4262"
                          CONTENT="ge¬"
                          SUBS_TYPE="HypPart1"
                          SUBS_CONTENT="genom"/>
                  <HYP CONTENT="-"/>
               </TextLine>
               <TextLine ID="r3l12"
                         BASELINE="2584,1608 2677,1601 2770,1595 2863,1591 2956,1586 3050,1580 3143,1578 3236,1574 3329,1570 3422,1566 3516,1564 3609,1562 3702,1558 3795,1556 3888,1554 3982,1551 4075,1548 4168,1546 4261,1542 4354,1539 4448,1536"
                         HEIGHT="205"
                         WIDTH="1893"
                         VPOS="1451"
                         HPOS="2569">
                  <String HEIGHT="205"
                          WIDTH="232"
                          VPOS="1451"
                          HPOS="2536"
                          CONTENT="nom"
                          SUBS_TYPE="HypPart2"
                          SUBS_CONTENT="genom"/>
                  <SP HEIGHT="205" WIDTH="33" VPOS="1451" HPOS="2768"/>
                  <String HEIGHT="205"
                          WIDTH="332"
                          VPOS="1451"
                          HPOS="2669"
                          CONTENT="arbete"/>
                  <SP HEIGHT="205" WIDTH="33" VPOS="1451" HPOS="3001"/>
                  <String HEIGHT="205"
                          WIDTH="166"
                          VPOS="1451"
                          HPOS="2901"
                          CONTENT="å"/>
                  <SP HEIGHT="205" WIDTH="33" VPOS="1451" HPOS="3067"/>
                  <String HEIGHT="205"
                          WIDTH="399"
                          VPOS="1451"
                          HPOS="2968"
                          CONTENT="Ångbåten"/>
                  <SP HEIGHT="205" WIDTH="33" VPOS="1451" HPOS="3366"/>
                  <String HEIGHT="205"
                          WIDTH="365"
                          VPOS="1451"
                          HPOS="3266"
                          CONTENT="&#34;Rollo&#34;"/>
                  <SP HEIGHT="205" WIDTH="33" VPOS="1451" HPOS="3632"/>
                  <String HEIGHT="205"
                          WIDTH="432"
                          VPOS="1451"
                          HPOS="3532"
                          CONTENT="förtjenat"/>
                  <SP HEIGHT="205" WIDTH="33" VPOS="1451" HPOS="3964"/>
                  <String HEIGHT="205"
                          WIDTH="199"
                          VPOS="1451"
                          HPOS="3864"
                          CONTENT="de"/>
                  <SP HEIGHT="205" WIDTH="33" VPOS="1451" HPOS="4063"/>
                  <String HEIGHT="205"
                          WIDTH="465"
                          VPOS="1451"
                          HPOS="3964"
                          CONTENT="penningar,"/>
                  <SP HEIGHT="205" WIDTH="33" VPOS="1451" HPOS="4429"/>
                  <String HEIGHT="205"
                          WIDTH="166"
                          VPOS="1451"
                          HPOS="4296"
                          CONTENT="för"/>
               </TextLine>
               <TextLine ID="r3l13"
                         BASELINE="2560,1728 2601,1724 2643,1721 2685,1717 2726,1714 2768,1712 2810,1710 2851,1708 2893,1706 2935,1704 2977,1702 3018,1700 3060,1700 3102,1698 3143,1697 3185,1696 3227,1695 3268,1694 3310,1692 3352,1690 3394,1690"
                         HEIGHT="161"
                         WIDTH="862"
                         VPOS="1608"
                         HPOS="2545">
                  <String HEIGHT="161"
                          WIDTH="359"
                          VPOS="1608"
                          HPOS="2509"
                          CONTENT="hvilka"/>
                  <SP HEIGHT="161" WIDTH="36" VPOS="1608" HPOS="2868"/>
                  <String HEIGHT="161"
                          WIDTH="251"
                          VPOS="1608"
                          HPOS="2761"
                          CONTENT="han"/>
                  <SP HEIGHT="161" WIDTH="36" VPOS="1608" HPOS="3012"/>
                  <String HEIGHT="161"
                          WIDTH="287"
                          VPOS="1608"
                          HPOS="2904"
                          CONTENT="köpt"/>
                  <SP HEIGHT="161" WIDTH="36" VPOS="1608" HPOS="3192"/>
                  <String HEIGHT="161"
                          WIDTH="359"
                          VPOS="1608"
                          HPOS="3048"
                          CONTENT="kavajen."/>
               </TextLine>
               <TextLine ID="r3l14"
                         BASELINE="2700,1824 2787,1820 2874,1815 2961,1812 3048,1808 3136,1805 3223,1802 3310,1798 3397,1796 3484,1794 3572,1792 3659,1789 3746,1786 3833,1784 3920,1781 4008,1778 4095,1776 4182,1772 4269,1769 4356,1764 4444,1760"
                         HEIGHT="199"
                         WIDTH="1773"
                         VPOS="1670"
                         HPOS="2685">
                  <String HEIGHT="199"
                          WIDTH="648"
                          VPOS="1670"
                          HPOS="2651"
                          CONTENT="Arbetsförmannen"/>
                  <SP HEIGHT="199" WIDTH="34" VPOS="1670" HPOS="3299"/>
                  <String HEIGHT="199"
                          WIDTH="205"
                          VPOS="1670"
                          HPOS="3196"
                          CONTENT="A."/>
                  <SP HEIGHT="199" WIDTH="34" VPOS="1670" HPOS="3401"/>
                  <String HEIGHT="199"
                          WIDTH="443"
                          VPOS="1670"
                          HPOS="3299"
                          CONTENT="Thunberg,"/>
                  <SP HEIGHT="199" WIDTH="34" VPOS="1670" HPOS="3742"/>
                  <String HEIGHT="199"
                          WIDTH="239"
                          VPOS="1670"
                          HPOS="3640"
                          CONTENT="som"/>
                  <SP HEIGHT="199" WIDTH="34" VPOS="1670" HPOS="3878"/>
                  <String HEIGHT="199"
                          WIDTH="409"
                          VPOS="1670"
                          HPOS="3776"
                          CONTENT="förestår"/>
                  <SP HEIGHT="199" WIDTH="34" VPOS="1670" HPOS="4185"/>
                  <String HEIGHT="199"
                          WIDTH="409"
                          VPOS="1670"
                          HPOS="4049"
                          CONTENT="stufnings¬"
                          SUBS_TYPE="HypPart1"
                          SUBS_CONTENT="stufningsarbetena"/>
                  <HYP CONTENT="-"/>
               </TextLine>
               <TextLine ID="r3l15"
                         BASELINE="2596,1936 2690,1930 2784,1925 2878,1920 2972,1918 3066,1914 3160,1911 3254,1908 3348,1907 3442,1906 3537,1904 3631,1902 3725,1900 3819,1898 3913,1896 4007,1894 4101,1891 4195,1888 4289,1884 4383,1880 4478,1874"
                         HEIGHT="180"
                         WIDTH="1911"
                         VPOS="1789"
                         HPOS="2581">
                  <String HEIGHT="180"
                          WIDTH="402"
                          VPOS="1789"
                          HPOS="2547"
                          CONTENT="arbetena"
                          SUBS_TYPE="HypPart2"
                          SUBS_CONTENT="stufningsarbetena"/>
                  <SP HEIGHT="180" WIDTH="34" VPOS="1789" HPOS="2950"/>
                  <String HEIGHT="180"
                          WIDTH="168"
                          VPOS="1789"
                          HPOS="2849"
                          CONTENT="å"/>
                  <SP HEIGHT="180" WIDTH="34" VPOS="1789" HPOS="3017"/>
                  <String HEIGHT="180"
                          WIDTH="402"
                          VPOS="1789"
                          HPOS="2916"
                          CONTENT="Ångbåten"/>
                  <SP HEIGHT="180" WIDTH="34" VPOS="1789" HPOS="3319"/>
                  <String HEIGHT="180"
                          WIDTH="335"
                          VPOS="1789"
                          HPOS="3218"
                          CONTENT="Rollo&#34;"/>
                  <SP HEIGHT="180" WIDTH="34" VPOS="1789" HPOS="3553"/>
                  <String HEIGHT="180"
                          WIDTH="235"
                          VPOS="1789"
                          HPOS="3453"
                          CONTENT="har"/>
                  <SP HEIGHT="180" WIDTH="34" VPOS="1789" HPOS="3687"/>
                  <String HEIGHT="180"
                          WIDTH="402"
                          VPOS="1789"
                          HPOS="3587"
                          CONTENT="upplyst,"/>
                  <SP HEIGHT="180" WIDTH="34" VPOS="1789" HPOS="3989"/>
                  <String HEIGHT="180"
                          WIDTH="235"
                          VPOS="1789"
                          HPOS="3889"
                          CONTENT="att"/>
                  <SP HEIGHT="180" WIDTH="34" VPOS="1789" HPOS="4123"/>
                  <String HEIGHT="180"
                          WIDTH="335"
                          VPOS="1789"
                          HPOS="4023"
                          CONTENT="Olsson"/>
                  <SP HEIGHT="180" WIDTH="34" VPOS="1789" HPOS="4358"/>
                  <String HEIGHT="180"
                          WIDTH="268"
                          VPOS="1789"
                          HPOS="4224"
                          CONTENT="aldrig"/>
               </TextLine>
               <TextLine ID="r3l16"
                         BASELINE="2590,2042 2635,2040 2680,2038 2726,2035 2771,2032 2817,2030 2862,2029 2907,2028 2953,2026 2998,2024 3044,2024 3089,2022 3134,2022 3180,2022 3225,2022 3271,2022 3316,2020 3361,2020 3407,2020 3452,2021 3498,2022"
                         HEIGHT="168"
                         WIDTH="933"
                         VPOS="1924"
                         HPOS="2577">
                  <String HEIGHT="168"
                          WIDTH="411"
                          VPOS="1924"
                          HPOS="2540"
                          CONTENT="arbetat"/>
                  <SP HEIGHT="168" WIDTH="37" VPOS="1924" HPOS="2950"/>
                  <String HEIGHT="168"
                          WIDTH="187"
                          VPOS="1924"
                          HPOS="2838"
                          CONTENT="å"/>
                  <SP HEIGHT="168" WIDTH="37" VPOS="1924" HPOS="3025"/>
                  <String HEIGHT="168"
                          WIDTH="411"
                          VPOS="1924"
                          HPOS="2913"
                          CONTENT="berörde"/>
                  <SP HEIGHT="168" WIDTH="37" VPOS="1924" HPOS="3323"/>
                  <String HEIGHT="168"
                          WIDTH="336"
                          VPOS="1924"
                          HPOS="3174"
                          CONTENT="ångbåt."/>
               </TextLine>
               <TextLine ID="r3l17"
                         BASELINE="2756,2154 2838,2150 2920,2146 3002,2142 3085,2139 3167,2136 3249,2133 3332,2130 3414,2128 3496,2126 3579,2124 3661,2122 3743,2120 3825,2118 3908,2116 3990,2114 4072,2114 4155,2112 4237,2112 4319,2110 4402,2110"
                         HEIGHT="202"
                         WIDTH="1670"
                         VPOS="2008"
                         HPOS="2742">
                  <String HEIGHT="202"
                          WIDTH="233"
                          VPOS="2008"
                          HPOS="2703"
                          CONTENT="På"/>
                  <SP HEIGHT="202" WIDTH="39" VPOS="2008" HPOS="2936"/>
                  <String HEIGHT="202"
                          WIDTH="350"
                          VPOS="2008"
                          HPOS="2820"
                          CONTENT="grund"/>
                  <SP HEIGHT="202" WIDTH="39" VPOS="2008" HPOS="3169"/>
                  <String HEIGHT="202"
                          WIDTH="233"
                          VPOS="2008"
                          HPOS="3053"
                          CONTENT="af"/>
                  <SP HEIGHT="202" WIDTH="39" VPOS="2008" HPOS="3286"/>
                  <String HEIGHT="202"
                          WIDTH="311"
                          VPOS="2008"
                          HPOS="3169"
                          CONTENT="hvad"/>
                  <SP HEIGHT="202" WIDTH="39" VPOS="2008" HPOS="3480"/>
                  <String HEIGHT="202"
                          WIDTH="427"
                          VPOS="2008"
                          HPOS="3363"
                          CONTENT="sålunda"/>
                  <SP HEIGHT="202" WIDTH="39" VPOS="2008" HPOS="3791"/>
                  <String HEIGHT="202"
                          WIDTH="583"
                          VPOS="2008"
                          HPOS="3674"
                          CONTENT="förekommit,"/>
                  <SP HEIGHT="202" WIDTH="39" VPOS="2008" HPOS="4257"/>
                  <String HEIGHT="202"
                          WIDTH="311"
                          VPOS="2008"
                          HPOS="4101"
                          CONTENT="kommer"/>
               </TextLine>
               <TextLine ID="r3l18"
                         BASELINE="2596,2284 2688,2280 2781,2274 2873,2270 2966,2266 3058,2262 3151,2258 3243,2255 3336,2252 3428,2248 3521,2246 3613,2244 3706,2242 3798,2238 3891,2236 3983,2234 4076,2232 4168,2230 4261,2227 4353,2225 4446,2222"
                         HEIGHT="210"
                         WIDTH="1879"
                         VPOS="2136"
                         HPOS="2581">
                  <String HEIGHT="210"
                          WIDTH="301"
                          VPOS="2136"
                          HPOS="2543"
                          CONTENT="Carl"/>
                  <SP HEIGHT="210" WIDTH="38" VPOS="2136" HPOS="2844"/>
                  <String HEIGHT="210"
                          WIDTH="376"
                          VPOS="2136"
                          HPOS="2731"
                          CONTENT="August"/>
                  <SP HEIGHT="210" WIDTH="38" VPOS="2136" HPOS="3107"/>
                  <String HEIGHT="210"
                          WIDTH="376"
                          VPOS="2136"
                          HPOS="2994"
                          CONTENT="Olsson"/>
                  <SP HEIGHT="210" WIDTH="38" VPOS="2136" HPOS="3370"/>
                  <String HEIGHT="210"
                          WIDTH="263"
                          VPOS="2136"
                          HPOS="3257"
                          CONTENT="att"/>
                  <SP HEIGHT="210" WIDTH="38" VPOS="2136" HPOS="3521"/>
                  <String HEIGHT="210"
                          WIDTH="338"
                          VPOS="2136"
                          HPOS="3408"
                          CONTENT="denna"/>
                  <SP HEIGHT="210" WIDTH="38" VPOS="2136" HPOS="3746"/>
                  <String HEIGHT="210"
                          WIDTH="263"
                          VPOS="2136"
                          HPOS="3633"
                          CONTENT="dag"/>
                  <SP HEIGHT="210" WIDTH="38" VPOS="2136" HPOS="3896"/>
                  <String HEIGHT="210"
                          WIDTH="263"
                          VPOS="2136"
                          HPOS="3784"
                          CONTENT="för"/>
                  <SP HEIGHT="210" WIDTH="38" VPOS="2136" HPOS="4047"/>
                  <String HEIGHT="210"
                          WIDTH="564"
                          VPOS="2136"
                          HPOS="3896"
                          CONTENT="Poliskammaren"/>
               </TextLine>
               <TextLine ID="line_1584707611075_731"
                         BASELINE="2598,2400 2820,2394 3191,2382 3390,2378 3638,2355 3817,2351 3934,2351"
                         HEIGHT="203"
                         WIDTH="1362"
                         VPOS="2255"
                         HPOS="2582">
                  <String HEIGHT="203"
                          WIDTH="530"
                          VPOS="2255"
                          HPOS="2544"
                          CONTENT="inställas."/>
                  <SP HEIGHT="203" WIDTH="38" VPOS="2255" HPOS="3074"/>
                  <String HEIGHT="203"
                          WIDTH="454"
                          VPOS="2255"
                          HPOS="2960"
                          CONTENT="Göteborg"/>
                  <SP HEIGHT="203" WIDTH="38" VPOS="2255" HPOS="3414"/>
                  <String HEIGHT="203"
                          WIDTH="265"
                          VPOS="2255"
                          HPOS="3301"
                          CONTENT="den"/>
                  <SP HEIGHT="203" WIDTH="38" VPOS="2255" HPOS="3566"/>
                  <String HEIGHT="203"
                          WIDTH="189"
                          VPOS="2255"
                          HPOS="3452"
                          CONTENT="8"/>
                  <SP HEIGHT="203" WIDTH="38" VPOS="2255" HPOS="3641"/>
                  <String HEIGHT="203"
                          WIDTH="303"
                          VPOS="2255"
                          HPOS="3528"
                          CONTENT="Juni"/>
                  <SP HEIGHT="203" WIDTH="38" VPOS="2255" HPOS="3831"/>
                  <String HEIGHT="203"
                          WIDTH="265"
                          VPOS="2255"
                          HPOS="3679"
                          CONTENT="1880."/>
               </TextLine>
            </TextBlock>
            <TextBlock ID="TextRegion_1584707571789_660"
                       HEIGHT="262"
                       WIDTH="354"
                       VPOS="2398"
                       HPOS="4484">
               <Shape>
                  <Polygon POINTS="4484,2398 4838,2398 4838,2660 4484,2660"/>
               </Shape>
               <TextLine ID="r4l1"
                         BASELINE="4484,2452 4510,2450 4537,2448 4564,2448 4590,2446 4617,2446 4644,2444 4671,2444 4697,2444 4724,2444 4751,2443 4778,2442"
                         HEIGHT="115"
                         WIDTH="322"
                         VPOS="2348"
                         HPOS="4469">
                  <String HEIGHT="115"
                          WIDTH="276"
                          VPOS="2348"
                          HPOS="4423"
                          CONTENT="No"/>
                  <SP HEIGHT="115" WIDTH="46" VPOS="2348" HPOS="4699"/>
                  <String HEIGHT="115"
                          WIDTH="276"
                          VPOS="2348"
                          HPOS="4515"
                          CONTENT="128."/>
               </TextLine>
               <TextLine ID="r4l2"
                         BASELINE="4486,2566 4511,2566 4536,2563 4561,2562 4586,2559 4611,2557 4636,2555 4662,2553 4687,2552 4712,2551 4737,2549 4762,2547 4787,2545 4812,2543 4838,2542"
                         HEIGHT="96"
                         WIDTH="382"
                         VPOS="2493"
                         HPOS="4471">
                  <String HEIGHT="96"
                          WIDTH="229"
                          VPOS="2493"
                          HPOS="4446"
                          CONTENT="Johan"/>
                  <SP HEIGHT="96" WIDTH="25" VPOS="2493" HPOS="4675"/>
                  <String HEIGHT="96"
                          WIDTH="280"
                          VPOS="2493"
                          HPOS="4573"
                          CONTENT="Alexander"/>
               </TextLine>
               <TextLine ID="r4l3"
                         BASELINE="4500,2636 4526,2633 4552,2632 4579,2630 4605,2627 4631,2625 4658,2622"
                         HEIGHT="118"
                         WIDTH="189"
                         VPOS="2557"
                         HPOS="4483">
                  <String HEIGHT="118"
                          WIDTH="236"
                          VPOS="2557"
                          HPOS="4436"
                          CONTENT="Larsson."/>
               </TextLine>
            </TextBlock>
            <TextBlock ID="TextRegion_1584707596006_725"
                       HEIGHT="1458"
                       WIDTH="1956"
                       VPOS="2384"
                       HPOS="2542">
               <Shape>
                  <Polygon POINTS="2542,2456 4494,2384 4498,3842 2552,3842"/>
               </Shape>
               <TextLine ID="r3l20"
                         BASELINE="2680,2516 2767,2512 2854,2510 2941,2506 3029,2502 3116,2498 3203,2494 3291,2492 3378,2488 3465,2485 3553,2482 3640,2478 3727,2476 3814,2472 3902,2470 3989,2466 4076,2464 4164,2462 4251,2459 4338,2456 4426,2454"
                         HEIGHT="207"
                         WIDTH="1771"
                         VPOS="2363"
                         HPOS="2664">
                  <String HEIGHT="207"
                          WIDTH="382"
                          VPOS="2363"
                          HPOS="2629"
                          CONTENT="Hustrun"/>
                  <SP HEIGHT="207" WIDTH="35" VPOS="2363" HPOS="3011"/>
                  <String HEIGHT="207"
                          WIDTH="382"
                          VPOS="2363"
                          HPOS="2907"
                          CONTENT="Johanna"/>
                  <SP HEIGHT="207" WIDTH="35" VPOS="2363" HPOS="3289"/>
                  <String HEIGHT="207"
                          WIDTH="417"
                          VPOS="2363"
                          HPOS="3185"
                          CONTENT="Mattsson"/>
                  <SP HEIGHT="207" WIDTH="35" VPOS="2363" HPOS="3602"/>
                  <String HEIGHT="207"
                          WIDTH="278"
                          VPOS="2363"
                          HPOS="3497"
                          CONTENT="från"/>
                  <SP HEIGHT="207" WIDTH="35" VPOS="2363" HPOS="3775"/>
                  <String HEIGHT="207"
                          WIDTH="556"
                          VPOS="2363"
                          HPOS="3671"
                          CONTENT="Mellangården"/>
                  <SP HEIGHT="207" WIDTH="35" VPOS="2363" HPOS="4227"/>
                  <String HEIGHT="207"
                          WIDTH="174"
                          VPOS="2363"
                          HPOS="4122"
                          CONTENT="i"/>
                  <SP HEIGHT="207" WIDTH="35" VPOS="2363" HPOS="4296"/>
                  <String HEIGHT="207"
                          WIDTH="278"
                          VPOS="2363"
                          HPOS="4157"
                          CONTENT="Ödenäs"/>
               </TextLine>
               <TextLine ID="r3l21"
                         BASELINE="2604,2634 2694,2628 2785,2622 2875,2616 2966,2612 3057,2607 3147,2603 3238,2598 3328,2594 3419,2590 3510,2587 3600,2584 3691,2580 3781,2578 3872,2576 3963,2572 4053,2570 4144,2567 4234,2564 4325,2562 4416,2560"
                         HEIGHT="157"
                         WIDTH="1842"
                         VPOS="2504"
                         HPOS="2587">
                  <String HEIGHT="157"
                          WIDTH="307"
                          VPOS="2504"
                          HPOS="2556"
                          CONTENT="socken"/>
                  <SP HEIGHT="157" WIDTH="31" VPOS="2504" HPOS="2863"/>
                  <String HEIGHT="157"
                          WIDTH="184"
                          VPOS="2504"
                          HPOS="2771"
                          CONTENT="af"/>
                  <SP HEIGHT="157" WIDTH="31" VPOS="2504" HPOS="2955"/>
                  <String HEIGHT="157"
                          WIDTH="368"
                          VPOS="2504"
                          HPOS="2863"
                          CONTENT="Kullings"/>
                  <SP HEIGHT="157" WIDTH="31" VPOS="2504" HPOS="3232"/>
                  <String HEIGHT="157"
                          WIDTH="276"
                          VPOS="2504"
                          HPOS="3140"
                          CONTENT="härad"/>
                  <SP HEIGHT="157" WIDTH="31" VPOS="2504" HPOS="3416"/>
                  <String HEIGHT="157"
                          WIDTH="399"
                          VPOS="2504"
                          HPOS="3324"
                          CONTENT="Elfsborgs"/>
                  <SP HEIGHT="157" WIDTH="31" VPOS="2504" HPOS="3723"/>
                  <String HEIGHT="157"
                          WIDTH="215"
                          VPOS="2504"
                          HPOS="3631"
                          CONTENT="län"/>
                  <SP HEIGHT="157" WIDTH="31" VPOS="2504" HPOS="3846"/>
                  <String HEIGHT="157"
                          WIDTH="215"
                          VPOS="2504"
                          HPOS="3754"
                          CONTENT="har"/>
                  <SP HEIGHT="157" WIDTH="31" VPOS="2504" HPOS="3969"/>
                  <String HEIGHT="157"
                          WIDTH="368"
                          VPOS="2504"
                          HPOS="3876"
                          CONTENT="tisdagen"/>
                  <SP HEIGHT="157" WIDTH="31" VPOS="2504" HPOS="4245"/>
                  <String HEIGHT="157"
                          WIDTH="215"
                          VPOS="2504"
                          HPOS="4153"
                          CONTENT="den"/>
                  <SP HEIGHT="157" WIDTH="31" VPOS="2504" HPOS="4368"/>
                  <String HEIGHT="157"
                          WIDTH="154"
                          VPOS="2504"
                          HPOS="4276"
                          CONTENT="8"/>
                  <SP HEIGHT="157" WIDTH="31" VPOS="2504" HPOS="4429"/>
                  <String HEIGHT="157"
                          WIDTH="123"
                          VPOS="2504"
                          HPOS="4306"
                          CONTENT="ds"/>
               </TextLine>
               <TextLine ID="r3l22"
                         BASELINE="2592,2744 2684,2739 2777,2735 2869,2730 2962,2725 3054,2720 3147,2716 3239,2713 3332,2708 3424,2705 3517,2700 3609,2697 3702,2694 3794,2690 3887,2686 3979,2682 4072,2678 4164,2674 4257,2671 4349,2666 4442,2662"
                         HEIGHT="206"
                         WIDTH="1878"
                         VPOS="2584"
                         HPOS="2579">
                  <String HEIGHT="206"
                          WIDTH="323"
                          VPOS="2584"
                          HPOS="2550"
                          CONTENT="anmält,"/>
                  <SP HEIGHT="206" WIDTH="29" VPOS="2584" HPOS="2872"/>
                  <String HEIGHT="206"
                          WIDTH="205"
                          VPOS="2584"
                          HPOS="2784"
                          CONTENT="att"/>
                  <SP HEIGHT="206" WIDTH="29" VPOS="2584" HPOS="2990"/>
                  <String HEIGHT="206"
                          WIDTH="205"
                          VPOS="2584"
                          HPOS="2902"
                          CONTENT="hon"/>
                  <SP HEIGHT="206" WIDTH="29" VPOS="2584" HPOS="3107"/>
                  <String HEIGHT="206"
                          WIDTH="264"
                          VPOS="2584"
                          HPOS="3019"
                          CONTENT="sagde"/>
                  <SP HEIGHT="206" WIDTH="29" VPOS="2584" HPOS="3283"/>
                  <String HEIGHT="206"
                          WIDTH="205"
                          VPOS="2584"
                          HPOS="3195"
                          CONTENT="dag"/>
                  <SP HEIGHT="206" WIDTH="29" VPOS="2584" HPOS="3401"/>
                  <String HEIGHT="206"
                          WIDTH="205"
                          VPOS="2584"
                          HPOS="3313"
                          CONTENT="kl."/>
                  <SP HEIGHT="206" WIDTH="29" VPOS="2584" HPOS="3518"/>
                  <String HEIGHT="206"
                          WIDTH="323"
                          VPOS="2584"
                          HPOS="3430"
                          CONTENT="omkring"/>
                  <SP HEIGHT="206" WIDTH="29" VPOS="2584" HPOS="3753"/>
                  <String HEIGHT="206"
                          WIDTH="147"
                          VPOS="2584"
                          HPOS="3665"
                          CONTENT="3"/>
                  <SP HEIGHT="206" WIDTH="29" VPOS="2584" HPOS="3811"/>
                  <String HEIGHT="206"
                          WIDTH="235"
                          VPOS="2584"
                          HPOS="3723"
                          CONTENT="eft."/>
                  <SP HEIGHT="206" WIDTH="29" VPOS="2584" HPOS="3958"/>
                  <String HEIGHT="206"
                          WIDTH="264"
                          VPOS="2584"
                          HPOS="3870"
                          CONTENT="midd."/>
                  <SP HEIGHT="206" WIDTH="29" VPOS="2584" HPOS="4134"/>
                  <String HEIGHT="206"
                          WIDTH="147"
                          VPOS="2584"
                          HPOS="4046"
                          CONTENT="å"/>
                  <SP HEIGHT="206" WIDTH="29" VPOS="2584" HPOS="4193"/>
                  <String HEIGHT="206"
                          WIDTH="264"
                          VPOS="2584"
                          HPOS="4105"
                          CONTENT="Östra"/>
                  <SP HEIGHT="206" WIDTH="29" VPOS="2584" HPOS="4369"/>
                  <String HEIGHT="206"
                          WIDTH="205"
                          VPOS="2584"
                          HPOS="4252"
                          CONTENT="Larm¬"
                          SUBS_TYPE="HypPart1"
                          SUBS_CONTENT="Larmgatan"/>
                  <HYP CONTENT="-"/>
               </TextLine>
               <TextLine ID="r3l23"
                         BASELINE="2584,2866 2677,2860 2770,2855 2863,2849 2956,2844 3049,2840 3142,2835 3235,2830 3328,2827 3421,2822 3514,2818 3607,2814 3700,2810 3793,2806 3886,2802 3979,2796 4072,2792 4165,2788 4258,2782 4351,2778 4444,2772"
                         HEIGHT="219"
                         WIDTH="1892"
                         VPOS="2711"
                         HPOS="2566">
                  <String HEIGHT="219"
                          WIDTH="310"
                          VPOS="2711"
                          HPOS="2532"
                          CONTENT="gatan"
                          SUBS_TYPE="HypPart2"
                          SUBS_CONTENT="Larmgatan"/>
                  <SP HEIGHT="219" WIDTH="34" VPOS="2711" HPOS="2841"/>
                  <String HEIGHT="219"
                          WIDTH="585"
                          VPOS="2711"
                          HPOS="2738"
                          CONTENT="sammanträffat"/>
                  <SP HEIGHT="219" WIDTH="34" VPOS="2711" HPOS="3323"/>
                  <String HEIGHT="219"
                          WIDTH="241"
                          VPOS="2711"
                          HPOS="3220"
                          CONTENT="med"/>
                  <SP HEIGHT="219" WIDTH="34" VPOS="2711" HPOS="3460"/>
                  <String HEIGHT="219"
                          WIDTH="206"
                          VPOS="2711"
                          HPOS="3357"
                          CONTENT="en"/>
                  <SP HEIGHT="219" WIDTH="34" VPOS="2711" HPOS="3564"/>
                  <String HEIGHT="219"
                          WIDTH="310"
                          VPOS="2711"
                          HPOS="3460"
                          CONTENT="okänd"/>
                  <SP HEIGHT="219" WIDTH="34" VPOS="2711" HPOS="3770"/>
                  <String HEIGHT="219"
                          WIDTH="516"
                          VPOS="2711"
                          HPOS="3667"
                          CONTENT="mansperson,"/>
                  <SP HEIGHT="219" WIDTH="34" VPOS="2711" HPOS="4183"/>
                  <String HEIGHT="219"
                          WIDTH="378"
                          VPOS="2711"
                          HPOS="4080"
                          CONTENT="hvilken"/>
                  <SP HEIGHT="219" WIDTH="34" VPOS="2711" HPOS="4458"/>
                  <String HEIGHT="219"
                          WIDTH="138"
                          VPOS="2711"
                          HPOS="4320"
                          CONTENT="nu"/>
               </TextLine>
               <TextLine ID="r3l24"
                         BASELINE="2596,2980 2687,2974 2779,2967 2870,2962 2962,2957 3053,2952 3145,2948 3236,2944 3328,2940 3419,2937 3511,2934 3602,2930 3694,2927 3785,2922 3877,2919 3968,2914 4060,2910 4151,2904 4243,2900 4334,2893 4426,2888"
                         HEIGHT="245"
                         WIDTH="1858"
                         VPOS="2804"
                         HPOS="2581">
                  <String HEIGHT="245"
                          WIDTH="403"
                          VPOS="2804"
                          HPOS="2550"
                          CONTENT="befunnits"/>
                  <SP HEIGHT="245" WIDTH="31" VPOS="2804" HPOS="2953"/>
                  <String HEIGHT="245"
                          WIDTH="248"
                          VPOS="2804"
                          HPOS="2860"
                          CONTENT="vara"/>
                  <SP HEIGHT="245" WIDTH="31" VPOS="2804" HPOS="3107"/>
                  <String HEIGHT="245"
                          WIDTH="217"
                          VPOS="2804"
                          HPOS="3015"
                          CONTENT="för"/>
                  <SP HEIGHT="245" WIDTH="31" VPOS="2804" HPOS="3231"/>
                  <String HEIGHT="245"
                          WIDTH="310"
                          VPOS="2804"
                          HPOS="3138"
                          CONTENT="fjerde"/>
                  <SP HEIGHT="245" WIDTH="31" VPOS="2804" HPOS="3448"/>
                  <String HEIGHT="245"
                          WIDTH="279"
                          VPOS="2804"
                          HPOS="3355"
                          CONTENT="resan"/>
                  <SP HEIGHT="245" WIDTH="31" VPOS="2804" HPOS="3634"/>
                  <String HEIGHT="245"
                          WIDTH="279"
                          VPOS="2804"
                          HPOS="3541"
                          CONTENT="stöld"/>
                  <SP HEIGHT="245" WIDTH="31" VPOS="2804" HPOS="3820"/>
                  <String HEIGHT="245"
                          WIDTH="403"
                          VPOS="2804"
                          HPOS="3727"
                          CONTENT="straffade"/>
                  <SP HEIGHT="245" WIDTH="31" VPOS="2804" HPOS="4129"/>
                  <String HEIGHT="245"
                          WIDTH="279"
                          VPOS="2804"
                          HPOS="4036"
                          CONTENT="förre"/>
                  <SP HEIGHT="245" WIDTH="31" VPOS="2804" HPOS="4315"/>
                  <String HEIGHT="245"
                          WIDTH="248"
                          VPOS="2804"
                          HPOS="4191"
                          CONTENT="Krono¬"
                          SUBS_TYPE="HypPart1"
                          SUBS_CONTENT="Kronoarbetskarlen"/>
                  <HYP CONTENT="-"/>
               </TextLine>
               <TextLine ID="r3l25"
                         BASELINE="2586,3074 2677,3070 2769,3064 2861,3060 2953,3057 3045,3053 3137,3049 3229,3045 3321,3042 3413,3038 3505,3036 3596,3032 3688,3028 3780,3026 3872,3022 3964,3020 4056,3016 4148,3013 4240,3010 4332,3007 4424,3004"
                         HEIGHT="205"
                         WIDTH="1863"
                         VPOS="2932"
                         HPOS="2573">
                  <String HEIGHT="205"
                          WIDTH="514"
                          VPOS="2932"
                          HPOS="2541"
                          CONTENT="arbetskarlen"
                          SUBS_TYPE="HypPart2"
                          SUBS_CONTENT="Kronoarbetskarlen"/>
                  <SP HEIGHT="205" WIDTH="32" VPOS="2932" HPOS="3055"/>
                  <String HEIGHT="205"
                          WIDTH="289"
                          VPOS="2932"
                          HPOS="2958"
                          CONTENT="Johan"/>
                  <SP HEIGHT="205" WIDTH="32" VPOS="2932" HPOS="3248"/>
                  <String HEIGHT="205"
                          WIDTH="418"
                          VPOS="2932"
                          HPOS="3151"
                          CONTENT="Alexander"/>
                  <SP HEIGHT="205" WIDTH="32" VPOS="2932" HPOS="3569"/>
                  <String HEIGHT="205"
                          WIDTH="385"
                          VPOS="2932"
                          HPOS="3472"
                          CONTENT="Larsson,"/>
                  <SP HEIGHT="205" WIDTH="32" VPOS="2932" HPOS="3858"/>
                  <String HEIGHT="205"
                          WIDTH="353"
                          VPOS="2932"
                          HPOS="3761"
                          CONTENT="hvarvid"/>
                  <SP HEIGHT="205" WIDTH="32" VPOS="2932" HPOS="4115"/>
                  <String HEIGHT="205"
                          WIDTH="353"
                          VPOS="2932"
                          HPOS="4018"
                          CONTENT="Larsson"/>
                  <SP HEIGHT="205" WIDTH="32" VPOS="2932" HPOS="4372"/>
                  <String HEIGHT="205"
                          WIDTH="193"
                          VPOS="2932"
                          HPOS="4243"
                          CONTENT="till"/>
               </TextLine>
               <TextLine ID="r3l26"
                         BASELINE="2588,3190 2678,3184 2769,3178 2860,3174 2950,3169 3041,3164 3132,3160 3222,3158 3313,3154 3404,3150 3495,3148 3585,3144 3676,3140 3767,3137 3857,3134 3948,3129 4039,3126 4129,3120 4220,3114 4311,3110 4402,3102"
                         HEIGHT="235"
                         WIDTH="1842"
                         VPOS="3025"
                         HPOS="2574">
                  <String HEIGHT="235"
                          WIDTH="296"
                          VPOS="3025"
                          HPOS="2541"
                          CONTENT="henne"/>
                  <SP HEIGHT="235" WIDTH="33" VPOS="3025" HPOS="2837"/>
                  <String HEIGHT="235"
                          WIDTH="395"
                          VPOS="3025"
                          HPOS="2738"
                          CONTENT="utbjudit"/>
                  <SP HEIGHT="235" WIDTH="33" VPOS="3025" HPOS="3133"/>
                  <String HEIGHT="235"
                          WIDTH="197"
                          VPOS="3025"
                          HPOS="3035"
                          CONTENT="en"/>
                  <SP HEIGHT="235" WIDTH="33" VPOS="3025" HPOS="3232"/>
                  <String HEIGHT="235"
                          WIDTH="263"
                          VPOS="3025"
                          HPOS="3133"
                          CONTENT="ring"/>
                  <SP HEIGHT="235" WIDTH="33" VPOS="3025" HPOS="3396"/>
                  <String HEIGHT="235"
                          WIDTH="197"
                          VPOS="3025"
                          HPOS="3298"
                          CONTENT="af"/>
                  <SP HEIGHT="235" WIDTH="33" VPOS="3025" HPOS="3495"/>
                  <String HEIGHT="235"
                          WIDTH="230"
                          VPOS="3025"
                          HPOS="3396"
                          CONTENT="gul"/>
                  <SP HEIGHT="235" WIDTH="33" VPOS="3025" HPOS="3627"/>
                  <String HEIGHT="235"
                          WIDTH="362"
                          VPOS="3025"
                          HPOS="3528"
                          CONTENT="metall,"/>
                  <SP HEIGHT="235" WIDTH="33" VPOS="3025" HPOS="3890"/>
                  <String HEIGHT="235"
                          WIDTH="296"
                          VPOS="3025"
                          HPOS="3791"
                          CONTENT="under"/>
                  <SP HEIGHT="235" WIDTH="33" VPOS="3025" HPOS="4087"/>
                  <String HEIGHT="235"
                          WIDTH="395"
                          VPOS="3025"
                          HPOS="3988"
                          CONTENT="uppgift,"/>
                  <SP HEIGHT="235" WIDTH="33" VPOS="3025" HPOS="4383"/>
                  <String HEIGHT="235"
                          WIDTH="164"
                          VPOS="3025"
                          HPOS="4252"
                          CONTENT="att"/>
               </TextLine>
               <TextLine ID="r3l27"
                         BASELINE="2600,3298 2691,3293 2782,3288 2874,3283 2965,3278 3057,3274 3148,3270 3239,3266 3331,3262 3422,3259 3514,3256 3605,3252 3696,3248 3788,3245 3879,3242 3971,3237 4062,3234 4153,3229 4245,3225 4336,3221 4428,3216"
                         HEIGHT="164"
                         WIDTH="1855"
                         VPOS="3159"
                         HPOS="2586">
                  <String HEIGHT="164"
                          WIDTH="398"
                          VPOS="3159"
                          HPOS="2553"
                          CONTENT="densamma"/>
                  <SP HEIGHT="164" WIDTH="33" VPOS="3159" HPOS="2950"/>
                  <String HEIGHT="164"
                          WIDTH="265"
                          VPOS="3159"
                          HPOS="2851"
                          CONTENT="vore"/>
                  <SP HEIGHT="164" WIDTH="33" VPOS="3159" HPOS="3116"/>
                  <String HEIGHT="164"
                          WIDTH="199"
                          VPOS="3159"
                          HPOS="3017"
                          CONTENT="af"/>
                  <SP HEIGHT="164" WIDTH="33" VPOS="3159" HPOS="3215"/>
                  <String HEIGHT="164"
                          WIDTH="298"
                          VPOS="3159"
                          HPOS="3116"
                          CONTENT="guld;"/>
                  <SP HEIGHT="164" WIDTH="33" VPOS="3159" HPOS="3414"/>
                  <String HEIGHT="164"
                          WIDTH="232"
                          VPOS="3159"
                          HPOS="3315"
                          CONTENT="att"/>
                  <SP HEIGHT="164" WIDTH="33" VPOS="3159" HPOS="3547"/>
                  <String HEIGHT="164"
                          WIDTH="298"
                          VPOS="3159"
                          HPOS="3447"
                          CONTENT="sedan"/>
                  <SP HEIGHT="164" WIDTH="33" VPOS="3159" HPOS="3745"/>
                  <String HEIGHT="164"
                          WIDTH="232"
                          VPOS="3159"
                          HPOS="3646"
                          CONTENT="hon"/>
                  <SP HEIGHT="164" WIDTH="33" VPOS="3159" HPOS="3878"/>
                  <String HEIGHT="164"
                          WIDTH="232"
                          VPOS="3159"
                          HPOS="3779"
                          CONTENT="för"/>
                  <SP HEIGHT="164" WIDTH="33" VPOS="3159" HPOS="4010"/>
                  <String HEIGHT="164"
                          WIDTH="199"
                          VPOS="3159"
                          HPOS="3911"
                          CONTENT="En"/>
                  <SP HEIGHT="164" WIDTH="33" VPOS="3159" HPOS="4110"/>
                  <String HEIGHT="164"
                          WIDTH="298"
                          VPOS="3159"
                          HPOS="4010"
                          CONTENT="Krona"/>
                  <SP HEIGHT="164" WIDTH="33" VPOS="3159" HPOS="4309"/>
                  <String HEIGHT="164"
                          WIDTH="199"
                          VPOS="3159"
                          HPOS="4209"
                          CONTENT="50"/>
                  <SP HEIGHT="164" WIDTH="33" VPOS="3159" HPOS="4408"/>
                  <String HEIGHT="164"
                          WIDTH="166"
                          VPOS="3159"
                          HPOS="4275"
                          CONTENT="öre"/>
               </TextLine>
               <TextLine ID="r3l28"
                         BASELINE="2590,3406 2684,3401 2778,3396 2873,3392 2967,3388 3062,3384 3156,3381 3250,3376 3345,3372 3439,3368 3534,3365 3628,3362 3722,3358 3817,3355 3911,3352 4006,3348 4100,3346 4194,3343 4289,3341 4383,3338 4478,3336"
                         HEIGHT="219"
                         WIDTH="1916"
                         VPOS="3251"
                         HPOS="2576">
                  <String HEIGHT="219"
                          WIDTH="255"
                          VPOS="3251"
                          HPOS="2544"
                          CONTENT="köpt"/>
                  <SP HEIGHT="219" WIDTH="32" VPOS="3251" HPOS="2800"/>
                  <String HEIGHT="219"
                          WIDTH="351"
                          VPOS="3251"
                          HPOS="2704"
                          CONTENT="ringen,"/>
                  <SP HEIGHT="219" WIDTH="32" VPOS="3251" HPOS="3055"/>
                  <String HEIGHT="219"
                          WIDTH="224"
                          VPOS="3251"
                          HPOS="2959"
                          CONTENT="hon"/>
                  <SP HEIGHT="219" WIDTH="32" VPOS="3251" HPOS="3183"/>
                  <String HEIGHT="219"
                          WIDTH="224"
                          VPOS="3251"
                          HPOS="3087"
                          CONTENT="vid"/>
                  <SP HEIGHT="219" WIDTH="32" VPOS="3251" HPOS="3310"/>
                  <String HEIGHT="219"
                          WIDTH="351"
                          VPOS="3251"
                          HPOS="3215"
                          CONTENT="närmare"/>
                  <SP HEIGHT="219" WIDTH="32" VPOS="3251" HPOS="3566"/>
                  <String HEIGHT="219"
                          WIDTH="383"
                          VPOS="3251"
                          HPOS="3470"
                          CONTENT="påseende"/>
                  <SP HEIGHT="219" WIDTH="32" VPOS="3251" HPOS="3853"/>
                  <String HEIGHT="219"
                          WIDTH="415"
                          VPOS="3251"
                          HPOS="3758"
                          CONTENT="betviflat"/>
                  <SP HEIGHT="219" WIDTH="32" VPOS="3251" HPOS="4173"/>
                  <String HEIGHT="219"
                          WIDTH="351"
                          VPOS="3251"
                          HPOS="4077"
                          CONTENT="ringens"/>
                  <SP HEIGHT="219" WIDTH="32" VPOS="3251" HPOS="4428"/>
                  <String HEIGHT="219"
                          WIDTH="192"
                          VPOS="3251"
                          HPOS="4300"
                          CONTENT="äkt¬"
                          SUBS_TYPE="HypPart1"
                          SUBS_CONTENT="äkthet,"/>
                  <HYP CONTENT="-"/>
               </TextLine>
               <TextLine ID="r3l29"
                         BASELINE="2592,3506 2684,3502 2777,3498 2870,3494 2963,3490 3056,3486 3149,3482 3242,3478 3335,3474 3428,3470 3521,3466 3613,3462 3706,3460 3799,3456 3892,3453 3985,3450 4078,3448 4171,3446 4264,3446 4357,3444 4450,3444"
                         HEIGHT="168"
                         WIDTH="1885"
                         VPOS="3373"
                         HPOS="2578">
                  <String HEIGHT="168"
                          WIDTH="247"
                          VPOS="3373"
                          HPOS="2547"
                          CONTENT="het,"
                          SUBS_TYPE="HypPart2"
                          SUBS_CONTENT="äkthet,"/>
                  <SP HEIGHT="168" WIDTH="31" VPOS="3373" HPOS="2794"/>
                  <String HEIGHT="168"
                          WIDTH="309"
                          VPOS="3373"
                          HPOS="2702"
                          CONTENT="hvadan"/>
                  <SP HEIGHT="168" WIDTH="31" VPOS="3373" HPOS="3011"/>
                  <String HEIGHT="168"
                          WIDTH="216"
                          VPOS="3373"
                          HPOS="2918"
                          CONTENT="hon"/>
                  <SP HEIGHT="168" WIDTH="31" VPOS="3373" HPOS="3134"/>
                  <String HEIGHT="168"
                          WIDTH="340"
                          VPOS="3373"
                          HPOS="3042"
                          CONTENT="skyndat"/>
                  <SP HEIGHT="168" WIDTH="31" VPOS="3373" HPOS="3381"/>
                  <String HEIGHT="168"
                          WIDTH="278"
                          VPOS="3373"
                          HPOS="3289"
                          CONTENT="efter"/>
                  <SP HEIGHT="168" WIDTH="31" VPOS="3373" HPOS="3567"/>
                  <String HEIGHT="168"
                          WIDTH="340"
                          VPOS="3373"
                          HPOS="3474"
                          CONTENT="Larsson"/>
                  <SP HEIGHT="168" WIDTH="31" VPOS="3373" HPOS="3814"/>
                  <String HEIGHT="168"
                          WIDTH="216"
                          VPOS="3373"
                          HPOS="3721"
                          CONTENT="och"/>
                  <SP HEIGHT="168" WIDTH="31" VPOS="3373" HPOS="3938"/>
                  <String HEIGHT="168"
                          WIDTH="247"
                          VPOS="3373"
                          HPOS="3845"
                          CONTENT="bedt"/>
                  <SP HEIGHT="168" WIDTH="31" VPOS="3373" HPOS="4092"/>
                  <String HEIGHT="168"
                          WIDTH="278"
                          VPOS="3373"
                          HPOS="3999"
                          CONTENT="honom"/>
                  <SP HEIGHT="168" WIDTH="31" VPOS="3373" HPOS="4278"/>
                  <String HEIGHT="168"
                          WIDTH="309"
                          VPOS="3373"
                          HPOS="4154"
                          CONTENT="återlem¬"
                          SUBS_TYPE="HypPart1"
                          SUBS_CONTENT="återlemna"/>
                  <HYP CONTENT="-"/>
               </TextLine>
               <TextLine ID="r3l30"
                         BASELINE="2594,3606 2687,3605 2781,3602 2875,3600 2969,3596 3063,3594 3156,3590 3250,3586 3344,3583 3438,3579 3532,3575 3625,3572 3719,3568 3813,3564 3907,3561 4001,3557 4094,3554 4188,3552 4282,3550 4376,3548 4470,3546"
                         HEIGHT="210"
                         WIDTH="1904"
                         VPOS="3472"
                         HPOS="2581">
                  <String HEIGHT="210"
                          WIDTH="190"
                          VPOS="3472"
                          HPOS="2549"
                          CONTENT="na"
                          SUBS_TYPE="HypPart2"
                          SUBS_CONTENT="återlemna"/>
                  <SP HEIGHT="210" WIDTH="32" VPOS="3472" HPOS="2740"/>
                  <String HEIGHT="210"
                          WIDTH="476"
                          VPOS="3472"
                          HPOS="2644"
                          CONTENT="penningarne"/>
                  <SP HEIGHT="210" WIDTH="32" VPOS="3472" HPOS="3120"/>
                  <String HEIGHT="210"
                          WIDTH="254"
                          VPOS="3472"
                          HPOS="3025"
                          CONTENT="emot"/>
                  <SP HEIGHT="210" WIDTH="32" VPOS="3472" HPOS="3279"/>
                  <String HEIGHT="210"
                          WIDTH="349"
                          VPOS="3472"
                          HPOS="3184"
                          CONTENT="ringen;"/>
                  <SP HEIGHT="210" WIDTH="32" VPOS="3472" HPOS="3533"/>
                  <String HEIGHT="210"
                          WIDTH="222"
                          VPOS="3472"
                          HPOS="3438"
                          CONTENT="att"/>
                  <SP HEIGHT="210" WIDTH="32" VPOS="3472" HPOS="3660"/>
                  <String HEIGHT="210"
                          WIDTH="222"
                          VPOS="3472"
                          HPOS="3565"
                          CONTENT="han"/>
                  <SP HEIGHT="210" WIDTH="32" VPOS="3472" HPOS="3787"/>
                  <String HEIGHT="210"
                          WIDTH="190"
                          VPOS="3472"
                          HPOS="3692"
                          CONTENT="då"/>
                  <SP HEIGHT="210" WIDTH="32" VPOS="3472" HPOS="3882"/>
                  <String HEIGHT="210"
                          WIDTH="413"
                          VPOS="3472"
                          HPOS="3787"
                          CONTENT="förklarat"/>
                  <SP HEIGHT="210" WIDTH="32" VPOS="3472" HPOS="4199"/>
                  <String HEIGHT="210"
                          WIDTH="317"
                          VPOS="3472"
                          HPOS="4104"
                          CONTENT="ringen"/>
                  <SP HEIGHT="210" WIDTH="32" VPOS="3472" HPOS="4422"/>
                  <String HEIGHT="210"
                          WIDTH="190"
                          VPOS="3472"
                          HPOS="4295"
                          CONTENT="vara"/>
               </TextLine>
               <TextLine ID="r3l31"
                         BASELINE="2602,3716 2695,3714 2788,3712 2881,3710 2974,3706 3068,3704 3161,3700 3254,3697 3347,3694 3440,3691 3534,3688 3627,3684 3720,3682 3813,3678 3906,3675 4000,3672 4093,3669 4186,3666 4279,3664 4372,3661 4466,3658"
                         HEIGHT="200"
                         WIDTH="1892"
                         VPOS="3563"
                         HPOS="2588">
                  <String HEIGHT="200"
                          WIDTH="270"
                          VPOS="3563"
                          HPOS="2558"
                          CONTENT="äkta,"/>
                  <SP HEIGHT="200" WIDTH="30" VPOS="3563" HPOS="2828"/>
                  <String HEIGHT="200"
                          WIDTH="270"
                          VPOS="3563"
                          HPOS="2738"
                          CONTENT="under"/>
                  <SP HEIGHT="200" WIDTH="30" VPOS="3563" HPOS="3008"/>
                  <String HEIGHT="200"
                          WIDTH="360"
                          VPOS="3563"
                          HPOS="2918"
                          CONTENT="uppgift,"/>
                  <SP HEIGHT="200" WIDTH="30" VPOS="3563" HPOS="3279"/>
                  <String HEIGHT="200"
                          WIDTH="210"
                          VPOS="3563"
                          HPOS="3189"
                          CONTENT="att"/>
                  <SP HEIGHT="200" WIDTH="30" VPOS="3563" HPOS="3399"/>
                  <String HEIGHT="200"
                          WIDTH="210"
                          VPOS="3563"
                          HPOS="3309"
                          CONTENT="han"/>
                  <SP HEIGHT="200" WIDTH="30" VPOS="3563" HPOS="3519"/>
                  <String HEIGHT="200"
                          WIDTH="150"
                          VPOS="3563"
                          HPOS="3429"
                          CONTENT="i"/>
                  <SP HEIGHT="200" WIDTH="30" VPOS="3563" HPOS="3579"/>
                  <String HEIGHT="200"
                          WIDTH="450"
                          VPOS="3563"
                          HPOS="3489"
                          CONTENT="Christiania"/>
                  <SP HEIGHT="200" WIDTH="30" VPOS="3563" HPOS="3939"/>
                  <String HEIGHT="200"
                          WIDTH="390"
                          VPOS="3563"
                          HPOS="3849"
                          CONTENT="fråntagit"/>
                  <SP HEIGHT="200" WIDTH="30" VPOS="3563" HPOS="4240"/>
                  <String HEIGHT="200"
                          WIDTH="180"
                          VPOS="3563"
                          HPOS="4150"
                          CONTENT="en"/>
                  <SP HEIGHT="200" WIDTH="30" VPOS="3563" HPOS="4330"/>
                  <String HEIGHT="200"
                          WIDTH="270"
                          VPOS="3563"
                          HPOS="4210"
                          CONTENT="prosti¬"
                          SUBS_TYPE="HypPart1"
                          SUBS_CONTENT="prostituerad"/>
                  <HYP CONTENT="-"/>
               </TextLine>
               <TextLine ID="r3l32"
                         BASELINE="2610,3812 2703,3812 2796,3810 2889,3809 2982,3808 3076,3806 3169,3804 3262,3802 3355,3800 3448,3798 3542,3796 3635,3794 3728,3794 3821,3792 3914,3790 4008,3789 4101,3788 4194,3788 4287,3786 4380,3786 4474,3786"
                         HEIGHT="149"
                         WIDTH="1890"
                         VPOS="3709"
                         HPOS="2597">
                  <String HEIGHT="149"
                          WIDTH="320"
                          VPOS="3709"
                          HPOS="2565"
                          CONTENT="tuerad"
                          SUBS_TYPE="HypPart2"
                          SUBS_CONTENT="prostituerad"/>
                  <SP HEIGHT="149" WIDTH="32" VPOS="3709" HPOS="2885"/>
                  <String HEIGHT="149"
                          WIDTH="320"
                          VPOS="3709"
                          HPOS="2789"
                          CONTENT="qvinna"/>
                  <SP HEIGHT="149" WIDTH="32" VPOS="3709" HPOS="3110"/>
                  <String HEIGHT="149"
                          WIDTH="416"
                          VPOS="3709"
                          HPOS="3013"
                          CONTENT="densamma,"/>
                  <SP HEIGHT="149" WIDTH="32" VPOS="3709" HPOS="3430"/>
                  <String HEIGHT="149"
                          WIDTH="224"
                          VPOS="3709"
                          HPOS="3334"
                          CONTENT="och"/>
                  <SP HEIGHT="149" WIDTH="32" VPOS="3709" HPOS="3558"/>
                  <String HEIGHT="149"
                          WIDTH="384"
                          VPOS="3709"
                          HPOS="3462"
                          CONTENT="uppmanat"/>
                  <SP HEIGHT="149" WIDTH="32" VPOS="3709" HPOS="3846"/>
                  <String HEIGHT="149"
                          WIDTH="288"
                          VPOS="3709"
                          HPOS="3750"
                          CONTENT="henne"/>
                  <SP HEIGHT="149" WIDTH="32" VPOS="3709" HPOS="4039"/>
                  <String HEIGHT="149"
                          WIDTH="352"
                          VPOS="3709"
                          HPOS="3942"
                          CONTENT="begifva"/>
                  <SP HEIGHT="149" WIDTH="32" VPOS="3709" HPOS="4295"/>
                  <String HEIGHT="149"
                          WIDTH="224"
                          VPOS="3709"
                          HPOS="4199"
                          CONTENT="sig"/>
                  <SP HEIGHT="149" WIDTH="32" VPOS="3709" HPOS="4423"/>
                  <String HEIGHT="149"
                          WIDTH="192"
                          VPOS="3709"
                          HPOS="4295"
                          CONTENT="till"/>
               </TextLine>
            </TextBlock>
         </PrintSpace>
      </Page>
   </Layout>
</alto>
