5095 4050
518 231 303 80 Carl
708 231 341 80 Oskar
935 231 379 80 Olsson
1201 231 228 80 en
1314 231 341 80 afton
1542 231 190 80 i
1618 231 379 80 början
1883 231 228 80 af
1959 231 417 80 sistlidne

504 354 438 41 Januari
823 354 239 41 ur
942 354 239 41 en
1022 354 358 41 söndrig

1348 307 138 40 låda

1410 356 346 47 stående
1661 356 157 47 å
1724 356 283 47 kajen
1912 356 220 47 vid
2038 356 220 47 vid
2132 356 220 47 tull¬-

430 429 463 82 skjulet
767 429 589 82 tillgripit
1230 429 253 82 en
1356 429 337 82 sida
1566 429 631 82 amerikanskt
2029 429 295 82 fläsk

484 524 325 87 och
669 524 418 87 samma
948 524 418 87 afton
1227 524 372 87 sålt
1459 524 557 87 detsamma
1877 524 372 87 till
2063 524 325 87 Hand¬-

508 620 461 93 landen
830 620 599 93 Alexander
1291 620 599 93 Andersson
1751 620 414 93 efter
2028 620 276 93 25
2120 620 230 93 öre

517 717 247 97 ℔,
640 717 288 97 att
805 717 247 97 en
929 717 371 97 afton
1176 717 206 97 8
1258 717 371 97 eller
1506 717 247 97 10
1629 717 371 97 dagar
1876 717 494 97 derefter
2206 717 206 97 Jo¬-

516 813 309 107 han
693 813 442 107 Alfred
1002 813 442 107 Olsson
1311 813 309 107 och
1488 813 619 107 Ljungqvist
1974 813 265 107 ur
2107 813 265 107 en
2195 813 221 107 öp¬-

514 906 339 101 pen
707 906 387 101 låda
949 906 532 101 stående
1336 906 242 101 å
1433 906 435 101 kajen
1723 906 339 101 vid
1868 906 532 101 Packhuset

495 999 601 102 tillgripit
967 999 644 102 ytterligare
1482 999 258 102 en
1611 999 343 102 Sida
1826 999 429 102 dylikt
2083 999 301 102 fläsk

499 1099 313 108 som
678 1099 269 108 de
813 1099 582 108 likaledes
1260 1099 358 108 sålt
1484 1099 358 108 till
1708 1099 582 108 Andersson
2111 1099 313 108 efter

488 1205 262 96 25
619 1205 305 96 öre
794 1205 262 96 ℔,
925 1205 305 96 att
1099 1205 393 96 Johan
1361 1205 436 96 Alfred
1666 1205 436 96 Olsson
1971 1205 305 96 och
2102 1205 262 96 Carl

494 1305 410 113 Oskar
768 1305 455 113 Olsson
1086 1305 273 113 en
1223 1305 410 113 afton
1496 1305 501 113 omkring
1860 1305 319 113 den
2042 1305 273 113 28
2133 1305 319 113 sist.

492 1401 554 93 Januari
894 1401 302 93 ur
1045 1401 302 93 en
1196 1401 453 93 öppen
1498 1401 403 93 låda
1750 1401 252 93 å
1851 1401 453 93 kajen
2102 1401 252 93 vid

483 1519 590 62 Rosendals
937 1519 590 62 magasiner
1391 1519 636 62 tillgripit
1890 1519 318 62 två
2026 1519 318 62 sidor

428 1618 651 50 amerikanskt

1134 1565 140 38 fläsk

1094 1618 373 54 som
1307 1618 320 54 de
1467 1618 480 54 samma
1787 1618 480 54 afton
2054 1618 320 54 sålt

504 1692 352 93 till
724 1692 572 93 Andersson
1164 1692 396 93 efter
1428 1692 264 93 15
1560 1692 308 93 öre
1736 1692 264 93 ℔,
1868 1692 308 93 att
2000 1692 396 93 Anders¬-

504 1787 337 95 son
696 1787 289 95 då
841 1787 529 95 yttrat,
1225 1787 337 95 att
1418 1787 337 95 han
1610 1787 385 95 icke
1851 1787 433 95 ville
2091 1787 289 95 köpa

518 1882 380 100 mer
735 1882 543 100 fläsk,
1115 1882 380 100 men
1332 1882 326 100 om
1495 1882 326 100 de
1658 1882 489 100 kunde
1930 1882 434 100 skaffa

508 1972 453 116 något
810 1972 453 116 annat
1112 1972 453 116 såsom
1414 1972 503 116 Kaffe,
1766 1972 302 116 så
1917 1972 453 116 ville
2168 1972 252 116 han

540 2065 414 114 köpa
799 2065 311 114 af
954 2065 414 114 dem,
1213 2065 414 114 samt
1472 2065 362 114 att
1679 2065 673 114 Andersson
2145 2065 207 114 på

519 2163 583 106 Olssons
943 2163 477 106 fråga
1261 2163 318 106 om
1420 2163 371 106 han
1631 2163 530 106 visste
1949 2163 371 106 någon

500 2261 469 106 annan
812 2261 573 106 person,
1229 2261 364 106 som
1437 2261 469 106 ville
1749 2261 416 106 köpa
1958 2261 416 106 fläsk,

498 2357 336 83 han
690 2357 575 83 hänvisat
1121 2357 432 83 honom
1409 2357 384 83 till
1649 2357 336 83 Ida
1793 2357 527 83 Sandström

497 2448 284 76 på
639 2448 711 76 Lindholmen,
1207 2448 332 76 att
1397 2448 426 76 Johan
1681 2448 474 76 Alfred
1965 2448 379 76 Olsson

511 2533 315 88 och
691 2533 630 88 Ljungqvist
1186 2533 540 88 Onsdagen
1590 2533 315 88 den
1770 2533 270 88 11
1905 2533 450 88 dennes
2175 2533 225 88 om¬-

508 2639 396 76 kring
772 2639 308 76 kl.
948 2639 220 76 8
1036 2639 792 76 eftermiddagen,
1696 2639 264 76 ur
1828 2639 264 76 en
1960 2639 396 76 öppen
2180 2639 220 76 lå¬-

502 2729 254 93 da
629 2729 297 93 vid
798 2729 551 93 Rosendals
1222 2729 551 93 magasiner
1645 2729 593 93 tillgripit
2111 2729 212 93 1
2196 2729 297 93 1/2

503 2827 422 85 Sida
767 2827 791 85 Amerikanskt
1400 2827 527 85 fläsk,
1769 2827 369 85 som
1927 2827 475 85 Anders¬-

519 2919 360 88 son
724 2919 463 88 äfven
1033 2919 412 88 köpt
1291 2919 463 88 efter
1599 2919 309 88 15
1754 2919 360 88 öre
1960 2919 360 88 för
2114 2919 206 88 ℔,

530 3014 509 89 hvarvid
900 3014 324 89 han
1085 3014 370 89 dock
1317 3014 648 89 förklarat,
1826 3014 324 89 att
2011 3014 324 89 han
2150 3014 278 89 icke

512 3103 429 98 ville
798 3103 382 98 köpa
1037 3103 382 98 mera
1275 3103 477 98 fläsk,
1609 3103 334 98 att
1800 3103 429 98 Johan
2038 3103 382 98 Alfred

500 3207 506 86 Olsson,
868 3207 644 86 Ljungqvist
1374 3207 322 86 och
1558 3207 368 86 Carl
1788 3207 414 86 Oskar
2018 3207 368 86 Olsson

504 3305 654 104 Torsdagen
1006 3305 352 104 den
1208 3305 302 104 19
1358 3305 503 104 dennes
1710 3305 302 104 på
1861 3305 553 104 aftonen
2213 3305 201 104 då

505 3400 260 107 de
635 3400 433 107 skulle
938 3400 260 107 gå
1068 3400 303 107 hem
1242 3400 347 107 till
1458 3400 303 107 sin
1632 3400 433 107 bostad
1892 3400 520 107 varseblif¬-

513 3491 327 110 vit
700 3491 280 110 en
840 3491 374 110 fyld
1074 3491 374 110 säck
1307 3491 234 110 å
1401 3491 280 110 en
1541 3491 467 110 flotte
1868 3491 327 110 vid
2008 3491 420 110 Qville¬-

496 3595 486 104 bäcken,
849 3595 309 104 att
1026 3595 265 104 då
1159 3595 265 104 de
1291 3595 486 104 funnit,
1645 3595 309 104 att
1822 3595 442 104 säcken
2087 3595 309 104 inne¬

2681 265 343 123 höll
2896 265 343 123 mjöl
3110 265 257 123 de
3239 265 386 123 burit
3496 265 515 123 densamma
3882 265 343 123 till
4053 265 515 123 Andersson,

2690 376 340 108 som,
2902 376 382 108 sedan
3157 376 297 108 han
3327 376 510 108 utslagit
3709 376 425 108 mjölet
4006 376 212 108 i
4091 376 255 108 en
4176 376 340 108 binge,

2692 470 504 102 hvarvid
3059 470 458 102 mjölet
3380 470 321 102 som
3563 470 413 102 vägts
3838 470 321 102 och
3976 470 504 102 befunnits

2695 562 491 126 utgöra
3038 562 294 126 13
3185 562 343 126 L℔,
3382 562 392 126 köpt
3627 562 589 126 detsamma
4068 562 441 126 efter
4363 562 245 126 1
4412 562 196 126 Kr

2711 657 258 127 90
2840 657 301 127 öre
3012 657 301 127 för
3184 657 258 127 L℔
3313 657 387 127 eller
3571 657 258 127 24
3700 657 430 127 kronor
4001 657 258 127 70
4130 657 344 127 öre;
4302 657 258 127 samt

2706 783 287 120 2o
2850 783 478 120 Edvard
3185 783 526 120 Amandus
3567 783 670 120 Ljungqvist
4093 783 335 120 och
4237 783 287 120 Carl

2683 891 424 106 Oskar
2966 891 471 106 Olsson
3296 891 377 106 lika
3531 891 330 106 med
3720 891 424 106 Johan
4002 891 471 106 Alfred
4285 891 283 106 Ols¬-

2662 993 361 88 son
2869 993 258 88 i
2972 993 412 88 hvad
3230 993 361 88 det
3436 993 361 88 dem
3590 993 516 88 anginge.

2771 1105 564 87 Alexander
3204 1105 564 87 Andersson
3638 1105 650 87 ytterligare
4158 1105 347 87 hörd
4331 1105 217 87 har

2695 1208 537 85 förnekat
3098 1208 403 85 Johan
3366 1208 447 85 Alfred
3679 1208 492 85 Olssons
4037 1208 492 85 uppgift
4350 1208 224 85 att

2706 1313 471 99 hafva
3020 1313 628 99 uppmanat
3491 1313 366 99 dem
3700 1313 366 99 att
3910 1313 523 99 skaffa
4224 1313 366 99 honom

2688 1418 433 102 andra
2977 1418 433 102 varor
3265 1418 433 102 helst
3554 1418 481 102 Kaffe,
3891 1418 385 102 utan
4131 1418 385 102 hade
4323 1418 241 102 han

2694 1516 555 108 deremot
3097 1516 606 108 ständigt
3552 1516 606 108 tillsagt
4006 1516 353 108 dem
4208 1516 353 108 att
4360 1516 252 108 han

2692 1612 451 103 icke
2974 1612 508 103 ville
3312 1612 451 103 köpa
3594 1612 508 103 något
3933 1612 338 103 af
4046 1612 338 103 dem.

2812 1728 488 96 Johan
3137 1728 542 96 Alfred
3516 1728 542 96 Olsson
3896 1728 379 96 har
4058 1728 542 96 dessutom

2693 1838 719 121 uppgifvit
3246 1838 387 121 att
3467 1838 498 121 såväl
3799 1838 387 121 han
4020 1838 387 121 som
4186 1838 442 121 Ljung¬-

2747 1938 459 97 qvist
3053 1938 357 97 och
3257 1938 408 97 Carl
3512 1938 459 97 Oslar
3817 1938 510 97 Olsson
4123 1938 357 97 varit

2719 2034 589 105 skylige
3147 2034 696 105 Andersson
3682 2034 375 105 för
3896 2034 535 105 varor,
4217 2034 268 105 som

2716 2136 309 127 de
2871 2136 309 127 af
3026 2136 464 127 honom
3335 2136 619 127 erhållit
3799 2136 309 127 på
3953 2136 567 127 kredit,
4314 2136 258 127 att

2700 2221 315 149 då
2857 2221 315 149 de
3014 2221 420 149 icke
3277 2221 525 149 kunnat
3644 2221 525 149 betala
4011 2221 367 149 sin
4169 2221 367 149 skuld

2709 2325 357 137 och
2913 2325 510 137 saknat
3270 2325 510 137 arbete
3627 2325 663 137 Andersson
4137 2325 561 137 uppmant

2675 2426 410 136 dem
2910 2426 410 136 att
3144 2426 644 136 "skaffa
3612 2426 644 136 varor",
4080 2426 410 136 som
4255 2426 293 136 han

2670 2537 502 122 skulle
3021 2537 402 122 köpa
3272 2537 351 122 och
3473 2537 703 122 hvarigenom
4025 2537 452 122 deras
4277 2537 351 122 skuld

2691 2639 508 135 skulle
3047 2639 457 135 kunna
3351 2639 711 135 afqvittas,
3909 2639 406 135 samt
4163 2639 355 135 att
4315 2639 305 135 det¬-

2709 2731 308 139 ta
2863 2731 463 139 varit
3171 2731 514 139 första
3531 2731 771 139 anledningen
4148 2731 360 139 att
4302 2731 206 139 de

2687 2819 532 143 börjat
3059 2819 691 143 tillgripa
3591 2819 478 143 fläsk
3910 2819 266 143 å
3963 2819 425 143 Kajen.

2791 2949 319 130 På
2950 2949 478 130 grund
3269 2949 319 130 af
3428 2949 425 130 hvad
3693 2949 584 130 sålunda
4065 2949 531 130 förekom¬-

2702 3061 380 122 mit
2919 3061 488 122 komma
3244 3061 488 122 Johan
3570 3061 542 122 Alfred
3949 3061 597 122 Olsson,
4329 3061 271 122 Ed¬-

2701 3164 424 126 vard
2966 3164 584 126 Amandus
3391 3164 743 126 Ljungquist
3974 3164 371 126 och
4187 3164 424 126 Carl
4399 3164 159 126 O

2679 3271 406 113 Oskar
2950 3271 496 113 Olsson,
3311 3271 451 113 hvilka
3627 3271 496 113 blifvit
3988 3271 361 113 till
4168 3271 316 113 cell¬-

2686 3373 650 125 fängelset
3186 3373 800 125 införpassade
3836 3373 350 125 att
4036 3373 450 125 denna
4286 3373 250 125 dag

2668 3492 433 107 inför
2957 3492 337 107 PKn
3149 3492 674 107 inställas,
3678 3492 289 107 då
3822 3492 625 107 Alexander
4255 3492 241 107 An¬-

2658 3584 546 101 dersson
3055 3584 298 101 är
3204 3584 496 101 kallad
3551 3584 347 101 att
3750 3584 496 101 jemväl
4097 3584 347 101 sig
4246 3584 248 101 in¬-

2661 3676 489 81 finna.
3004 3676 587 81 Göteborg
3395 3676 245 81 den

3771 3697 615 94 Februari
4181 3697 359 94 1880.
