5088 4050
510 221 216 101 om
618 221 612 101 återbetalning
1122 221 252 101 för
1266 221 216 101 de
1374 221 216 101 af
1482 221 252 101 dem
1626 221 288 101 till
1806 221 432 101 Kollberg
2094 221 324 101 lemnade

473 333 555 102 penningarne.

629 433 197 107 De
728 433 164 107 i
793 433 262 107 Carl
957 433 328 107 Gustaf
1186 433 360 107 Theodor
1448 433 360 107 Olssons
1710 433 328 107 bostad
1939 433 426 107 återfunne
2234 433 164 107 ett

533 555 231 121 par
665 555 461 121 galoscher,
1027 555 198 121 en
1126 555 362 121 hårkam,
1389 555 198 121 en
1488 555 329 121 brosch
1719 555 231 121 och
1850 555 231 121 två
1982 555 296 121 krus,
2147 555 263 121 äfven¬-

510 663 253 131 som
655 663 217 131 de
763 663 326 131 saker
980 663 290 131 Carl
1161 663 362 131 Edgard
1415 663 471 131 Ferdinand
1777 663 434 131 Kollberg
2102 663 253 131 för
2211 663 181 131 sin

533 773 384 133 räkning
812 773 419 133 behållit
1126 773 244 133 och
1266 773 349 133 hvilka
1510 773 244 133 han
1650 773 244 133 vid
1790 773 524 133 anhållandet
2174 773 244 133 inne¬-

526 888 307 134 hade,
731 888 307 134 hafva
936 888 342 134 blivit
1175 888 273 134 till
1346 888 307 134 Alida
1551 888 410 134 Svensson
1824 888 478 134 återlemnade.

693 994 235 141 På
810 994 353 141 grund
1046 994 235 141 af
1164 994 314 141 hvad
1360 994 432 141 sålunda
1674 994 589 141 förekommit,
2105 994 275 141 komma

523 1094 316 159 Johan
734 1094 387 159 Mauritz
1015 1094 492 159 Andersson,
1402 1094 281 159 Carl
1577 1094 352 159 Gustaf
1824 1094 387 159 Theodor
2070 1094 316 159 Olsson,

515 1199 278 169 Carl
689 1199 348 169 Edgard
932 1199 452 169 Ferdinand
1280 1199 417 169 Kollberg
1593 1199 243 169 och
1732 1199 313 169 James
1941 1199 382 169 Hjalmar
2184 1199 174 169 Pe¬-

513 1313 399 163 tersson,
812 1313 332 163 hvilka
1045 1313 399 163 förvaras
1344 1313 166 163 i
1410 1313 598 163 cellfängelset,
1909 1313 233 163 att
2042 1313 299 163 denna
2208 1313 166 163 dag

517 1427 244 163 för
657 1427 594 163 Poliskammaren
1146 1427 489 163 inställas;
1530 1427 244 163 och
1670 1427 244 163 äro
1809 1427 384 163 Andreas
2089 1427 349 163 Magnus

508 1541 379 157 Bergman
783 1541 241 157 och
921 1541 310 157 Johan
1128 1541 310 157 Albin
1334 1541 344 157 Olsson
1575 1541 276 157 samt
1748 1541 310 157 Enkan
1954 1541 310 157 Beata
2126 1541 276 157 Olsson

520 1651 353 179 kallade
776 1651 224 179 att
905 1651 321 179 dervid
1129 1651 321 179 jemväl
1354 1651 224 179 sig
1482 1651 417 179 inställa.
1803 1651 385 179 Göteborg
2091 1651 224 179 den
2188 1651 192 179 13de

554 1832 408 91 Februari
826 1832 238 91 1880.

114 1926 276 118 No
206 1926 230 118 30.

53 2055 200 120 Carl
178 2055 225 120 Edvin
303 2055 225 120 Friberg

599 1895 438 142 Thorsdagen
943 1895 219 142 den
1068 1895 188 142 12
1161 1895 313 142 dennes
1380 1895 219 142 kl.
1505 1895 156 142 8
1568 1895 250 142 eft.
1724 1895 281 142 midd.
1912 1895 313 142 infann
2130 1895 219 142 sig
2224 1895 94 142 å

543 2021 307 135 Tredje
758 2021 614 135 Polisdistriktets
1280 2021 583 135 Polisvaktkontor
1771 2021 276 135 förre
1924 2021 430 135 Kronoarbets¬-

500 2124 321 155 karlen
725 2124 257 155 Carl
886 2124 289 155 Edvin
1078 2124 386 155 Friberg,
1368 2124 450 155 medförande
1721 2124 193 155 25
1818 2124 225 155 st.
1946 2124 418 155 tomsäckar
2235 2124 161 155 med

519 2226 407 161 anhållan,
832 2226 219 161 att
957 2226 250 161 han,
1113 2226 219 161 som
1238 2226 438 161 tillgripit
1583 2226 344 161 desamma
1833 2226 156 161 å
1864 2226 532 161 Skeppsbrokajen,

523 2329 275 175 måtte
707 2329 214 175 för
829 2329 275 175 detta
1012 2329 397 175 tillgrepp
1317 2329 305 175 blifva
1530 2329 305 175 häktad
1744 2329 214 175 och
1866 2329 397 175 straffad.
2140 2329 214 175 Såsom

510 2435 273 183 orsak
692 2435 243 183 till
843 2435 212 183 sin
965 2435 364 183 anhållan
1238 2435 303 183 uppgaf
1450 2435 364 183 Friberg,
1723 2435 212 183 att
1844 2435 243 183 han,
1996 2435 212 183 som
2117 2435 212 183 den
2238 2435 152 183 9
2269 2435 121 183 ds

540 2545 424 181 utskrifvits
879 2545 226 181 från
1020 2545 339 181 härvande
1275 2545 763 181 Fattigvårdsförsörjning,
1954 2545 339 181 derefter
2180 2545 226 181 saknat

527 2661 341 175 bestämd
775 2661 310 175 bostad
992 2661 217 175 och
1115 2661 279 175 medel
1301 2661 248 175 till
1456 2661 248 175 sitt
1611 2661 434 175 uppehälle;
1951 2661 248 175 samt
2106 2661 217 175 att
2199 2661 155 175 han

516 2768 369 163 tillgripit
806 2768 448 163 ifrågavarande
1175 2768 264 163 säckar
1359 2768 185 163 för
1465 2768 185 163 att
1570 2768 264 163 blifva
1755 2768 290 163 intagen
1966 2768 132 163 å
1992 2768 422 163 Cellfängelset.

603 2884 534 147 Handelsfirman
1042 2884 408 147 Hollender
1357 2884 157 147 &
1419 2884 220 147 Co,
1545 2884 220 147 som
1671 2884 220 147 har
1796 2884 251 147 sitt
1954 2884 314 147 kontor
2173 2884 157 147 i
2205 2884 157 147 hu¬-

519 2987 246 165 set
659 2987 210 165 No
764 2987 175 165 8
835 2987 246 165 vid
975 2987 351 165 Vestra
1220 2987 456 165 Hamngatan
1571 2987 316 165 hafva
1782 2987 351 165 anmält
2027 2987 246 165 sig
2132 2987 246 165 såsom

522 3102 305 163 egare
726 3102 271 163 till
895 3102 509 163 ifrågakomne
1302 3102 373 163 säckar,
1574 3102 305 163 under
1777 3102 407 163 uppgift,
2083 3102 237 163 att
2184 3102 170 163 de,

513 3225 233 133 som
646 3225 266 133 vore
812 3225 300 133 värde
1012 3225 200 133 En
1112 3225 300 133 Krona
1312 3225 400 133 stycket,
1612 3225 533 133 förstberörde
2045 3225 233 133 dag
2145 3225 233 133 till¬-

514 3357 394 115 gripits
801 3357 179 115 å
837 3357 609 115 Skeppsbrokajen.

617 3465 235 109 På
734 3465 352 109 grund
969 3465 235 109 af
1086 3465 313 109 hvad
1282 3465 430 109 sålunda
1595 3465 587 109 förekommit,
2025 3465 313 109 kommer

498 3583 302 117 Carl
687 3583 339 117 Edvin
913 3583 415 117 Friberg
1215 3583 264 117 att
1366 3583 339 117 denna
1592 3583 264 117 dag
1743 3583 264 117 för
1856 3583 490 117 Poliskamma¬-

502 3697 279 109 ren
661 3697 558 109 inställas.
1100 3697 478 109 Göteborg
1458 3697 279 109 den
1617 3697 239 109 13
1737 3697 478 109 Februari
2055 3697 279 109 1880.

4542 225 264 87 No
4630 225 220 87 31.

4560 378 279 70 Edvard
4727 378 251 70 Berndt¬-

4548 467 180 65 son

2682 337 831 110 Poliskonstapeln
3382 337 263 110 No
3514 337 306 110 103
3689 337 394 110 Björk
3951 337 306 110 har
4082 337 438 110 Lördagen

2704 473 267 86 den
2856 473 229 86 14
2971 473 229 86 ds
3085 473 267 86 kl.
3238 473 229 86 4.
3352 473 191 86 e
3428 473 229 86 m.
3543 473 458 86 anhållit
3886 473 267 86 fre
4000 473 534 86 Besättnings¬-

2698 587 498 88 karlen
3047 587 498 88 Edvard
3395 587 697 88 Berndtsson
3943 587 398 88 från
4142 587 398 88 Långe¬-

2681 707 439 88 landa
2974 707 293 88 sn
3120 707 293 88 på
3267 707 537 88 Oroust,
3657 707 342 88 för
3853 707 342 88 det
4048 707 342 88 han
4194 707 342 88 inne¬-

2687 821 357 100 haft
2911 821 312 100 och
3089 821 357 100 till
3312 821 625 100 Lumphandl.
3803 821 446 100 Tobias
4071 821 491 100 Johansson

2691 939 225 98 i
2781 939 405 98 huset
3051 939 270 98 No
3186 939 315 98 128
3366 939 270 98 af
3501 939 270 98 Ms
3636 939 360 98 3dje
3861 939 360 98 rote
4086 939 360 98 sökt
4266 939 270 98 för¬-

2696 1049 477 104 försälja
3054 1049 278 104 två
3213 1049 557 104 trossändar
3651 1049 239 104 om
3770 1049 597 104 tillsammans
4248 1049 199 104 1
4288 1049 278 104 Cent¬-

2698 1155 325 118 ner
2883 1155 278 118 30
3022 1155 232 118 ℔
3115 1155 418 118 vigt,
3394 1155 325 118 för
3579 1155 511 118 åtkomst
3951 1155 557 118 hvartill
4322 1155 232 118 han

2681 1291 389 88 icke
2924 1291 486 88 kunnat
3216 1291 534 88 redogöra.

2688 1389 322 94 Vid
2872 1389 322 94 det
3056 1389 322 94 med
3241 1389 645 94 Berndtsson
3747 1389 230 94 i
3839 1389 599 94 anledning
4254 1389 276 94 här¬-

2712 1495 275 98 af
2850 1495 550 98 anstäldt
3262 1495 458 98 förhör
3583 1495 321 98 har
3767 1495 321 98 han
3950 1495 550 98 vidgått,
4317 1495 229 98 att

2696 1648 420 58 han,
2906 1648 263 58 som

3294 1540 331 65 Fredagen

3193 1617 353 64 den
3394 1617 302 64 13
3545 1617 302 64 ds
3696 1617 504 64 kommit
4049 1617 353 64 hit
4200 1617 302 64 till

2719 1726 468 74 staden
3047 1726 327 74 för
3234 1726 327 74 att
3421 1726 374 74 söka
3655 1726 514 74 arbete,
3982 1726 421 74 hvilket

4277 1659 233 48 han

4364 1726 142 32 ej

2690 1802 460 52 erhållit

3394 1823 237 68 ,
3488 1823 663 68 derpåföjde
4009 1823 331 68 dag
4199 1823 331 68 med
4341 1823 189 68 en

2723 1927 613 106 roddbåt,
3183 1927 358 106 som
3387 1927 358 106 han
3591 1927 460 106 lånat
3898 1927 307 106 af
4051 1927 307 106 en
4153 1927 409 106 bekant

2717 2041 520 104 sjöman,
3095 2041 568 104 begifvit
3521 2041 331 104 sig
3710 2041 379 104 till
3947 2041 284 104 en
4089 2041 331 104 vid
4231 2041 331 104 Norra

2713 2153 639 104 pålverket
3204 2153 541 104 förtöjd
3597 2153 541 104 galeas;
3991 2153 344 104 att
4187 2153 344 104 han
4335 2153 147 104 i

2719 2259 331 116 det
2908 2259 473 116 olåsta
3239 2259 662 116 lastrummet
3759 2259 473 116 ombord
4090 2259 236 116 å
4137 2259 473 116 galeasen

2725 2383 392 96 från
2970 2383 294 96 en
3117 2383 637 96 derstädes
3607 2383 588 96 liggande
4048 2383 441 96 tross
4293 2383 245 96 af¬-

2697 2497 534 98 skurit
3070 2497 374 98 och
3284 2497 747 98 tillgripit
3871 2497 320 98 en
4031 2497 427 98 ända
4245 2497 214 98 af

2717 2631 585 63 omkring
3142 2631 266 63 4
3249 2631 585 63 famnars
3675 2631 532 63 längd;
4047 2631 426 63 samt
4260 2631 266 63 att

2708 2750 367 56 han
2917 2750 472 56 efter
3232 2750 367 56 det
3390 2750 262 56 han

3598 2683 171 53 i
3666 2683 239 53 två
3769 2683 307 53 stycken

3705 2738 728 52 sönderdelat
4239 2738 243 52 den

2679 2869 475 45 tillgripne

3116 2810 140 43 tåg¬-

3178 2828 548 80 ändan
3544 2828 609 80 lastat
3909 2828 609 80 densamma

2713 2911 244 126 i
2811 2911 683 126 roddbåten,
3347 2911 634 126 hvarefter
3835 2911 341 126 han
4030 2911 390 126 rott
4225 2911 293 126 till

2676 3033 524 112 Bläsan
3042 3033 367 112 och
3252 3033 472 112 burit
3567 3033 839 112 trossändarne
4196 3033 314 112 till

2716 3171 591 57 Lumphandl.
3180 3171 548 57 Johansson
3602 3171 295 57 för
3771 3171 295 57 att
3939 3171 506 57 försälja
4277 3171 253 57 dem,

2653 3288 272 39 men

2811 3238 187 40 der

2954 3288 468 42 blifvit
3295 3288 255 42 af
3422 3288 383 42 efter
3677 3288 808 42 poliskonstapeln
4315 3288 213 42 an¬-

2674 3372 406 67 hållen.

2725 3455 367 67 förre
2970 3455 1020 67 Ångslupsbefälhafvaren
3868 3455 367 67 Börje
4113 3455 408 67 Olsson
4358 3455 122 67 i

2746 3549 360 82 huset
2986 3549 240 82 No
3106 3549 280 82 108
3267 3549 240 82 af
3387 3549 240 82 Ms
3507 3549 320 82 3dje
3707 3549 360 82 rote,
3947 3549 441 82 hvilken
4268 3549 240 82 är
4348 3549 200 82 an¬-

2721 3655 428 76 ställd
3021 3655 385 76 såsom
3277 3655 470 76 vaktare
3619 3655 214 76 å
3705 3655 513 76 galeasen
4047 3655 513 76 Garibaldi,
