<?xml version="1.0" encoding="UTF-8"?>
<alto xmlns:xsi="http://www.w3.org/2001/XMLSchema-instance"
      xmlns="http://www.loc.gov/standards/alto/ns-v4#"
      xmlns:page="http://schema.primaresearch.org/PAGE/gts/pagecontent/2013-07-15"
      xsi:schemaLocation="http://www.loc.gov/standards/alto/ns-v4# https://www.loc.gov/standards/alto/v4/alto.xsd">
   <Description>
      <MeasurementUnit>pixel</MeasurementUnit>
      <OCRProcessing ID="IdOcr">
         <ocrProcessingStep>
            <processingDateTime>2022-11-18T16:10:00.311+01:00</processingDateTime>
            <processingSoftware>
               <softwareCreator>READ COOP</softwareCreator>
               <softwareName>Transkribus</softwareName>
            </processingSoftware>
         </ocrProcessingStep>
      </OCRProcessing>
   </Description>
   <Tags/>
   <Layout>
      <Page ID="Page1" PHYSICAL_IMG_NR="1" HEIGHT="4057" WIDTH="5018">
         <TopMargin HEIGHT="0" WIDTH="5018" VPOS="0" HPOS="0"/>
         <LeftMargin HEIGHT="4057" WIDTH="0" VPOS="0" HPOS="0"/>
         <RightMargin HEIGHT="4057" WIDTH="0" VPOS="0" HPOS="5018"/>
         <BottomMargin HEIGHT="0" WIDTH="5018" VPOS="4057" HPOS="0"/>
         <PrintSpace HEIGHT="4057" WIDTH="5018" VPOS="0" HPOS="0">
            <TextBlock ID="r1" HEIGHT="3718" WIDTH="1936" VPOS="153" HPOS="480">
               <Shape>
                  <Polygon POINTS="480,153 480,3871 2416,3871 2416,153"/>
               </Shape>
               <TextLine ID="r1l1"
                         BASELINE="562,210 654,212 746,212 838,212 930,214 1022,214 1114,216 1206,217 1298,220 1390,222 1482,224 1574,227 1666,230 1758,234 1850,238 1942,242 2034,246 2126,251 2218,256 2310,262 2402,268"
                         HEIGHT="165"
                         WIDTH="1870"
                         VPOS="143"
                         HPOS="547">
                  <String HEIGHT="165" WIDTH="281" VPOS="143" HPOS="500" CONTENT="af"/>
                  <SP HEIGHT="165" WIDTH="47" VPOS="143" HPOS="781"/>
                  <String HEIGHT="165"
                          WIDTH="795"
                          VPOS="143"
                          HPOS="641"
                          CONTENT="Pantlånerskan"/>
                  <SP HEIGHT="165" WIDTH="47" VPOS="143" HPOS="1435"/>
                  <String HEIGHT="165"
                          WIDTH="281"
                          VPOS="143"
                          HPOS="1295"
                          CONTENT="J."/>
                  <SP HEIGHT="165" WIDTH="47" VPOS="143" HPOS="1576"/>
                  <String HEIGHT="165"
                          WIDTH="514"
                          VPOS="143"
                          HPOS="1435"
                          CONTENT="Jonsson"/>
                  <SP HEIGHT="165" WIDTH="47" VPOS="143" HPOS="1950"/>
                  <String HEIGHT="165" WIDTH="234" VPOS="143" HPOS="1809" CONTENT="i"/>
                  <SP HEIGHT="165" WIDTH="47" VPOS="143" HPOS="2043"/>
                  <String HEIGHT="165"
                          WIDTH="421"
                          VPOS="143"
                          HPOS="1903"
                          CONTENT="huset"/>
                  <SP HEIGHT="165" WIDTH="47" VPOS="143" HPOS="2324"/>
                  <String HEIGHT="165"
                          WIDTH="281"
                          VPOS="143"
                          HPOS="2183"
                          CONTENT="No"/>
                  <SP HEIGHT="165" WIDTH="47" VPOS="143" HPOS="2464"/>
                  <String HEIGHT="165" WIDTH="140" VPOS="143" HPOS="2277" CONTENT="6"/>
               </TextLine>
               <TextLine ID="r1l2"
                         BASELINE="534,352 577,350 621,349 665,348 709,348 753,348 796,348 840,348 884,348 928,348 972,348 1015,348 1059,348 1103,348 1147,346 1191,346 1234,346 1278,344 1322,344 1366,342 1410,340"
                         HEIGHT="196"
                         WIDTH="899"
                         VPOS="228"
                         HPOS="522">
                  <String HEIGHT="196"
                          WIDTH="393"
                          VPOS="228"
                          HPOS="466"
                          CONTENT="vid"/>
                  <SP HEIGHT="196" WIDTH="56" VPOS="228" HPOS="859"/>
                  <String HEIGHT="196"
                          WIDTH="787"
                          VPOS="228"
                          HPOS="634"
                          CONTENT="Eklundsgatan"/>
               </TextLine>
               <TextLine ID="r1l3"
                         BASELINE="530,470 624,467 718,463 812,462 906,460 1000,458 1094,458 1188,458 1282,459 1376,460 1471,462 1565,462 1659,465 1753,466 1847,468 1941,470 2035,472 2129,474 2223,474 2317,476 2412,476"
                         HEIGHT="139"
                         WIDTH="1908"
                         VPOS="402"
                         HPOS="518">
                  <String HEIGHT="139" WIDTH="204" VPOS="402" HPOS="484" CONTENT="No"/>
                  <SP HEIGHT="139" WIDTH="34" VPOS="402" HPOS="688"/>
                  <String HEIGHT="139"
                          WIDTH="273"
                          VPOS="402"
                          HPOS="586"
                          CONTENT="6699"/>
                  <SP HEIGHT="139" WIDTH="34" VPOS="402" HPOS="859"/>
                  <String HEIGHT="139"
                          WIDTH="239"
                          VPOS="402"
                          HPOS="757"
                          CONTENT="den"/>
                  <SP HEIGHT="139" WIDTH="34" VPOS="402" HPOS="995"/>
                  <String HEIGHT="139" WIDTH="204" VPOS="402" HPOS="893" CONTENT="19"/>
                  <SP HEIGHT="139" WIDTH="34" VPOS="402" HPOS="1097"/>
                  <String HEIGHT="139"
                          WIDTH="341"
                          VPOS="402"
                          HPOS="995"
                          CONTENT="sistl."/>
                  <SP HEIGHT="139" WIDTH="34" VPOS="402" HPOS="1336"/>
                  <String HEIGHT="139"
                          WIDTH="307"
                          VPOS="402"
                          HPOS="1234"
                          CONTENT="April"/>
                  <SP HEIGHT="139" WIDTH="34" VPOS="402" HPOS="1540"/>
                  <String HEIGHT="139" WIDTH="170" VPOS="402" HPOS="1438" CONTENT="å"/>
                  <SP HEIGHT="139" WIDTH="34" VPOS="402" HPOS="1608"/>
                  <String HEIGHT="139"
                          WIDTH="204"
                          VPOS="402"
                          HPOS="1506"
                          CONTENT="24"/>
                  <SP HEIGHT="139" WIDTH="34" VPOS="402" HPOS="1710"/>
                  <String HEIGHT="139"
                          WIDTH="239"
                          VPOS="402"
                          HPOS="1608"
                          CONTENT="st."/>
                  <SP HEIGHT="139" WIDTH="34" VPOS="402" HPOS="1847"/>
                  <String HEIGHT="139"
                          WIDTH="443"
                          VPOS="402"
                          HPOS="1745"
                          CONTENT="handdukar"/>
                  <SP HEIGHT="139" WIDTH="34" VPOS="402" HPOS="2188"/>
                  <String HEIGHT="139"
                          WIDTH="375"
                          VPOS="402"
                          HPOS="2051"
                          CONTENT="pantsatte"/>
               </TextLine>
               <TextLine ID="r1l4"
                         BASELINE="864,576 890,574 916,573 943,572 969,571 996,568"
                         HEIGHT="119"
                         WIDTH="162"
                         VPOS="511"
                         HPOS="849">
                  <String HEIGHT="119"
                          WIDTH="270"
                          VPOS="511"
                          HPOS="741"
                          CONTENT="för"/>
               </TextLine>
               <TextLine ID="r1l5"
                         BASELINE="2134,572 2159,574 2184,576 2209,577 2234,578 2259,579 2284,581 2310,584"
                         HEIGHT="126"
                         WIDTH="207"
                         VPOS="488"
                         HPOS="2120">
                  <String HEIGHT="126"
                          WIDTH="311"
                          VPOS="488"
                          HPOS="2068"
                          CONTENT="Kr"/>
                  <SP HEIGHT="126" WIDTH="52" VPOS="488" HPOS="2379"/>
                  <String HEIGHT="126" WIDTH="155" VPOS="488" HPOS="2172" CONTENT="5"/>
               </TextLine>
               <TextLine ID="r1l6"
                         BASELINE="540,648 615,645 690,644 766,644 841,644 917,646 992,648 1067,650 1143,652 1218,655 1294,658 1369,662 1444,664 1520,668 1595,670 1671,672 1746,673 1821,674 1897,673 1972,671 2048,668"
                         HEIGHT="187"
                         WIDTH="1534"
                         VPOS="561"
                         HPOS="528">
                  <String HEIGHT="187" WIDTH="183" VPOS="561" HPOS="491" CONTENT="&#34;"/>
                  <SP HEIGHT="187" WIDTH="37" VPOS="561" HPOS="674"/>
                  <String HEIGHT="187"
                          WIDTH="329"
                          VPOS="561"
                          HPOS="565"
                          CONTENT="16330"/>
                  <SP HEIGHT="187" WIDTH="37" VPOS="561" HPOS="893"/>
                  <String HEIGHT="187" WIDTH="219" VPOS="561" HPOS="784" CONTENT="en"/>
                  <SP HEIGHT="187" WIDTH="37" VPOS="561" HPOS="1003"/>
                  <String HEIGHT="187" WIDTH="183" VPOS="561" HPOS="893" CONTENT="3"/>
                  <SP HEIGHT="187" WIDTH="37" VPOS="561" HPOS="1076"/>
                  <String HEIGHT="187"
                          WIDTH="329"
                          VPOS="561"
                          HPOS="966"
                          CONTENT="sist."/>
                  <SP HEIGHT="187" WIDTH="37" VPOS="561" HPOS="1295"/>
                  <String HEIGHT="187"
                          WIDTH="475"
                          VPOS="561"
                          HPOS="1185"
                          CONTENT="September"/>
                  <SP HEIGHT="187" WIDTH="37" VPOS="561" HPOS="1660"/>
                  <String HEIGHT="187" WIDTH="183" VPOS="561" HPOS="1551" CONTENT="å"/>
                  <SP HEIGHT="187" WIDTH="37" VPOS="561" HPOS="1733"/>
                  <String HEIGHT="187" WIDTH="183" VPOS="561" HPOS="1624" CONTENT="3"/>
                  <SP HEIGHT="187" WIDTH="37" VPOS="561" HPOS="1806"/>
                  <String HEIGHT="187"
                          WIDTH="256"
                          VPOS="561"
                          HPOS="1697"
                          CONTENT="st."/>
                  <SP HEIGHT="187" WIDTH="37" VPOS="561" HPOS="1952"/>
                  <String HEIGHT="187"
                          WIDTH="256"
                          VPOS="561"
                          HPOS="1806"
                          CONTENT="ylle¬"
                          SUBS_TYPE="HypPart1"
                          SUBS_CONTENT="yllefiltar"/>
                  <HYP CONTENT="-"/>
               </TextLine>
               <TextLine ID="r1l7"
                         BASELINE="798,758 838,758 878,758 919,758 959,758 1000,760 1040,760 1080,762 1121,764 1161,765 1202,767 1242,768 1282,770 1323,772 1363,772 1404,774 1444,774 1484,774 1525,774 1565,774 1606,774"
                         HEIGHT="168"
                         WIDTH="837"
                         VPOS="682"
                         HPOS="784">
                  <String HEIGHT="168"
                          WIDTH="419"
                          VPOS="682"
                          HPOS="742"
                          CONTENT="filtar"
                          SUBS_TYPE="HypPart2"
                          SUBS_CONTENT="yllefiltar"/>
                  <SP HEIGHT="168" WIDTH="42" VPOS="682" HPOS="1161"/>
                  <String HEIGHT="168"
                          WIDTH="544"
                          VPOS="682"
                          HPOS="1035"
                          CONTENT="pantsatta"/>
                  <SP HEIGHT="168" WIDTH="42" VPOS="682" HPOS="1579"/>
                  <String HEIGHT="168"
                          WIDTH="209"
                          VPOS="682"
                          HPOS="1412"
                          CONTENT="för"/>
               </TextLine>
               <TextLine ID="line_1584797499721_7438"
                         BASELINE="2174,789 2181,790 2206,792 2232,792 2258,792 2284,790"
                         HEIGHT="125"
                         WIDTH="134"
                         VPOS="713"
                         HPOS="2161">
                  <String HEIGHT="125"
                          WIDTH="268"
                          VPOS="713"
                          HPOS="2027"
                          CONTENT="12"/>
               </TextLine>
               <TextLine ID="r1l9"
                         BASELINE="524,876 609,880 695,884 780,887 866,890 952,892 1037,895 1123,897 1208,898 1294,900 1380,902 1465,902 1551,904 1636,904 1722,904 1808,904 1893,904 1979,904 2064,902 2150,900 2236,900"
                         HEIGHT="162"
                         WIDTH="1738"
                         VPOS="830"
                         HPOS="512">
                  <String HEIGHT="162" WIDTH="261" VPOS="830" HPOS="469" CONTENT="af"/>
                  <SP HEIGHT="162" WIDTH="43" VPOS="830" HPOS="729"/>
                  <String HEIGHT="162"
                          WIDTH="652"
                          VPOS="830"
                          HPOS="599"
                          CONTENT="Pantlånaren"/>
                  <SP HEIGHT="162" WIDTH="43" VPOS="830" HPOS="1251"/>
                  <String HEIGHT="162"
                          WIDTH="261"
                          VPOS="830"
                          HPOS="1120"
                          CONTENT="W."/>
                  <SP HEIGHT="162" WIDTH="43" VPOS="830" HPOS="1381"/>
                  <String HEIGHT="162"
                          WIDTH="391"
                          VPOS="830"
                          HPOS="1251"
                          CONTENT="Karth"/>
                  <SP HEIGHT="162" WIDTH="43" VPOS="830" HPOS="1642"/>
                  <String HEIGHT="162" WIDTH="217" VPOS="830" HPOS="1511" CONTENT="i"/>
                  <SP HEIGHT="162" WIDTH="43" VPOS="830" HPOS="1729"/>
                  <String HEIGHT="162"
                          WIDTH="391"
                          VPOS="830"
                          HPOS="1598"
                          CONTENT="huset"/>
                  <SP HEIGHT="162" WIDTH="43" VPOS="830" HPOS="1989"/>
                  <String HEIGHT="162"
                          WIDTH="261"
                          VPOS="830"
                          HPOS="1859"
                          CONTENT="No"/>
                  <SP HEIGHT="162" WIDTH="43" VPOS="830" HPOS="2120"/>
                  <String HEIGHT="162" WIDTH="217" VPOS="830" HPOS="1989" CONTENT="5"/>
                  <SP HEIGHT="162" WIDTH="43" VPOS="830" HPOS="2207"/>
                  <String HEIGHT="162"
                          WIDTH="217"
                          VPOS="830"
                          HPOS="2033"
                          CONTENT="vid"/>
               </TextLine>
               <TextLine ID="r1l10"
                         BASELINE="512,1010 538,1010 564,1012 590,1012 616,1014 642,1015 668,1016 694,1016 721,1018 747,1018 773,1020 799,1020 825,1020 851,1022 877,1022 903,1024 930,1024"
                         HEIGHT="167"
                         WIDTH="445"
                         VPOS="920"
                         HPOS="499">
                  <String HEIGHT="167"
                          WIDTH="534"
                          VPOS="920"
                          HPOS="410"
                          CONTENT="Wallgatan."/>
               </TextLine>
               <TextLine ID="r1l11"
                         BASELINE="500,1146 593,1146 687,1146 780,1146 874,1148 968,1150 1061,1152 1155,1153 1248,1156 1342,1158 1436,1160 1529,1161 1623,1162 1716,1164 1810,1164 1904,1164 1997,1164 2091,1164 2184,1162 2278,1160 2372,1156"
                         HEIGHT="189"
                         WIDTH="1898"
                         VPOS="1072"
                         HPOS="487">
                  <String HEIGHT="189"
                          WIDTH="223"
                          VPOS="1072"
                          HPOS="450"
                          CONTENT="No"/>
                  <SP HEIGHT="189" WIDTH="37" VPOS="1072" HPOS="673"/>
                  <String HEIGHT="189"
                          WIDTH="335"
                          VPOS="1072"
                          HPOS="561"
                          CONTENT="29125"/>
                  <SP HEIGHT="189" WIDTH="37" VPOS="1072" HPOS="896"/>
                  <String HEIGHT="189"
                          WIDTH="261"
                          VPOS="1072"
                          HPOS="785"
                          CONTENT="den"/>
                  <SP HEIGHT="189" WIDTH="37" VPOS="1072" HPOS="1045"/>
                  <String HEIGHT="189"
                          WIDTH="223"
                          VPOS="1072"
                          HPOS="934"
                          CONTENT="11"/>
                  <SP HEIGHT="189" WIDTH="37" VPOS="1072" HPOS="1157"/>
                  <String HEIGHT="189"
                          WIDTH="372"
                          VPOS="1072"
                          HPOS="1045"
                          CONTENT="sistl."/>
                  <SP HEIGHT="189" WIDTH="37" VPOS="1072" HPOS="1417"/>
                  <String HEIGHT="189"
                          WIDTH="484"
                          VPOS="1072"
                          HPOS="1306"
                          CONTENT="September"/>
                  <SP HEIGHT="189" WIDTH="37" VPOS="1072" HPOS="1790"/>
                  <String HEIGHT="189"
                          WIDTH="186"
                          VPOS="1072"
                          HPOS="1678"
                          CONTENT="å"/>
                  <SP HEIGHT="189" WIDTH="37" VPOS="1072" HPOS="1864"/>
                  <String HEIGHT="189"
                          WIDTH="186"
                          VPOS="1072"
                          HPOS="1752"
                          CONTENT="3"/>
                  <SP HEIGHT="189" WIDTH="37" VPOS="1072" HPOS="1938"/>
                  <String HEIGHT="189"
                          WIDTH="261"
                          VPOS="1072"
                          HPOS="1827"
                          CONTENT="st."/>
                  <SP HEIGHT="189" WIDTH="37" VPOS="1072" HPOS="2087"/>
                  <String HEIGHT="189"
                          WIDTH="447"
                          VPOS="1072"
                          HPOS="1938"
                          CONTENT="yllefiltar"/>
               </TextLine>
               <TextLine ID="r1l12"
                         BASELINE="514,1272 548,1274 582,1274 616,1274 650,1274 684,1274 718,1273 752,1272 786,1272 820,1272 855,1271 889,1270 923,1270 957,1270 991,1270 1025,1272 1059,1272 1093,1272 1127,1274 1161,1276 1196,1278"
                         HEIGHT="158"
                         WIDTH="707"
                         VPOS="1204"
                         HPOS="501">
                  <String HEIGHT="158"
                          WIDTH="707"
                          VPOS="1204"
                          HPOS="447"
                          CONTENT="pantsatta"/>
                  <SP HEIGHT="158" WIDTH="54" VPOS="1204" HPOS="1154"/>
                  <String HEIGHT="158"
                          WIDTH="272"
                          VPOS="1204"
                          HPOS="936"
                          CONTENT="för"/>
               </TextLine>
               <TextLine ID="r1l13"
                         BASELINE="2026,1296 2052,1298 2078,1300 2104,1301 2130,1302 2156,1302 2182,1302 2208,1302 2234,1301 2260,1299 2286,1298 2312,1295 2338,1292"
                         HEIGHT="151"
                         WIDTH="339"
                         VPOS="1177"
                         HPOS="2012">
                  <String HEIGHT="151"
                          WIDTH="396"
                          VPOS="1177"
                          HPOS="1956"
                          CONTENT="Kr."/>
                  <SP HEIGHT="151" WIDTH="57" VPOS="1177" HPOS="2351"/>
                  <String HEIGHT="151"
                          WIDTH="226"
                          VPOS="1177"
                          HPOS="2125"
                          CONTENT="15"/>
               </TextLine>
               <TextLine ID="r1l14"
                         BASELINE="518,1406 611,1406 705,1406 799,1404 892,1403 986,1402 1080,1400 1173,1400 1267,1398 1361,1398 1455,1396 1548,1396 1642,1396 1736,1395 1829,1394 1923,1396 2017,1396 2110,1396 2204,1398 2298,1400 2392,1402"
                         HEIGHT="206"
                         WIDTH="1899"
                         VPOS="1295"
                         HPOS="505">
                  <String HEIGHT="206"
                          WIDTH="514"
                          VPOS="1295"
                          HPOS="465"
                          CONTENT="hvarjemte"/>
                  <SP HEIGHT="206" WIDTH="40" VPOS="1295" HPOS="980"/>
                  <String HEIGHT="206"
                          WIDTH="435"
                          VPOS="1295"
                          HPOS="861"
                          CONTENT="Sjöberg"/>
                  <SP HEIGHT="206" WIDTH="40" VPOS="1295" HPOS="1296"/>
                  <String HEIGHT="206"
                          WIDTH="593"
                          VPOS="1295"
                          HPOS="1178"
                          CONTENT="ytterligare"/>
                  <SP HEIGHT="206" WIDTH="40" VPOS="1295" HPOS="1771"/>
                  <String HEIGHT="206"
                          WIDTH="554"
                          VPOS="1295"
                          HPOS="1652"
                          CONTENT="förklarat;"/>
                  <SP HEIGHT="206" WIDTH="40" VPOS="1295" HPOS="2206"/>
                  <String HEIGHT="206"
                          WIDTH="277"
                          VPOS="1295"
                          HPOS="2088"
                          CONTENT="att"/>
                  <SP HEIGHT="206" WIDTH="40" VPOS="1295" HPOS="2364"/>
                  <String HEIGHT="206"
                          WIDTH="198"
                          VPOS="1295"
                          HPOS="2206"
                          CONTENT="han"/>
               </TextLine>
               <TextLine ID="r1l15"
                         BASELINE="528,1546 621,1544 714,1542 807,1542 900,1540 993,1538 1086,1536 1179,1534 1272,1531 1365,1530 1458,1528 1551,1526 1644,1526 1737,1524 1830,1524 1923,1526 2016,1526 2109,1528 2202,1530 2295,1534 2388,1538"
                         HEIGHT="219"
                         WIDTH="1883"
                         VPOS="1422"
                         HPOS="516">
                  <String HEIGHT="219"
                          WIDTH="350"
                          VPOS="1422"
                          HPOS="472"
                          CONTENT="från"/>
                  <SP HEIGHT="219" WIDTH="44" VPOS="1422" HPOS="823"/>
                  <String HEIGHT="219"
                          WIDTH="525"
                          VPOS="1422"
                          HPOS="691"
                          CONTENT="förrådet"/>
                  <SP HEIGHT="219" WIDTH="44" VPOS="1422" HPOS="1217"/>
                  <String HEIGHT="219"
                          WIDTH="219"
                          VPOS="1422"
                          HPOS="1085"
                          CONTENT="å"/>
                  <SP HEIGHT="219" WIDTH="44" VPOS="1422" HPOS="1304"/>
                  <String HEIGHT="219"
                          WIDTH="613"
                          VPOS="1422"
                          HPOS="1173"
                          CONTENT="Hospitalet"/>
                  <SP HEIGHT="219" WIDTH="44" VPOS="1422" HPOS="1786"/>
                  <String HEIGHT="219"
                          WIDTH="613"
                          VPOS="1422"
                          HPOS="1655"
                          CONTENT="tillgripit"/>
                  <SP HEIGHT="219" WIDTH="44" VPOS="1422" HPOS="2268"/>
                  <String HEIGHT="219"
                          WIDTH="307"
                          VPOS="1422"
                          HPOS="2092"
                          CONTENT="samt¬"
                          SUBS_TYPE="HypPart1"
                          SUBS_CONTENT="samtlige"/>
                  <HYP CONTENT="-"/>
               </TextLine>
               <TextLine ID="r1l16"
                         BASELINE="532,1672 626,1668 720,1662 814,1660 908,1658 1002,1656 1096,1654 1190,1654 1284,1654 1378,1654 1473,1654 1567,1655 1661,1656 1755,1656 1849,1658 1943,1658 2037,1658 2131,1658 2225,1658 2319,1656 2414,1656"
                         HEIGHT="197"
                         WIDTH="1907"
                         VPOS="1538"
                         HPOS="520">
                  <String HEIGHT="197"
                          WIDTH="325"
                          VPOS="1538"
                          HPOS="479"
                          CONTENT="lige"
                          SUBS_TYPE="HypPart2"
                          SUBS_CONTENT="samtlige"/>
                  <SP HEIGHT="197" WIDTH="41" VPOS="1538" HPOS="804"/>
                  <String HEIGHT="197"
                          WIDTH="243"
                          VPOS="1538"
                          HPOS="682"
                          CONTENT="de"/>
                  <SP HEIGHT="197" WIDTH="41" VPOS="1538" HPOS="926"/>
                  <String HEIGHT="197"
                          WIDTH="527"
                          VPOS="1538"
                          HPOS="804"
                          CONTENT="förenämde"/>
                  <SP HEIGHT="197" WIDTH="41" VPOS="1538" HPOS="1331"/>
                  <String HEIGHT="197"
                          WIDTH="446"
                          VPOS="1538"
                          HPOS="1210"
                          CONTENT="belånte"/>
                  <SP HEIGHT="197" WIDTH="41" VPOS="1538" HPOS="1656"/>
                  <String HEIGHT="197"
                          WIDTH="609"
                          VPOS="1538"
                          HPOS="1534"
                          CONTENT="persedlarne"/>
                  <SP HEIGHT="197" WIDTH="41" VPOS="1538" HPOS="2143"/>
                  <String HEIGHT="197"
                          WIDTH="284"
                          VPOS="1538"
                          HPOS="2021"
                          CONTENT="att"/>
                  <SP HEIGHT="197" WIDTH="41" VPOS="1538" HPOS="2305"/>
                  <String HEIGHT="197"
                          WIDTH="284"
                          VPOS="1538"
                          HPOS="2143"
                          CONTENT="sedan"/>
               </TextLine>
               <TextLine ID="r1l17"
                         BASELINE="544,1796 635,1792 726,1788 817,1787 908,1786 999,1786 1090,1786 1181,1786 1272,1786 1363,1786 1454,1788 1545,1790 1636,1790 1727,1792 1818,1792 1909,1792 2000,1792 2091,1792 2182,1791 2273,1790 2364,1788"
                         HEIGHT="186"
                         WIDTH="1846"
                         VPOS="1692"
                         HPOS="531">
                  <String HEIGHT="186"
                          WIDTH="947"
                          VPOS="1692"
                          HPOS="484"
                          CONTENT="ciggarhandlanden"/>
                  <SP HEIGHT="186" WIDTH="47" VPOS="1692" HPOS="1430"/>
                  <String HEIGHT="186"
                          WIDTH="473"
                          VPOS="1692"
                          HPOS="1288"
                          CONTENT="August"/>
                  <SP HEIGHT="186" WIDTH="47" VPOS="1692" HPOS="1762"/>
                  <String HEIGHT="186"
                          WIDTH="568"
                          VPOS="1692"
                          HPOS="1620"
                          CONTENT="Hansson,"/>
                  <SP HEIGHT="186" WIDTH="47" VPOS="1692" HPOS="2188"/>
                  <String HEIGHT="186"
                          WIDTH="379"
                          VPOS="1692"
                          HPOS="1998"
                          CONTENT="boende"/>
               </TextLine>
               <TextLine ID="r1l18"
                         BASELINE="522,1930 613,1927 704,1922 795,1919 887,1916 978,1916 1069,1916 1161,1916 1252,1916 1343,1918 1435,1920 1526,1922 1617,1924 1708,1926 1800,1929 1891,1931 1982,1934 2074,1936 2165,1938 2256,1939 2348,1940"
                         HEIGHT="191"
                         WIDTH="1852"
                         VPOS="1803"
                         HPOS="510">
                  <String HEIGHT="191" WIDTH="220" VPOS="1803" HPOS="466" CONTENT="i"/>
                  <SP HEIGHT="191" WIDTH="44" VPOS="1803" HPOS="686"/>
                  <String HEIGHT="191"
                          WIDTH="397"
                          VPOS="1803"
                          HPOS="554"
                          CONTENT="huset"/>
                  <SP HEIGHT="191" WIDTH="44" VPOS="1803" HPOS="951"/>
                  <String HEIGHT="191"
                          WIDTH="265"
                          VPOS="1803"
                          HPOS="819"
                          CONTENT="No"/>
                  <SP HEIGHT="191" WIDTH="44" VPOS="1803" HPOS="1083"/>
                  <String HEIGHT="191" WIDTH="220" VPOS="1803" HPOS="951" CONTENT="1"/>
                  <SP HEIGHT="191" WIDTH="44" VPOS="1803" HPOS="1171"/>
                  <String HEIGHT="191"
                          WIDTH="309"
                          VPOS="1803"
                          HPOS="1039"
                          CONTENT="vid"/>
                  <SP HEIGHT="191" WIDTH="44" VPOS="1803" HPOS="1348"/>
                  <String HEIGHT="191"
                          WIDTH="838"
                          VPOS="1803"
                          HPOS="1216"
                          CONTENT="Drottningtorget"/>
                  <SP HEIGHT="191" WIDTH="44" VPOS="1803" HPOS="2053"/>
                  <String HEIGHT="191"
                          WIDTH="220"
                          VPOS="1803"
                          HPOS="1921"
                          CONTENT="å"/>
                  <SP HEIGHT="191" WIDTH="44" VPOS="1803" HPOS="2142"/>
                  <String HEIGHT="191"
                          WIDTH="397"
                          VPOS="1803"
                          HPOS="1965"
                          CONTENT="Auktion"/>
               </TextLine>
               <TextLine ID="r1l19"
                         BASELINE="506,2060 601,2054 697,2050 792,2046 888,2044 983,2044 1079,2044 1174,2044 1270,2046 1365,2048 1461,2050 1556,2052 1652,2054 1747,2056 1843,2058 1938,2060 2034,2062 2129,2062 2225,2060 2320,2060 2416,2056"
                         HEIGHT="194"
                         WIDTH="1936"
                         VPOS="1937"
                         HPOS="493">
                  <String HEIGHT="194"
                          WIDTH="277"
                          VPOS="1937"
                          HPOS="453"
                          CONTENT="den"/>
                  <SP HEIGHT="194" WIDTH="40" VPOS="1937" HPOS="730"/>
                  <String HEIGHT="194"
                          WIDTH="237"
                          VPOS="1937"
                          HPOS="612"
                          CONTENT="28"/>
                  <SP HEIGHT="194" WIDTH="40" VPOS="1937" HPOS="849"/>
                  <String HEIGHT="194"
                          WIDTH="356"
                          VPOS="1937"
                          HPOS="730"
                          CONTENT="sist."/>
                  <SP HEIGHT="194" WIDTH="40" VPOS="1937" HPOS="1086"/>
                  <String HEIGHT="194"
                          WIDTH="356"
                          VPOS="1937"
                          HPOS="967"
                          CONTENT="April"/>
                  <SP HEIGHT="194" WIDTH="40" VPOS="1937" HPOS="1323"/>
                  <String HEIGHT="194"
                          WIDTH="395"
                          VPOS="1937"
                          HPOS="1204"
                          CONTENT="åtagit"/>
                  <SP HEIGHT="194" WIDTH="40" VPOS="1937" HPOS="1599"/>
                  <String HEIGHT="194"
                          WIDTH="277"
                          VPOS="1937"
                          HPOS="1481"
                          CONTENT="sig"/>
                  <SP HEIGHT="194" WIDTH="40" VPOS="1937" HPOS="1757"/>
                  <String HEIGHT="194"
                          WIDTH="277"
                          VPOS="1937"
                          HPOS="1639"
                          CONTENT="att"/>
                  <SP HEIGHT="194" WIDTH="40" VPOS="1937" HPOS="1915"/>
                  <String HEIGHT="194"
                          WIDTH="316"
                          VPOS="1937"
                          HPOS="1797"
                          CONTENT="till"/>
                  <SP HEIGHT="194" WIDTH="40" VPOS="1937" HPOS="2113"/>
                  <String HEIGHT="194"
                          WIDTH="474"
                          VPOS="1937"
                          HPOS="1955"
                          CONTENT="Hospitalet"/>
               </TextLine>
               <TextLine ID="r1l20"
                         BASELINE="494,2184 588,2180 682,2178 777,2176 871,2176 966,2176 1060,2178 1154,2179 1249,2182 1343,2184 1438,2188 1532,2192 1626,2195 1721,2200 1815,2202 1910,2206 2004,2210 2098,2213 2193,2216 2287,2218 2382,2220"
                         HEIGHT="183"
                         WIDTH="1912"
                         VPOS="2102"
                         HPOS="483">
                  <String HEIGHT="183"
                          WIDTH="359"
                          VPOS="2102"
                          HPOS="443"
                          CONTENT="lemna"/>
                  <SP HEIGHT="183" WIDTH="40" VPOS="2102" HPOS="802"/>
                  <String HEIGHT="183"
                          WIDTH="239"
                          VPOS="2102"
                          HPOS="682"
                          CONTENT="30"/>
                  <SP HEIGHT="183" WIDTH="40" VPOS="2102" HPOS="921"/>
                  <String HEIGHT="183"
                          WIDTH="279"
                          VPOS="2102"
                          HPOS="802"
                          CONTENT="st."/>
                  <SP HEIGHT="183" WIDTH="40" VPOS="2102" HPOS="1081"/>
                  <String HEIGHT="183"
                          WIDTH="598"
                          VPOS="2102"
                          HPOS="961"
                          CONTENT="yllefiltar,"/>
                  <SP HEIGHT="183" WIDTH="40" VPOS="2102" HPOS="1559"/>
                  <String HEIGHT="183"
                          WIDTH="359"
                          VPOS="2102"
                          HPOS="1439"
                          CONTENT="deraf"/>
                  <SP HEIGHT="183" WIDTH="40" VPOS="2102" HPOS="1798"/>
                  <String HEIGHT="183"
                          WIDTH="239"
                          VPOS="2102"
                          HPOS="1678"
                          CONTENT="10"/>
                  <SP HEIGHT="183" WIDTH="40" VPOS="2102" HPOS="1917"/>
                  <String HEIGHT="183"
                          WIDTH="438"
                          VPOS="2102"
                          HPOS="1798"
                          CONTENT="stycken"/>
                  <SP HEIGHT="183" WIDTH="40" VPOS="2102" HPOS="2236"/>
                  <String HEIGHT="183"
                          WIDTH="319"
                          VPOS="2102"
                          HPOS="2076"
                          CONTENT="filtar"/>
               </TextLine>
               <TextLine ID="r1l21"
                         BASELINE="514,2328 606,2324 698,2322 791,2320 883,2318 976,2318 1068,2317 1160,2318 1253,2318 1345,2320 1438,2322 1530,2324 1622,2328 1715,2330 1807,2334 1900,2337 1992,2340 2084,2344 2177,2348 2269,2352 2362,2356"
                         HEIGHT="185"
                         WIDTH="1874"
                         VPOS="2244"
                         HPOS="501">
                  <String HEIGHT="185"
                          WIDTH="324"
                          VPOS="2244"
                          HPOS="465"
                          CONTENT="efter"/>
                  <SP HEIGHT="185" WIDTH="36" VPOS="2244" HPOS="789"/>
                  <String HEIGHT="185"
                          WIDTH="252"
                          VPOS="2244"
                          HPOS="681"
                          CONTENT="ett"/>
                  <SP HEIGHT="185" WIDTH="36" VPOS="2244" HPOS="933"/>
                  <String HEIGHT="185"
                          WIDTH="288"
                          VPOS="2244"
                          HPOS="825"
                          CONTENT="pris"/>
                  <SP HEIGHT="185" WIDTH="36" VPOS="2244" HPOS="1114"/>
                  <String HEIGHT="185"
                          WIDTH="180"
                          VPOS="2244"
                          HPOS="1006"
                          CONTENT="å"/>
                  <SP HEIGHT="185" WIDTH="36" VPOS="2244" HPOS="1186"/>
                  <String HEIGHT="185"
                          WIDTH="216"
                          VPOS="2244"
                          HPOS="1078"
                          CONTENT="15"/>
                  <SP HEIGHT="185" WIDTH="36" VPOS="2244" HPOS="1294"/>
                  <String HEIGHT="185"
                          WIDTH="360"
                          VPOS="2244"
                          HPOS="1186"
                          CONTENT="kronor"/>
                  <SP HEIGHT="185" WIDTH="36" VPOS="2244" HPOS="1546"/>
                  <String HEIGHT="185"
                          WIDTH="216"
                          VPOS="2244"
                          HPOS="1438"
                          CONTENT="25"/>
                  <SP HEIGHT="185" WIDTH="36" VPOS="2244" HPOS="1654"/>
                  <String HEIGHT="185"
                          WIDTH="252"
                          VPOS="2244"
                          HPOS="1546"
                          CONTENT="öre"/>
                  <SP HEIGHT="185" WIDTH="36" VPOS="2244" HPOS="1798"/>
                  <String HEIGHT="185"
                          WIDTH="252"
                          VPOS="2244"
                          HPOS="1690"
                          CONTENT="st."/>
                  <SP HEIGHT="185" WIDTH="36" VPOS="2244" HPOS="1943"/>
                  <String HEIGHT="185"
                          WIDTH="252"
                          VPOS="2244"
                          HPOS="1834"
                          CONTENT="och"/>
                  <SP HEIGHT="185" WIDTH="36" VPOS="2244" HPOS="2087"/>
                  <String HEIGHT="185"
                          WIDTH="216"
                          VPOS="2244"
                          HPOS="1979"
                          CONTENT="20"/>
                  <SP HEIGHT="185" WIDTH="36" VPOS="2244" HPOS="2195"/>
                  <String HEIGHT="185"
                          WIDTH="324"
                          VPOS="2244"
                          HPOS="2051"
                          CONTENT="stycken"/>
               </TextLine>
               <TextLine ID="r1l22"
                         BASELINE="510,2468 604,2462 698,2458 792,2455 886,2452 980,2452 1074,2450 1168,2450 1262,2452 1356,2452 1451,2454 1545,2456 1639,2458 1733,2461 1827,2464 1921,2466 2015,2468 2109,2470 2203,2472 2297,2472 2392,2472"
                         HEIGHT="195"
                         WIDTH="1908"
                         VPOS="2355"
                         HPOS="498">
                  <String HEIGHT="195"
                          WIDTH="374"
                          VPOS="2355"
                          HPOS="461"
                          CONTENT="filtur"/>
                  <SP HEIGHT="195" WIDTH="37" VPOS="2355" HPOS="835"/>
                  <String HEIGHT="195"
                          WIDTH="337"
                          VPOS="2355"
                          HPOS="722"
                          CONTENT="efter"/>
                  <SP HEIGHT="195" WIDTH="37" VPOS="2355" HPOS="1059"/>
                  <String HEIGHT="195"
                          WIDTH="224"
                          VPOS="2355"
                          HPOS="947"
                          CONTENT="16"/>
                  <SP HEIGHT="195" WIDTH="37" VPOS="2355" HPOS="1171"/>
                  <String HEIGHT="195"
                          WIDTH="374"
                          VPOS="2355"
                          HPOS="1059"
                          CONTENT="kronor"/>
                  <SP HEIGHT="195" WIDTH="37" VPOS="2355" HPOS="1433"/>
                  <String HEIGHT="195"
                          WIDTH="224"
                          VPOS="2355"
                          HPOS="1321"
                          CONTENT="25"/>
                  <SP HEIGHT="195" WIDTH="37" VPOS="2355" HPOS="1546"/>
                  <String HEIGHT="195"
                          WIDTH="262"
                          VPOS="2355"
                          HPOS="1433"
                          CONTENT="öre"/>
                  <SP HEIGHT="195" WIDTH="37" VPOS="2355" HPOS="1695"/>
                  <String HEIGHT="195"
                          WIDTH="299"
                          VPOS="2355"
                          HPOS="1583"
                          CONTENT="st.;"/>
                  <SP HEIGHT="195" WIDTH="37" VPOS="2355" HPOS="1882"/>
                  <String HEIGHT="195"
                          WIDTH="262"
                          VPOS="2355"
                          HPOS="1770"
                          CONTENT="125"/>
                  <SP HEIGHT="195" WIDTH="37" VPOS="2355" HPOS="2032"/>
                  <String HEIGHT="195"
                          WIDTH="412"
                          VPOS="2355"
                          HPOS="1920"
                          CONTENT="stycken"/>
                  <SP HEIGHT="195" WIDTH="37" VPOS="2355" HPOS="2331"/>
                  <String HEIGHT="195"
                          WIDTH="224"
                          VPOS="2355"
                          HPOS="2182"
                          CONTENT="hår¬"
                          SUBS_TYPE="HypPart1"
                          SUBS_CONTENT="hårtäcken"/>
                  <HYP CONTENT="-"/>
               </TextLine>
               <TextLine ID="r1l23"
                         BASELINE="490,2600 585,2596 681,2592 777,2590 872,2588 968,2586 1064,2586 1159,2586 1255,2588 1351,2589 1447,2590 1542,2592 1638,2594 1734,2598 1829,2600 1925,2602 2021,2604 2116,2606 2212,2608 2308,2610 2404,2610"
                         HEIGHT="193"
                         WIDTH="1941"
                         VPOS="2497"
                         HPOS="477">
                  <String HEIGHT="193"
                          WIDTH="404"
                          VPOS="2497"
                          HPOS="437"
                          CONTENT="täcken"
                          SUBS_TYPE="HypPart2"
                          SUBS_CONTENT="hårtäcken"/>
                  <SP HEIGHT="193" WIDTH="40" VPOS="2497" HPOS="841"/>
                  <String HEIGHT="193"
                          WIDTH="364"
                          VPOS="2497"
                          HPOS="720"
                          CONTENT="efter"/>
                  <SP HEIGHT="193" WIDTH="40" VPOS="2497" HPOS="1084"/>
                  <String HEIGHT="193"
                          WIDTH="283"
                          VPOS="2497"
                          HPOS="962"
                          CONTENT="ett"/>
                  <SP HEIGHT="193" WIDTH="40" VPOS="2497" HPOS="1245"/>
                  <String HEIGHT="193"
                          WIDTH="324"
                          VPOS="2497"
                          HPOS="1124"
                          CONTENT="pris"/>
                  <SP HEIGHT="193" WIDTH="40" VPOS="2497" HPOS="1448"/>
                  <String HEIGHT="193"
                          WIDTH="243"
                          VPOS="2497"
                          HPOS="1326"
                          CONTENT="af"/>
                  <SP HEIGHT="193" WIDTH="40" VPOS="2497" HPOS="1569"/>
                  <String HEIGHT="193"
                          WIDTH="202"
                          VPOS="2497"
                          HPOS="1448"
                          CONTENT="3"/>
                  <SP HEIGHT="193" WIDTH="40" VPOS="2497" HPOS="1650"/>
                  <String HEIGHT="193"
                          WIDTH="404"
                          VPOS="2497"
                          HPOS="1528"
                          CONTENT="kannor"/>
                  <SP HEIGHT="193" WIDTH="40" VPOS="2497" HPOS="1933"/>
                  <String HEIGHT="193"
                          WIDTH="243"
                          VPOS="2497"
                          HPOS="1811"
                          CONTENT="65"/>
                  <SP HEIGHT="193" WIDTH="40" VPOS="2497" HPOS="2054"/>
                  <String HEIGHT="193"
                          WIDTH="283"
                          VPOS="2497"
                          HPOS="1933"
                          CONTENT="öre"/>
                  <SP HEIGHT="193" WIDTH="40" VPOS="2497" HPOS="2216"/>
                  <String HEIGHT="193"
                          WIDTH="364"
                          VPOS="2497"
                          HPOS="2054"
                          CONTENT="stycket"/>
               </TextLine>
               <TextLine ID="r1l24"
                         BASELINE="486,2734 580,2729 674,2724 768,2722 863,2719 957,2718 1051,2716 1146,2718 1240,2718 1334,2720 1429,2722 1523,2724 1617,2726 1711,2728 1806,2731 1900,2734 1994,2736 2089,2738 2183,2740 2277,2742 2372,2742"
                         HEIGHT="198"
                         WIDTH="1912"
                         VPOS="2637"
                         HPOS="473">
                  <String HEIGHT="198"
                          WIDTH="297"
                          VPOS="2637"
                          HPOS="431"
                          CONTENT="och"/>
                  <SP HEIGHT="198" WIDTH="42" VPOS="2637" HPOS="728"/>
                  <String HEIGHT="198"
                          WIDTH="297"
                          VPOS="2637"
                          HPOS="600"
                          CONTENT="150"/>
                  <SP HEIGHT="198" WIDTH="42" VPOS="2637" HPOS="898"/>
                  <String HEIGHT="198"
                          WIDTH="467"
                          VPOS="2637"
                          HPOS="770"
                          CONTENT="stycken"/>
                  <SP HEIGHT="198" WIDTH="42" VPOS="2637" HPOS="1238"/>
                  <String HEIGHT="198"
                          WIDTH="850"
                          VPOS="2637"
                          HPOS="1110"
                          CONTENT="bomullshalsdukar"/>
                  <SP HEIGHT="198" WIDTH="42" VPOS="2637" HPOS="1960"/>
                  <String HEIGHT="198"
                          WIDTH="382"
                          VPOS="2637"
                          HPOS="1833"
                          CONTENT="efter"/>
                  <SP HEIGHT="198" WIDTH="42" VPOS="2637" HPOS="2215"/>
                  <String HEIGHT="198"
                          WIDTH="255"
                          VPOS="2637"
                          HPOS="2088"
                          CONTENT="49"/>
                  <SP HEIGHT="198" WIDTH="42" VPOS="2637" HPOS="2343"/>
                  <String HEIGHT="198"
                          WIDTH="212"
                          VPOS="2637"
                          HPOS="2173"
                          CONTENT="öre"/>
               </TextLine>
               <TextLine ID="r1l25"
                         BASELINE="496,2862 591,2861 686,2860 781,2860 876,2860 972,2862 1067,2862 1162,2864 1257,2864 1352,2867 1448,2869 1543,2871 1638,2873 1733,2876 1828,2878 1924,2880 2019,2883 2114,2886 2209,2888 2304,2890 2400,2892"
                         HEIGHT="212"
                         WIDTH="1930"
                         VPOS="2752"
                         HPOS="484">
                  <String HEIGHT="212"
                          WIDTH="351"
                          VPOS="2752"
                          HPOS="440"
                          CONTENT="st.:"/>
                  <SP HEIGHT="212" WIDTH="44" VPOS="2752" HPOS="791"/>
                  <String HEIGHT="212"
                          WIDTH="307"
                          VPOS="2752"
                          HPOS="659"
                          CONTENT="och"/>
                  <SP HEIGHT="212" WIDTH="44" VPOS="2752" HPOS="966"/>
                  <String HEIGHT="212"
                          WIDTH="483"
                          VPOS="2752"
                          HPOS="835"
                          CONTENT="Sjöberg"/>
                  <SP HEIGHT="212" WIDTH="44" VPOS="2752" HPOS="1317"/>
                  <String HEIGHT="212"
                          WIDTH="351"
                          VPOS="2752"
                          HPOS="1186"
                          CONTENT="samt"/>
                  <SP HEIGHT="212" WIDTH="44" VPOS="2752" HPOS="1537"/>
                  <String HEIGHT="212"
                          WIDTH="483"
                          VPOS="2752"
                          HPOS="1405"
                          CONTENT="Hansson"/>
                  <SP HEIGHT="212" WIDTH="44" VPOS="2752" HPOS="1888"/>
                  <String HEIGHT="212"
                          WIDTH="702"
                          VPOS="2752"
                          HPOS="1712"
                          CONTENT="öfverenskommit"/>
               </TextLine>
               <TextLine ID="r1l26"
                         BASELINE="492,2986 585,2984 678,2984 771,2984 864,2986 958,2988 1051,2990 1144,2992 1237,2994 1330,2998 1424,3001 1517,3004 1610,3007 1703,3010 1796,3012 1890,3014 1983,3016 2076,3018 2169,3018 2262,3018 2356,3016"
                         HEIGHT="165"
                         WIDTH="1892"
                         VPOS="2907"
                         HPOS="478">
                  <String HEIGHT="165"
                          WIDTH="282"
                          VPOS="2907"
                          HPOS="438"
                          CONTENT="att"/>
                  <SP HEIGHT="165" WIDTH="40" VPOS="2907" HPOS="720"/>
                  <String HEIGHT="165"
                          WIDTH="242"
                          VPOS="2907"
                          HPOS="599"
                          CONTENT="de"/>
                  <SP HEIGHT="165" WIDTH="40" VPOS="2907" HPOS="840"/>
                  <String HEIGHT="165"
                          WIDTH="242"
                          VPOS="2907"
                          HPOS="720"
                          CONTENT="af"/>
                  <SP HEIGHT="165" WIDTH="40" VPOS="2907" HPOS="961"/>
                  <String HEIGHT="165"
                          WIDTH="443"
                          VPOS="2907"
                          HPOS="840"
                          CONTENT="berörde"/>
                  <SP HEIGHT="165" WIDTH="40" VPOS="2907" HPOS="1283"/>
                  <String HEIGHT="165"
                          WIDTH="362"
                          VPOS="2907"
                          HPOS="1162"
                          CONTENT="parti"/>
                  <SP HEIGHT="165" WIDTH="40" VPOS="2907" HPOS="1525"/>
                  <String HEIGHT="165"
                          WIDTH="403"
                          VPOS="2907"
                          HPOS="1404"
                          CONTENT="skulle"/>
                  <SP HEIGHT="165" WIDTH="40" VPOS="2907" HPOS="1806"/>
                  <String HEIGHT="165"
                          WIDTH="443"
                          VPOS="2907"
                          HPOS="1686"
                          CONTENT="levrera"/>
                  <SP HEIGHT="165" WIDTH="40" VPOS="2907" HPOS="2128"/>
                  <String HEIGHT="165"
                          WIDTH="322"
                          VPOS="2907"
                          HPOS="2008"
                          CONTENT="hvar"/>
                  <SP HEIGHT="165" WIDTH="40" VPOS="2907" HPOS="2330"/>
                  <String HEIGHT="165"
                          WIDTH="201"
                          VPOS="2907"
                          HPOS="2169"
                          CONTENT="sin"/>
               </TextLine>
               <TextLine ID="r1l27"
                         BASELINE="512,3110 557,3111 603,3112 648,3112 694,3112 739,3113 785,3114 830,3114 876,3114 921,3114 967,3115 1012,3116 1058,3116 1103,3118 1149,3120 1194,3122 1240,3124 1285,3128 1331,3132 1376,3135 1422,3140"
                         HEIGHT="177"
                         WIDTH="936"
                         VPOS="3038"
                         HPOS="499">
                  <String HEIGHT="177"
                          WIDTH="312"
                          VPOS="3038"
                          HPOS="454"
                          CONTENT="del"/>
                  <SP HEIGHT="177" WIDTH="45" VPOS="3038" HPOS="766"/>
                  <String HEIGHT="177"
                          WIDTH="535"
                          VPOS="3038"
                          HPOS="633"
                          CONTENT="nemligen"/>
                  <SP HEIGHT="177" WIDTH="45" VPOS="3038" HPOS="1168"/>
                  <String HEIGHT="177"
                          WIDTH="446"
                          VPOS="3038"
                          HPOS="989"
                          CONTENT="Sjöberg."/>
               </TextLine>
               <TextLine ID="r1l28"
                         BASELINE="502,3242 527,3242 552,3240 577,3240 602,3240 627,3240 652,3240 677,3240 702,3240 727,3242 752,3242 777,3242 802,3242 827,3242 852,3243 877,3244 902,3244 927,3244 952,3244"
                         HEIGHT="201"
                         WIDTH="475"
                         VPOS="3125"
                         HPOS="490">
                  <String HEIGHT="201"
                          WIDTH="219"
                          VPOS="3125"
                          HPOS="453"
                          CONTENT="10"/>
                  <SP HEIGHT="201" WIDTH="37" VPOS="3125" HPOS="673"/>
                  <String HEIGHT="201"
                          WIDTH="256"
                          VPOS="3125"
                          HPOS="563"
                          CONTENT="st."/>
                  <SP HEIGHT="201" WIDTH="37" VPOS="3125" HPOS="819"/>
                  <String HEIGHT="201"
                          WIDTH="292"
                          VPOS="3125"
                          HPOS="673"
                          CONTENT="filtar"/>
               </TextLine>
               <TextLine ID="r1l29"
                         BASELINE="1380,3270 1408,3272 1437,3274 1466,3276 1495,3277 1524,3278 1552,3281 1581,3282 1610,3284 1639,3285 1668,3286 1696,3288 1725,3289 1754,3290 1783,3290 1812,3292 1840,3292 1869,3292 1898,3292 1927,3292 1956,3292"
                         HEIGHT="168"
                         WIDTH="604"
                         VPOS="3185"
                         HPOS="1366">
                  <String HEIGHT="168"
                          WIDTH="201"
                          VPOS="3185"
                          HPOS="1326"
                          CONTENT="å"/>
                  <SP HEIGHT="168" WIDTH="40" VPOS="3185" HPOS="1527"/>
                  <String HEIGHT="168"
                          WIDTH="242"
                          VPOS="3185"
                          HPOS="1406"
                          CONTENT="15"/>
                  <SP HEIGHT="168" WIDTH="40" VPOS="3185" HPOS="1648"/>
                  <String HEIGHT="168"
                          WIDTH="242"
                          VPOS="3185"
                          HPOS="1527"
                          CONTENT="kr"/>
                  <SP HEIGHT="168" WIDTH="40" VPOS="3185" HPOS="1769"/>
                  <String HEIGHT="168"
                          WIDTH="242"
                          VPOS="3185"
                          HPOS="1648"
                          CONTENT="25"/>
                  <SP HEIGHT="168" WIDTH="40" VPOS="3185" HPOS="1889"/>
                  <String HEIGHT="168"
                          WIDTH="242"
                          VPOS="3185"
                          HPOS="1728"
                          CONTENT="öre."/>
               </TextLine>
               <TextLine ID="r1l31"
                         BASELINE="2040,3298 2066,3302 2093,3306 2120,3311 2146,3314 2173,3317 2200,3320 2226,3323 2253,3326 2280,3329 2306,3331 2333,3332 2360,3334"
                         HEIGHT="178"
                         WIDTH="353"
                         VPOS="3226"
                         HPOS="2025">
                  <String HEIGHT="178"
                          WIDTH="196"
                          VPOS="3226"
                          HPOS="1986"
                          CONTENT="K"/>
                  <SP HEIGHT="178" WIDTH="39" VPOS="3226" HPOS="2182"/>
                  <String HEIGHT="178"
                          WIDTH="353"
                          VPOS="3226"
                          HPOS="2025"
                          CONTENT="152.50."/>
               </TextLine>
               <TextLine ID="r1l32"
                         BASELINE="480,3378 509,3378 539,3378 568,3378 598,3378 628,3378 657,3377 687,3376 716,3376 746,3376 776,3376 805,3376 835,3376 864,3376 894,3376 924,3376 953,3376 983,3377 1012,3378 1042,3379 1072,3382"
                         HEIGHT="153"
                         WIDTH="617"
                         VPOS="3267"
                         HPOS="467">
                  <String HEIGHT="153"
                          WIDTH="231"
                          VPOS="3267"
                          HPOS="428"
                          CONTENT="25"/>
                  <SP HEIGHT="153" WIDTH="39" VPOS="3267" HPOS="660"/>
                  <String HEIGHT="153"
                          WIDTH="270"
                          VPOS="3267"
                          HPOS="544"
                          CONTENT="st."/>
                  <SP HEIGHT="153" WIDTH="39" VPOS="3267" HPOS="814"/>
                  <String HEIGHT="153"
                          WIDTH="424"
                          VPOS="3267"
                          HPOS="660"
                          CONTENT="hårtäcken"/>
               </TextLine>
               <TextLine ID="r1l33"
                         BASELINE="1526,3416 1552,3416 1578,3414 1605,3414 1631,3416 1658,3416 1684,3417 1711,3418 1737,3419 1763,3421 1790,3423 1816,3425 1843,3426 1869,3428 1896,3430"
                         HEIGHT="134"
                         WIDTH="399"
                         VPOS="3332"
                         HPOS="1511">
                  <String HEIGHT="134"
                          WIDTH="249"
                          VPOS="3332"
                          HPOS="1461"
                          CONTENT="3"/>
                  <SP HEIGHT="134" WIDTH="50" VPOS="3332" HPOS="1711"/>
                  <String HEIGHT="134"
                          WIDTH="249"
                          VPOS="3332"
                          HPOS="1561"
                          CONTENT="&#34;"/>
                  <SP HEIGHT="134" WIDTH="50" VPOS="3332" HPOS="1810"/>
                  <String HEIGHT="134"
                          WIDTH="299"
                          VPOS="3332"
                          HPOS="1661"
                          CONTENT="65"/>
                  <SP HEIGHT="134" WIDTH="50" VPOS="3332" HPOS="1960"/>
                  <String HEIGHT="134"
                          WIDTH="150"
                          VPOS="3332"
                          HPOS="1760"
                          CONTENT="&#34;"/>
               </TextLine>
               <TextLine ID="r1l34"
                         BASELINE="2100,3434 2126,3438 2152,3441 2178,3444 2204,3446 2231,3448 2257,3448 2283,3448 2309,3448 2335,3448 2362,3446"
                         HEIGHT="121"
                         WIDTH="291"
                         VPOS="3377"
                         HPOS="2084">
                  <String HEIGHT="121"
                          WIDTH="407"
                          VPOS="3377"
                          HPOS="1968"
                          CONTENT="91.25"/>
               </TextLine>
               <TextLine ID="r1l35"
                         BASELINE="486,3508 517,3508 549,3508 581,3508 612,3508 644,3508 676,3508 707,3510 739,3510 771,3510 803,3510 834,3510 866,3510 898,3510 929,3510 961,3510 993,3512 1024,3512 1056,3512 1088,3512 1120,3514"
                         HEIGHT="143"
                         WIDTH="658"
                         VPOS="3395"
                         HPOS="475">
                  <String HEIGHT="143"
                          WIDTH="263"
                          VPOS="3395"
                          HPOS="431"
                          CONTENT="40"/>
                  <SP HEIGHT="143" WIDTH="44" VPOS="3395" HPOS="694"/>
                  <String HEIGHT="143" WIDTH="219" VPOS="3395" HPOS="563" CONTENT="&#34;"/>
                  <SP HEIGHT="143" WIDTH="44" VPOS="3395" HPOS="782"/>
                  <String HEIGHT="143"
                          WIDTH="526"
                          VPOS="3395"
                          HPOS="607"
                          CONTENT="halsdukar."/>
               </TextLine>
               <TextLine ID="r1l36"
                         BASELINE="1680,3534 1707,3539 1734,3541 1762,3543 1789,3545 1817,3548 1844,3548 1872,3550"
                         HEIGHT="125"
                         WIDTH="221"
                         VPOS="3479"
                         HPOS="1663">
                  <String HEIGHT="125"
                          WIDTH="332"
                          VPOS="3479"
                          HPOS="1608"
                          CONTENT="49"/>
                  <SP HEIGHT="125" WIDTH="55" VPOS="3479" HPOS="1939"/>
                  <String HEIGHT="125"
                          WIDTH="166"
                          VPOS="3479"
                          HPOS="1718"
                          CONTENT="&#34;"/>
               </TextLine>
               <TextLine ID="r1l37"
                         BASELINE="2070,3544 2097,3548 2124,3552 2151,3555 2178,3556 2206,3556 2233,3557 2260,3558 2287,3558 2314,3558 2342,3560"
                         HEIGHT="102"
                         WIDTH="298"
                         VPOS="3471"
                         HPOS="2059">
                  <String HEIGHT="102"
                          WIDTH="397"
                          VPOS="3471"
                          HPOS="1960"
                          CONTENT="19.60."/>
               </TextLine>
               <TextLine ID="r1l38"
                         BASELINE="2000,3636 2027,3637 2054,3638 2081,3638 2108,3638 2135,3640 2162,3640 2189,3640 2216,3640 2243,3640 2270,3637 2297,3634 2324,3632"
                         HEIGHT="131"
                         WIDTH="348"
                         VPOS="3533"
                         HPOS="1988">
                  <String HEIGHT="131"
                          WIDTH="348"
                          VPOS="3533"
                          HPOS="1945"
                          CONTENT="263."/>
                  <SP HEIGHT="131" WIDTH="44" VPOS="3533" HPOS="2293"/>
                  <String HEIGHT="131"
                          WIDTH="218"
                          VPOS="3533"
                          HPOS="2119"
                          CONTENT="3.5"/>
               </TextLine>
               <TextLine ID="r1l39"
                         BASELINE="502,3700 594,3696 687,3694 780,3692 873,3694 966,3694 1058,3697 1151,3700 1244,3704 1337,3708 1430,3714 1522,3718 1615,3722 1708,3728 1801,3732 1894,3736 1986,3738 2079,3742 2172,3742 2265,3742 2358,3740"
                         HEIGHT="160"
                         WIDTH="1882"
                         VPOS="3652"
                         HPOS="490">
                  <String HEIGHT="160"
                          WIDTH="335"
                          VPOS="3652"
                          HPOS="448"
                          CONTENT="samt"/>
                  <SP HEIGHT="160" WIDTH="42" VPOS="3652" HPOS="783"/>
                  <String HEIGHT="160"
                          WIDTH="460"
                          VPOS="3652"
                          HPOS="657"
                          CONTENT="Hansson"/>
                  <SP HEIGHT="160" WIDTH="42" VPOS="3652" HPOS="1117"/>
                  <String HEIGHT="160"
                          WIDTH="293"
                          VPOS="3652"
                          HPOS="992"
                          CONTENT="det"/>
                  <SP HEIGHT="160" WIDTH="42" VPOS="3652" HPOS="1285"/>
                  <String HEIGHT="160"
                          WIDTH="460"
                          VPOS="3652"
                          HPOS="1159"
                          CONTENT="öfriga,"/>
                  <SP HEIGHT="160" WIDTH="42" VPOS="3652" HPOS="1619"/>
                  <String HEIGHT="160"
                          WIDTH="460"
                          VPOS="3652"
                          HPOS="1494"
                          CONTENT="Sjöberg"/>
                  <SP HEIGHT="160" WIDTH="42" VPOS="3652" HPOS="1954"/>
                  <String HEIGHT="160"
                          WIDTH="209"
                          VPOS="3652"
                          HPOS="1828"
                          CONTENT="i"/>
                  <SP HEIGHT="160" WIDTH="42" VPOS="3652" HPOS="2037"/>
                  <String HEIGHT="160"
                          WIDTH="251"
                          VPOS="3652"
                          HPOS="1912"
                          CONTENT="st"/>
                  <SP HEIGHT="160" WIDTH="42" VPOS="3652" HPOS="2163"/>
                  <String HEIGHT="160"
                          WIDTH="293"
                          VPOS="3652"
                          HPOS="2037"
                          CONTENT="för"/>
                  <SP HEIGHT="160" WIDTH="42" VPOS="3652" HPOS="2330"/>
                  <String HEIGHT="160"
                          WIDTH="209"
                          VPOS="3652"
                          HPOS="2163"
                          CONTENT="att"/>
               </TextLine>
               <TextLine ID="r1l40"
                         BASELINE="496,3840 584,3836 673,3834 761,3832 850,3830 939,3830 1027,3830 1116,3830 1204,3832 1293,3833 1382,3835 1470,3836 1559,3838 1647,3841 1736,3842 1825,3844 1913,3846 2002,3846 2090,3846 2179,3846 2268,3846"
                         HEIGHT="154"
                         WIDTH="1795"
                         VPOS="3758"
                         HPOS="485">
                  <String HEIGHT="154"
                          WIDTH="513"
                          VPOS="3758"
                          HPOS="442"
                          CONTENT="anskaffa"/>
                  <SP HEIGHT="154" WIDTH="43" VPOS="3758" HPOS="955"/>
                  <String HEIGHT="154"
                          WIDTH="470"
                          VPOS="3758"
                          HPOS="827"
                          CONTENT="berörde"/>
                  <SP HEIGHT="154" WIDTH="43" VPOS="3758" HPOS="1297"/>
                  <String HEIGHT="154"
                          WIDTH="598"
                          VPOS="3758"
                          HPOS="1169"
                          CONTENT="persedlar,"/>
                  <SP HEIGHT="154" WIDTH="43" VPOS="3758" HPOS="1767"/>
                  <String HEIGHT="154"
                          WIDTH="256"
                          VPOS="3758"
                          HPOS="1639"
                          CONTENT="af"/>
                  <SP HEIGHT="154" WIDTH="43" VPOS="3758" HPOS="1895"/>
                  <String HEIGHT="154"
                          WIDTH="556"
                          VPOS="3758"
                          HPOS="1724"
                          CONTENT="Hospitalets"/>
               </TextLine>
            </TextBlock>
            <TextBlock ID="r2" HEIGHT="3702" WIDTH="1980" VPOS="199" HPOS="2604">
               <Shape>
                  <Polygon POINTS="2604,199 2604,3901 4584,3901 4584,199"/>
               </Shape>
               <TextLine ID="r2l1"
                         BASELINE="2676,280 2771,282 2866,280 2962,280 3057,280 3153,278 3248,276 3343,275 3439,274 3534,272 3630,270 3725,268 3820,266 3916,264 4011,264 4107,262 4202,262 4297,262 4393,262 4488,264 4584,264"
                         HEIGHT="215"
                         WIDTH="1935"
                         VPOS="167"
                         HPOS="2662">
                  <String HEIGHT="215"
                          WIDTH="677"
                          VPOS="167"
                          HPOS="2614"
                          CONTENT="befintliga"/>
                  <SP HEIGHT="215" WIDTH="48" VPOS="167" HPOS="3291"/>
                  <String HEIGHT="215"
                          WIDTH="484"
                          VPOS="167"
                          HPOS="3146"
                          CONTENT="förråd"/>
                  <SP HEIGHT="215" WIDTH="48" VPOS="167" HPOS="3630"/>
                  <String HEIGHT="215"
                          WIDTH="677"
                          VPOS="167"
                          HPOS="3484"
                          CONTENT="tillgripit"/>
                  <SP HEIGHT="215" WIDTH="48" VPOS="167" HPOS="4162"/>
                  <String HEIGHT="215"
                          WIDTH="532"
                          VPOS="167"
                          HPOS="4017"
                          CONTENT="desamma"/>
                  <SP HEIGHT="215" WIDTH="48" VPOS="167" HPOS="4549"/>
                  <String HEIGHT="215"
                          WIDTH="242"
                          VPOS="167"
                          HPOS="4355"
                          CONTENT="men"/>
               </TextLine>
               <TextLine ID="r2l2"
                         BASELINE="2652,432 2744,432 2836,430 2928,428 3021,426 3113,426 3205,424 3298,422 3390,420 3482,418 3575,415 3667,413 3759,412 3851,409 3944,408 4036,406 4128,404 4221,402 4313,400 4405,400 4498,398"
                         HEIGHT="170"
                         WIDTH="1869"
                         VPOS="314"
                         HPOS="2639">
                  <String HEIGHT="170"
                          WIDTH="356"
                          VPOS="314"
                          HPOS="2595"
                          CONTENT="icke"/>
                  <SP HEIGHT="170" WIDTH="45" VPOS="314" HPOS="2951"/>
                  <String HEIGHT="170"
                          WIDTH="401"
                          VPOS="314"
                          HPOS="2817"
                          CONTENT="desto"/>
                  <SP HEIGHT="170" WIDTH="45" VPOS="314" HPOS="3218"/>
                  <String HEIGHT="170"
                          WIDTH="445"
                          VPOS="314"
                          HPOS="3084"
                          CONTENT="mindre"/>
                  <SP HEIGHT="170" WIDTH="45" VPOS="314" HPOS="3529"/>
                  <String HEIGHT="170"
                          WIDTH="534"
                          VPOS="314"
                          HPOS="3396"
                          CONTENT="uppburit"/>
                  <SP HEIGHT="170" WIDTH="45" VPOS="314" HPOS="3930"/>
                  <String HEIGHT="170"
                          WIDTH="312"
                          VPOS="314"
                          HPOS="3796"
                          CONTENT="det"/>
                  <SP HEIGHT="170" WIDTH="45" VPOS="314" HPOS="4108"/>
                  <String HEIGHT="170"
                          WIDTH="445"
                          VPOS="314"
                          HPOS="3974"
                          CONTENT="belopp"/>
                  <SP HEIGHT="170" WIDTH="45" VPOS="314" HPOS="4419"/>
                  <String HEIGHT="170"
                          WIDTH="267"
                          VPOS="314"
                          HPOS="4241"
                          CONTENT="263."/>
               </TextLine>
               <TextLine ID="r2l3"
                         BASELINE="2646,578 2739,578 2833,580 2926,580 3020,578 3114,578 3207,576 3301,574 3394,572 3488,570 3582,568 3675,565 3769,562 3862,558 3956,556 4050,553 4143,550 4237,546 4330,543 4424,540 4518,538"
                         HEIGHT="185"
                         WIDTH="1897"
                         VPOS="466"
                         HPOS="2631">
                  <String HEIGHT="185"
                          WIDTH="441"
                          VPOS="466"
                          HPOS="2587"
                          CONTENT="Kronor"/>
                  <SP HEIGHT="185" WIDTH="44" VPOS="466" HPOS="3028"/>
                  <String HEIGHT="185"
                          WIDTH="265"
                          VPOS="466"
                          HPOS="2896"
                          CONTENT="35"/>
                  <SP HEIGHT="185" WIDTH="44" VPOS="466" HPOS="3160"/>
                  <String HEIGHT="185"
                          WIDTH="353"
                          VPOS="466"
                          HPOS="3028"
                          CONTENT="öre,"/>
                  <SP HEIGHT="185" WIDTH="44" VPOS="466" HPOS="3381"/>
                  <String HEIGHT="185"
                          WIDTH="309"
                          VPOS="466"
                          HPOS="3249"
                          CONTENT="som"/>
                  <SP HEIGHT="185" WIDTH="44" VPOS="466" HPOS="3557"/>
                  <String HEIGHT="185"
                          WIDTH="662"
                          VPOS="466"
                          HPOS="3425"
                          CONTENT="persedlarne"/>
                  <SP HEIGHT="185" WIDTH="44" VPOS="466" HPOS="4087"/>
                  <String HEIGHT="185"
                          WIDTH="441"
                          VPOS="466"
                          HPOS="3954"
                          CONTENT="skolat"/>
                  <SP HEIGHT="185" WIDTH="44" VPOS="466" HPOS="4396"/>
                  <String HEIGHT="185"
                          WIDTH="309"
                          VPOS="466"
                          HPOS="4219"
                          CONTENT="kosta"/>
               </TextLine>
               <TextLine ID="r2l4"
                         BASELINE="2664,728 2757,728 2851,730 2945,730 3039,730 3133,730 3227,730 3321,728 3415,728 3509,726 3603,724 3696,722 3790,720 3884,717 3978,716 4072,712 4166,710 4260,708 4354,705 4448,702 4542,700"
                         HEIGHT="214"
                         WIDTH="1902"
                         VPOS="607"
                         HPOS="2652">
                  <String HEIGHT="214"
                          WIDTH="296"
                          VPOS="607"
                          HPOS="2610"
                          CONTENT="att"/>
                  <SP HEIGHT="214" WIDTH="42" VPOS="607" HPOS="2906"/>
                  <String HEIGHT="214"
                          WIDTH="380"
                          VPOS="607"
                          HPOS="2779"
                          CONTENT="sedan"/>
                  <SP HEIGHT="214" WIDTH="42" VPOS="607" HPOS="3159"/>
                  <String HEIGHT="214"
                          WIDTH="296"
                          VPOS="607"
                          HPOS="3032"
                          CONTENT="han"/>
                  <SP HEIGHT="214" WIDTH="42" VPOS="607" HPOS="3328"/>
                  <String HEIGHT="214"
                          WIDTH="296"
                          VPOS="607"
                          HPOS="3201"
                          CONTENT="hos"/>
                  <SP HEIGHT="214" WIDTH="42" VPOS="607" HPOS="3497"/>
                  <String HEIGHT="214"
                          WIDTH="592"
                          VPOS="607"
                          HPOS="3371"
                          CONTENT="Allmedahls"/>
                  <SP HEIGHT="214" WIDTH="42" VPOS="607" HPOS="3962"/>
                  <String HEIGHT="214"
                          WIDTH="465"
                          VPOS="607"
                          HPOS="3835"
                          CONTENT="Fabriks"/>
                  <SP HEIGHT="214" WIDTH="42" VPOS="607" HPOS="4300"/>
                  <String HEIGHT="214"
                          WIDTH="423"
                          VPOS="607"
                          HPOS="4131"
                          CONTENT="Aktiebo¬"
                          SUBS_TYPE="HypPart1"
                          SUBS_CONTENT="Aktiebolag"/>
                  <HYP CONTENT="-"/>
               </TextLine>
               <TextLine ID="r2l5"
                         BASELINE="2664,876 2758,876 2852,876 2946,875 3040,874 3135,872 3229,870 3323,868 3417,864 3511,862 3606,860 3700,857 3794,854 3888,852 3982,849 4077,848 4171,846 4265,844 4359,844 4453,844 4548,846"
                         HEIGHT="175"
                         WIDTH="1910"
                         VPOS="779"
                         HPOS="2651">
                  <String HEIGHT="175"
                          WIDTH="297"
                          VPOS="779"
                          HPOS="2609"
                          CONTENT="lag"
                          SUBS_TYPE="HypPart2"
                          SUBS_CONTENT="Aktiebolag"/>
                  <SP HEIGHT="175" WIDTH="42" VPOS="779" HPOS="2906"/>
                  <String HEIGHT="175"
                          WIDTH="424"
                          VPOS="779"
                          HPOS="2778"
                          CONTENT="inköpt"/>
                  <SP HEIGHT="175" WIDTH="42" VPOS="779" HPOS="3203"/>
                  <String HEIGHT="175"
                          WIDTH="297"
                          VPOS="779"
                          HPOS="3075"
                          CONTENT="den"/>
                  <SP HEIGHT="175" WIDTH="42" VPOS="779" HPOS="3373"/>
                  <String HEIGHT="175" WIDTH="212" VPOS="779" HPOS="3245" CONTENT="9"/>
                  <SP HEIGHT="175" WIDTH="42" VPOS="779" HPOS="3457"/>
                  <String HEIGHT="175"
                          WIDTH="424"
                          VPOS="779"
                          HPOS="3330"
                          CONTENT="sistl."/>
                  <SP HEIGHT="175" WIDTH="42" VPOS="779" HPOS="3755"/>
                  <String HEIGHT="175"
                          WIDTH="340"
                          VPOS="779"
                          HPOS="3627"
                          CONTENT="Mars"/>
                  <SP HEIGHT="175" WIDTH="42" VPOS="779" HPOS="3967"/>
                  <String HEIGHT="175" WIDTH="212" VPOS="779" HPOS="3839" CONTENT="3"/>
                  <SP HEIGHT="175" WIDTH="42" VPOS="779" HPOS="4052"/>
                  <String HEIGHT="175"
                          WIDTH="467"
                          VPOS="779"
                          HPOS="3924"
                          CONTENT="dussing"/>
                  <SP HEIGHT="175" WIDTH="42" VPOS="779" HPOS="4391"/>
                  <String HEIGHT="175"
                          WIDTH="340"
                          VPOS="779"
                          HPOS="4221"
                          CONTENT="linne¬"
                          SUBS_TYPE="HypPart1"
                          SUBS_CONTENT="linnenäsdukar"/>
                  <HYP CONTENT="-"/>
               </TextLine>
               <TextLine ID="r2l6"
                         BASELINE="2662,1022 2757,1022 2852,1022 2948,1022 3043,1021 3139,1019 3234,1017 3329,1014 3425,1011 3520,1008 3616,1004 3711,1002 3806,998 3902,996 3997,994 4093,992 4188,990 4283,990 4379,990 4474,992 4570,994"
                         HEIGHT="195"
                         WIDTH="1933"
                         VPOS="911"
                         HPOS="2649">
                  <String HEIGHT="195"
                          WIDTH="552"
                          VPOS="911"
                          HPOS="2603"
                          CONTENT="näsdukar"
                          SUBS_TYPE="HypPart2"
                          SUBS_CONTENT="linnenäsdukar"/>
                  <SP HEIGHT="195" WIDTH="46" VPOS="911" HPOS="3155"/>
                  <String HEIGHT="195"
                          WIDTH="322"
                          VPOS="911"
                          HPOS="3017"
                          CONTENT="och"/>
                  <SP HEIGHT="195" WIDTH="46" VPOS="911" HPOS="3339"/>
                  <String HEIGHT="195"
                          WIDTH="322"
                          VPOS="911"
                          HPOS="3201"
                          CONTENT="den"/>
                  <SP HEIGHT="195" WIDTH="46" VPOS="911" HPOS="3523"/>
                  <String HEIGHT="195" WIDTH="230" VPOS="911" HPOS="3385" CONTENT="4"/>
                  <SP HEIGHT="195" WIDTH="46" VPOS="911" HPOS="3616"/>
                  <String HEIGHT="195"
                          WIDTH="690"
                          VPOS="911"
                          HPOS="3477"
                          CONTENT="derpåföljde"/>
                  <SP HEIGHT="195" WIDTH="46" VPOS="911" HPOS="4168"/>
                  <String HEIGHT="195"
                          WIDTH="322"
                          VPOS="911"
                          HPOS="4030"
                          CONTENT="maj"/>
                  <SP HEIGHT="195" WIDTH="46" VPOS="911" HPOS="4352"/>
                  <String HEIGHT="195" WIDTH="230" VPOS="911" HPOS="4214" CONTENT="4"/>
                  <SP HEIGHT="195" WIDTH="46" VPOS="911" HPOS="4444"/>
                  <String HEIGHT="195"
                          WIDTH="322"
                          VPOS="911"
                          HPOS="4260"
                          CONTENT="dusin"/>
               </TextLine>
               <TextLine ID="r2l7"
                         BASELINE="2664,1180 2753,1180 2843,1178 2933,1176 3022,1175 3112,1172 3202,1171 3291,1168 3381,1166 3471,1162 3561,1160 3650,1157 3740,1153 3830,1150 3919,1148 4009,1144 4099,1140 4188,1137 4278,1134 4368,1130 4458,1126"
                         HEIGHT="209"
                         WIDTH="1822"
                         VPOS="1059"
                         HPOS="2649">
                  <String HEIGHT="209"
                          WIDTH="492"
                          VPOS="1059"
                          HPOS="2600"
                          CONTENT="dylika"/>
                  <SP HEIGHT="209" WIDTH="49" VPOS="1059" HPOS="3092"/>
                  <String HEIGHT="209"
                          WIDTH="345"
                          VPOS="1059"
                          HPOS="2944"
                          CONTENT="med"/>
                  <SP HEIGHT="209" WIDTH="49" VPOS="1059" HPOS="3289"/>
                  <String HEIGHT="209"
                          WIDTH="591"
                          VPOS="1059"
                          HPOS="3141"
                          CONTENT="bergäran"/>
                  <SP HEIGHT="209" WIDTH="49" VPOS="1059" HPOS="3732"/>
                  <String HEIGHT="209"
                          WIDTH="345"
                          VPOS="1059"
                          HPOS="3585"
                          CONTENT="att"/>
                  <SP HEIGHT="209" WIDTH="49" VPOS="1059" HPOS="3929"/>
                  <String HEIGHT="209"
                          WIDTH="542"
                          VPOS="1059"
                          HPOS="3782"
                          CONTENT="desamme"/>
                  <SP HEIGHT="209" WIDTH="49" VPOS="1059" HPOS="4323"/>
                  <String HEIGHT="209"
                          WIDTH="345"
                          VPOS="1059"
                          HPOS="4126"
                          CONTENT="måtte"/>
               </TextLine>
               <TextLine ID="r2l8"
                         BASELINE="2648,1326 2744,1324 2840,1322 2936,1320 3033,1318 3129,1316 3225,1314 3322,1310 3418,1308 3514,1306 3611,1302 3707,1298 3803,1296 3899,1292 3996,1288 4092,1285 4188,1282 4285,1278 4381,1273 4477,1269 4574,1264"
                         HEIGHT="229"
                         WIDTH="1954"
                         VPOS="1186"
                         HPOS="2633">
                  <String HEIGHT="229"
                          WIDTH="510"
                          VPOS="1186"
                          HPOS="2591"
                          CONTENT="uppföras"/>
                  <SP HEIGHT="229" WIDTH="42" VPOS="1186" HPOS="3100"/>
                  <String HEIGHT="229"
                          WIDTH="212"
                          VPOS="1186"
                          HPOS="2973"
                          CONTENT="å"/>
                  <SP HEIGHT="229" WIDTH="42" VPOS="1186" HPOS="3185"/>
                  <String HEIGHT="229"
                          WIDTH="637"
                          VPOS="1186"
                          HPOS="3058"
                          CONTENT="Hospitalets"/>
                  <SP HEIGHT="229" WIDTH="42" VPOS="1186" HPOS="3695"/>
                  <String HEIGHT="229"
                          WIDTH="297"
                          VPOS="1186"
                          HPOS="3568"
                          CONTENT="års"/>
                  <SP HEIGHT="229" WIDTH="42" VPOS="1186" HPOS="3865"/>
                  <String HEIGHT="229"
                          WIDTH="467"
                          VPOS="1186"
                          HPOS="3737"
                          CONTENT="räkning"/>
                  <SP HEIGHT="229" WIDTH="42" VPOS="1186" HPOS="4205"/>
                  <String HEIGHT="229"
                          WIDTH="297"
                          VPOS="1186"
                          HPOS="4077"
                          CONTENT="hos"/>
                  <SP HEIGHT="229" WIDTH="42" VPOS="1186" HPOS="4375"/>
                  <String HEIGHT="229"
                          WIDTH="382"
                          VPOS="1186"
                          HPOS="4205"
                          CONTENT="Bolaget"/>
               </TextLine>
               <TextLine ID="r2l9"
                         BASELINE="2656,1480 2748,1474 2840,1468 2932,1464 3025,1458 3117,1453 3209,1448 3302,1444 3394,1440 3486,1436 3579,1431 3671,1427 3763,1422 3855,1420 3948,1416 4040,1411 4132,1408 4225,1404 4317,1401 4409,1396 4502,1394"
                         HEIGHT="208"
                         WIDTH="1877"
                         VPOS="1332"
                         HPOS="2638">
                  <String HEIGHT="208"
                          WIDTH="326"
                          VPOS="1332"
                          HPOS="2597"
                          CONTENT="han,"/>
                  <SP HEIGHT="208" WIDTH="41" VPOS="1332" HPOS="2924"/>
                  <String HEIGHT="208"
                          WIDTH="204"
                          VPOS="1332"
                          HPOS="2801"
                          CONTENT="i"/>
                  <SP HEIGHT="208" WIDTH="41" VPOS="1332" HPOS="3005"/>
                  <String HEIGHT="208"
                          WIDTH="449"
                          VPOS="1332"
                          HPOS="2883"
                          CONTENT="stället"/>
                  <SP HEIGHT="208" WIDTH="41" VPOS="1332" HPOS="3332"/>
                  <String HEIGHT="208"
                          WIDTH="286"
                          VPOS="1332"
                          HPOS="3209"
                          CONTENT="för"/>
                  <SP HEIGHT="208" WIDTH="41" VPOS="1332" HPOS="3495"/>
                  <String HEIGHT="208"
                          WIDTH="286"
                          VPOS="1332"
                          HPOS="3372"
                          CONTENT="att"/>
                  <SP HEIGHT="208" WIDTH="41" VPOS="1332" HPOS="3658"/>
                  <String HEIGHT="208"
                          WIDTH="449"
                          VPOS="1332"
                          HPOS="3536"
                          CONTENT="inlemna"/>
                  <SP HEIGHT="208" WIDTH="41" VPOS="1332" HPOS="3985"/>
                  <String HEIGHT="208"
                          WIDTH="571"
                          VPOS="1332"
                          HPOS="3862"
                          CONTENT="näsdukarna"/>
                  <SP HEIGHT="208" WIDTH="41" VPOS="1332" HPOS="4433"/>
                  <String HEIGHT="208"
                          WIDTH="245"
                          VPOS="1332"
                          HPOS="4270"
                          CONTENT="till"/>
               </TextLine>
               <TextLine ID="r2l10"
                         BASELINE="2664,1608 2752,1603 2841,1598 2930,1592 3019,1587 3108,1583 3197,1578 3286,1574 3375,1570 3464,1566 3553,1562 3641,1558 3730,1553 3819,1550 3908,1546 3997,1542 4086,1538 4175,1534 4264,1530 4353,1526 4442,1522"
                         HEIGHT="238"
                         WIDTH="1804"
                         VPOS="1442"
                         HPOS="2650">
                  <String HEIGHT="238"
                          WIDTH="644"
                          VPOS="1442"
                          HPOS="2607"
                          CONTENT="Hospitalets"/>
                  <SP HEIGHT="238" WIDTH="43" VPOS="1442" HPOS="3251"/>
                  <String HEIGHT="238"
                          WIDTH="430"
                          VPOS="1442"
                          HPOS="3122"
                          CONTENT="förråd"/>
                  <SP HEIGHT="238" WIDTH="43" VPOS="1442" HPOS="3552"/>
                  <String HEIGHT="238"
                          WIDTH="515"
                          VPOS="1442"
                          HPOS="3423"
                          CONTENT="pantsatt"/>
                  <SP HEIGHT="238" WIDTH="43" VPOS="1442" HPOS="3939"/>
                  <String HEIGHT="238"
                          WIDTH="601"
                          VPOS="1442"
                          HPOS="3810"
                          CONTENT="näsdukarne"/>
                  <SP HEIGHT="238" WIDTH="43" VPOS="1442" HPOS="4411"/>
                  <String HEIGHT="238"
                          WIDTH="215"
                          VPOS="1442"
                          HPOS="4239"
                          CONTENT="hos"/>
               </TextLine>
               <TextLine ID="r2l11"
                         BASELINE="2664,1724 2756,1724 2848,1724 2940,1722 3032,1720 3124,1717 3216,1714 3308,1710 3400,1707 3492,1702 3584,1698 3676,1694 3768,1690 3860,1686 3952,1681 4044,1676 4136,1672 4228,1669 4320,1666 4412,1664 4504,1662"
                         HEIGHT="227"
                         WIDTH="1867"
                         VPOS="1558"
                         HPOS="2649">
                  <String HEIGHT="227"
                          WIDTH="609"
                          VPOS="1558"
                          HPOS="2608"
                          CONTENT="Pantlånaren"/>
                  <SP HEIGHT="227" WIDTH="41" VPOS="1558" HPOS="3217"/>
                  <String HEIGHT="227"
                          WIDTH="365"
                          VPOS="1558"
                          HPOS="3095"
                          CONTENT="Berg,"/>
                  <SP HEIGHT="227" WIDTH="41" VPOS="1558" HPOS="3461"/>
                  <String HEIGHT="227"
                          WIDTH="244"
                          VPOS="1558"
                          HPOS="3339"
                          CONTENT="de"/>
                  <SP HEIGHT="227" WIDTH="41" VPOS="1558" HPOS="3583"/>
                  <String HEIGHT="227"
                          WIDTH="284"
                          VPOS="1558"
                          HPOS="3461"
                          CONTENT="tre"/>
                  <SP HEIGHT="227" WIDTH="41" VPOS="1558" HPOS="3745"/>
                  <String HEIGHT="227"
                          WIDTH="487"
                          VPOS="1558"
                          HPOS="3623"
                          CONTENT="dussinen"/>
                  <SP HEIGHT="227" WIDTH="41" VPOS="1558" HPOS="4110"/>
                  <String HEIGHT="227"
                          WIDTH="284"
                          VPOS="1558"
                          HPOS="3988"
                          CONTENT="för"/>
                  <SP HEIGHT="227" WIDTH="41" VPOS="1558" HPOS="4272"/>
                  <String HEIGHT="227"
                          WIDTH="203"
                          VPOS="1558"
                          HPOS="4151"
                          CONTENT="6"/>
                  <SP HEIGHT="227" WIDTH="41" VPOS="1558" HPOS="4354"/>
                  <String HEIGHT="227"
                          WIDTH="325"
                          VPOS="1558"
                          HPOS="4191"
                          CONTENT="kronor"/>
               </TextLine>
               <TextLine ID="r2l12"
                         BASELINE="2656,1868 2748,1866 2840,1864 2932,1862 3024,1858 3117,1855 3209,1851 3301,1847 3393,1842 3485,1838 3578,1834 3670,1830 3762,1824 3854,1820 3946,1816 4039,1812 4131,1808 4223,1804 4315,1801 4407,1798 4500,1796"
                         HEIGHT="218"
                         WIDTH="1870"
                         VPOS="1702"
                         HPOS="2642">
                  <String HEIGHT="218"
                          WIDTH="279"
                          VPOS="1702"
                          HPOS="2602"
                          CONTENT="och"/>
                  <SP HEIGHT="218" WIDTH="40" VPOS="1702" HPOS="2881"/>
                  <String HEIGHT="218"
                          WIDTH="239"
                          VPOS="1702"
                          HPOS="2761"
                          CONTENT="de"/>
                  <SP HEIGHT="218" WIDTH="40" VPOS="1702" HPOS="3000"/>
                  <String HEIGHT="218"
                          WIDTH="199"
                          VPOS="1702"
                          HPOS="2881"
                          CONTENT="4"/>
                  <SP HEIGHT="218" WIDTH="40" VPOS="1702" HPOS="3080"/>
                  <String HEIGHT="218"
                          WIDTH="438"
                          VPOS="1702"
                          HPOS="2960"
                          CONTENT="dusinen"/>
                  <SP HEIGHT="218" WIDTH="40" VPOS="1702" HPOS="3398"/>
                  <String HEIGHT="218"
                          WIDTH="517"
                          VPOS="1702"
                          HPOS="3279"
                          CONTENT="likaledes"/>
                  <SP HEIGHT="218" WIDTH="40" VPOS="1702" HPOS="3796"/>
                  <String HEIGHT="218"
                          WIDTH="279"
                          VPOS="1702"
                          HPOS="3676"
                          CONTENT="för"/>
                  <SP HEIGHT="218" WIDTH="40" VPOS="1702" HPOS="3955"/>
                  <String HEIGHT="218"
                          WIDTH="199"
                          VPOS="1702"
                          HPOS="3836"
                          CONTENT="6"/>
                  <SP HEIGHT="218" WIDTH="40" VPOS="1702" HPOS="4035"/>
                  <String HEIGHT="218"
                          WIDTH="398"
                          VPOS="1702"
                          HPOS="3915"
                          CONTENT="kronor"/>
                  <SP HEIGHT="218" WIDTH="40" VPOS="1702" HPOS="4313"/>
                  <String HEIGHT="218"
                          WIDTH="279"
                          VPOS="1702"
                          HPOS="4194"
                          CONTENT="och"/>
                  <SP HEIGHT="218" WIDTH="40" VPOS="1702" HPOS="4472"/>
                  <String HEIGHT="218"
                          WIDTH="199"
                          VPOS="1702"
                          HPOS="4313"
                          CONTENT="har"/>
               </TextLine>
               <TextLine ID="r2l13"
                         BASELINE="2672,1990 2763,1992 2854,1991 2945,1990 3036,1988 3127,1984 3218,1980 3309,1976 3400,1972 3491,1966 3582,1960 3673,1955 3764,1949 3855,1945 3946,1938 4037,1934 4128,1930 4219,1926 4310,1922 4401,1920 4492,1918"
                         HEIGHT="186"
                         WIDTH="1845"
                         VPOS="1870"
                         HPOS="2658">
                  <String HEIGHT="186"
                          WIDTH="461"
                          VPOS="1870"
                          HPOS="2616"
                          CONTENT="Sjöberg"/>
                  <SP HEIGHT="186" WIDTH="42" VPOS="1870" HPOS="3077"/>
                  <String HEIGHT="186"
                          WIDTH="503"
                          VPOS="1870"
                          HPOS="2952"
                          CONTENT="härefter"/>
                  <SP HEIGHT="186" WIDTH="42" VPOS="1870" HPOS="3455"/>
                  <String HEIGHT="186"
                          WIDTH="503"
                          VPOS="1870"
                          HPOS="3329"
                          CONTENT="aflemnat"/>
                  <SP HEIGHT="186" WIDTH="42" VPOS="1870" HPOS="3832"/>
                  <String HEIGHT="186"
                          WIDTH="419"
                          VPOS="1870"
                          HPOS="3706"
                          CONTENT="jemväl"/>
                  <SP HEIGHT="186" WIDTH="42" VPOS="1870" HPOS="4126"/>
                  <String HEIGHT="186"
                          WIDTH="294"
                          VPOS="1870"
                          HPOS="4000"
                          CONTENT="två"/>
                  <SP HEIGHT="186" WIDTH="42" VPOS="1870" HPOS="4293"/>
                  <String HEIGHT="186"
                          WIDTH="252"
                          VPOS="1870"
                          HPOS="4168"
                          CONTENT="af"/>
                  <SP HEIGHT="186" WIDTH="42" VPOS="1870" HPOS="4419"/>
                  <String HEIGHT="186"
                          WIDTH="252"
                          VPOS="1870"
                          HPOS="4251"
                          CONTENT="Berg"/>
               </TextLine>
               <TextLine ID="r2l14"
                         BASELINE="2664,2140 2757,2137 2851,2134 2945,2128 3039,2123 3133,2118 3227,2111 3321,2106 3415,2100 3509,2093 3603,2087 3696,2082 3790,2076 3884,2070 3978,2065 4072,2061 4166,2058 4260,2056 4354,2054 4448,2054 4542,2054"
                         HEIGHT="232"
                         WIDTH="1907"
                         VPOS="1991"
                         HPOS="2649">
                  <String HEIGHT="232"
                          WIDTH="516"
                          VPOS="1991"
                          HPOS="2609"
                          CONTENT="utfärdade"/>
                  <SP HEIGHT="232" WIDTH="40" VPOS="1991" HPOS="3126"/>
                  <String HEIGHT="232"
                          WIDTH="675"
                          VPOS="1991"
                          HPOS="3007"
                          CONTENT="pantqvittorne"/>
                  <SP HEIGHT="232" WIDTH="40" VPOS="1991" HPOS="3682"/>
                  <String HEIGHT="232"
                          WIDTH="199"
                          VPOS="1991"
                          HPOS="3563"
                          CONTENT="å"/>
                  <SP HEIGHT="232" WIDTH="40" VPOS="1991" HPOS="3761"/>
                  <String HEIGHT="232"
                          WIDTH="437"
                          VPOS="1991"
                          HPOS="3642"
                          CONTENT="berörde"/>
                  <SP HEIGHT="232" WIDTH="40" VPOS="1991" HPOS="4079"/>
                  <String HEIGHT="232"
                          WIDTH="477"
                          VPOS="1991"
                          HPOS="3960"
                          CONTENT="näsdukar"/>
                  <SP HEIGHT="232" WIDTH="40" VPOS="1991" HPOS="4437"/>
                  <String HEIGHT="232"
                          WIDTH="278"
                          VPOS="1991"
                          HPOS="4278"
                          CONTENT="neml."/>
               </TextLine>
               <TextLine ID="r2l15"
                         BASELINE="2648,2270 2719,2270 2790,2270 2861,2268 2932,2266 3003,2263 3074,2260 3145,2256 3216,2254 3287,2249 3358,2246 3429,2241 3500,2235 3571,2230 3642,2226 3713,2221 3784,2217 3855,2212 3926,2208 3997,2204 4068,2200"
                         HEIGHT="169"
                         WIDTH="1449"
                         VPOS="2148"
                         HPOS="2634">
                  <String HEIGHT="169"
                          WIDTH="242"
                          VPOS="2148"
                          HPOS="2594"
                          CONTENT="en"/>
                  <SP HEIGHT="169" WIDTH="40" VPOS="2148" HPOS="2835"/>
                  <String HEIGHT="169"
                          WIDTH="362"
                          VPOS="2148"
                          HPOS="2715"
                          CONTENT="under"/>
                  <SP HEIGHT="169" WIDTH="40" VPOS="2148" HPOS="3077"/>
                  <String HEIGHT="169"
                          WIDTH="242"
                          VPOS="2148"
                          HPOS="2956"
                          CONTENT="No"/>
                  <SP HEIGHT="169" WIDTH="40" VPOS="2148" HPOS="3198"/>
                  <String HEIGHT="169"
                          WIDTH="322"
                          VPOS="2148"
                          HPOS="3077"
                          CONTENT="9827"/>
                  <SP HEIGHT="169" WIDTH="40" VPOS="2148" HPOS="3399"/>
                  <String HEIGHT="169"
                          WIDTH="282"
                          VPOS="2148"
                          HPOS="3278"
                          CONTENT="och"/>
                  <SP HEIGHT="169" WIDTH="40" VPOS="2148" HPOS="3560"/>
                  <String HEIGHT="169"
                          WIDTH="242"
                          VPOS="2148"
                          HPOS="3439"
                          CONTENT="en"/>
                  <SP HEIGHT="169" WIDTH="40" VPOS="2148" HPOS="3681"/>
                  <String HEIGHT="169"
                          WIDTH="362"
                          VPOS="2148"
                          HPOS="3560"
                          CONTENT="under"/>
                  <SP HEIGHT="169" WIDTH="40" VPOS="2148" HPOS="3922"/>
                  <String HEIGHT="169"
                          WIDTH="322"
                          VPOS="2148"
                          HPOS="3761"
                          CONTENT="11454."/>
               </TextLine>
               <TextLine ID="r2l16"
                         BASELINE="2656,2394 2750,2393 2845,2392 2940,2389 3034,2386 3129,2383 3224,2378 3318,2374 3413,2368 3508,2364 3603,2359 3697,2355 3792,2350 3887,2346 3981,2344 4076,2342 4171,2340 4265,2340 4360,2340 4455,2344 4550,2346"
                         HEIGHT="176"
                         WIDTH="1922"
                         VPOS="2253"
                         HPOS="2641">
                  <String HEIGHT="176"
                          WIDTH="655"
                          VPOS="2253"
                          HPOS="2597"
                          CONTENT="Pantlånarne"/>
                  <SP HEIGHT="176" WIDTH="44" VPOS="2253" HPOS="3253"/>
                  <String HEIGHT="176"
                          WIDTH="349"
                          VPOS="2253"
                          HPOS="3121"
                          CONTENT="Berg"/>
                  <SP HEIGHT="176" WIDTH="44" VPOS="2253" HPOS="3471"/>
                  <String HEIGHT="176"
                          WIDTH="306"
                          VPOS="2253"
                          HPOS="3340"
                          CONTENT="och"/>
                  <SP HEIGHT="176" WIDTH="44" VPOS="2253" HPOS="3646"/>
                  <String HEIGHT="176"
                          WIDTH="393"
                          VPOS="2253"
                          HPOS="3515"
                          CONTENT="Karth"/>
                  <SP HEIGHT="176" WIDTH="44" VPOS="2253" HPOS="3908"/>
                  <String HEIGHT="176"
                          WIDTH="306"
                          VPOS="2253"
                          HPOS="3777"
                          CONTENT="och"/>
                  <SP HEIGHT="176" WIDTH="44" VPOS="2253" HPOS="4083"/>
                  <String HEIGHT="176"
                          WIDTH="655"
                          VPOS="2253"
                          HPOS="3908"
                          CONTENT="Pantlånerskan"/>
               </TextLine>
               <TextLine ID="r2l17"
                         BASELINE="2624,2548 2714,2546 2805,2545 2896,2541 2987,2538 3078,2534 3169,2530 3260,2524 3351,2521 3442,2515 3533,2510 3623,2505 3714,2500 3805,2494 3896,2490 3987,2485 4078,2480 4169,2476 4260,2472 4351,2469 4442,2466"
                         HEIGHT="190"
                         WIDTH="1850"
                         VPOS="2404"
                         HPOS="2608">
                  <String HEIGHT="190"
                          WIDTH="463"
                          VPOS="2404"
                          HPOS="2566"
                          CONTENT="Jonsson"/>
                  <SP HEIGHT="190" WIDTH="42" VPOS="2404" HPOS="3028"/>
                  <String HEIGHT="190"
                          WIDTH="378"
                          VPOS="2404"
                          HPOS="2902"
                          CONTENT="hafva"/>
                  <SP HEIGHT="190" WIDTH="42" VPOS="2404" HPOS="3281"/>
                  <String HEIGHT="190"
                          WIDTH="463"
                          VPOS="2404"
                          HPOS="3155"
                          CONTENT="upplyst"/>
                  <SP HEIGHT="190" WIDTH="42" VPOS="2404" HPOS="3617"/>
                  <String HEIGHT="190"
                          WIDTH="294"
                          VPOS="2404"
                          HPOS="3491"
                          CONTENT="att"/>
                  <SP HEIGHT="190" WIDTH="42" VPOS="2404" HPOS="3785"/>
                  <String HEIGHT="190"
                          WIDTH="336"
                          VPOS="2404"
                          HPOS="3659"
                          CONTENT="alla"/>
                  <SP HEIGHT="190" WIDTH="42" VPOS="2404" HPOS="3996"/>
                  <String HEIGHT="190"
                          WIDTH="252"
                          VPOS="2404"
                          HPOS="3869"
                          CONTENT="de"/>
                  <SP HEIGHT="190" WIDTH="42" VPOS="2404" HPOS="4122"/>
                  <String HEIGHT="190"
                          WIDTH="294"
                          VPOS="2404"
                          HPOS="3996"
                          CONTENT="här"/>
                  <SP HEIGHT="190" WIDTH="42" VPOS="2404" HPOS="4290"/>
                  <String HEIGHT="190"
                          WIDTH="336"
                          VPOS="2404"
                          HPOS="4122"
                          CONTENT="ofvan¬"
                          SUBS_TYPE="HypPart1"
                          SUBS_CONTENT="ofvanantecknade"/>
                  <HYP CONTENT="-"/>
               </TextLine>
               <TextLine ID="r2l18"
                         BASELINE="2636,2704 2729,2700 2823,2696 2917,2692 3011,2688 3105,2684 3198,2680 3292,2676 3386,2671 3480,2667 3574,2662 3667,2657 3761,2653 3855,2647 3949,2643 4043,2637 4136,2632 4230,2626 4324,2621 4418,2614 4512,2608"
                         HEIGHT="247"
                         WIDTH="1899"
                         VPOS="2541"
                         HPOS="2621">
                  <String HEIGHT="247"
                          WIDTH="604"
                          VPOS="2541"
                          HPOS="2578"
                          CONTENT="antecknade"
                          SUBS_TYPE="HypPart2"
                          SUBS_CONTENT="ofvanantecknade"/>
                  <SP HEIGHT="247" WIDTH="43" VPOS="2541" HPOS="3182"/>
                  <String HEIGHT="247"
                          WIDTH="604"
                          VPOS="2541"
                          HPOS="3053"
                          CONTENT="persedlar,"/>
                  <SP HEIGHT="247" WIDTH="43" VPOS="2541" HPOS="3657"/>
                  <String HEIGHT="247"
                          WIDTH="432"
                          VPOS="2541"
                          HPOS="3527"
                          CONTENT="hvilka"/>
                  <SP HEIGHT="247" WIDTH="43" VPOS="2541" HPOS="3959"/>
                  <String HEIGHT="247"
                          WIDTH="302"
                          VPOS="2541"
                          HPOS="3829"
                          CONTENT="hos"/>
                  <SP HEIGHT="247" WIDTH="43" VPOS="2541" HPOS="4132"/>
                  <String HEIGHT="247"
                          WIDTH="302"
                          VPOS="2541"
                          HPOS="4002"
                          CONTENT="dem"/>
                  <SP HEIGHT="247" WIDTH="43" VPOS="2541" HPOS="4304"/>
                  <String HEIGHT="247"
                          WIDTH="388"
                          VPOS="2541"
                          HPOS="4132"
                          CONTENT="blifvit"/>
               </TextLine>
               <TextLine ID="r2l19"
                         BASELINE="2634,2850 2728,2850 2822,2850 2917,2850 3011,2848 3106,2844 3200,2841 3294,2838 3389,2832 3483,2828 3578,2822 3672,2816 3766,2810 3861,2805 3955,2800 4050,2795 4144,2790 4238,2784 4333,2780 4427,2776 4522,2774"
                         HEIGHT="212"
                         WIDTH="1917"
                         VPOS="2699"
                         HPOS="2620">
                  <String HEIGHT="212"
                          WIDTH="511"
                          VPOS="2699"
                          HPOS="2577"
                          CONTENT="belånte,"/>
                  <SP HEIGHT="212" WIDTH="43" VPOS="2699" HPOS="3089"/>
                  <String HEIGHT="212"
                          WIDTH="426"
                          VPOS="2699"
                          HPOS="2961"
                          CONTENT="finnes"/>
                  <SP HEIGHT="212" WIDTH="43" VPOS="2699" HPOS="3387"/>
                  <String HEIGHT="212"
                          WIDTH="298"
                          VPOS="2699"
                          HPOS="3259"
                          CONTENT="hos"/>
                  <SP HEIGHT="212" WIDTH="43" VPOS="2699" HPOS="3557"/>
                  <String HEIGHT="212"
                          WIDTH="298"
                          VPOS="2699"
                          HPOS="3429"
                          CONTENT="dem"/>
                  <SP HEIGHT="212" WIDTH="43" VPOS="2699" HPOS="3728"/>
                  <String HEIGHT="212"
                          WIDTH="213"
                          VPOS="2699"
                          HPOS="3600"
                          CONTENT="i"/>
                  <SP HEIGHT="212" WIDTH="43" VPOS="2699" HPOS="3813"/>
                  <String HEIGHT="212"
                          WIDTH="426"
                          VPOS="2699"
                          HPOS="3685"
                          CONTENT="behåll"/>
                  <SP HEIGHT="212" WIDTH="43" VPOS="2699" HPOS="4111"/>
                  <String HEIGHT="212"
                          WIDTH="298"
                          VPOS="2699"
                          HPOS="3983"
                          CONTENT="med"/>
                  <SP HEIGHT="212" WIDTH="43" VPOS="2699" HPOS="4281"/>
                  <String HEIGHT="212"
                          WIDTH="426"
                          VPOS="2699"
                          HPOS="4111"
                          CONTENT="undantag"/>
               </TextLine>
               <TextLine ID="r2l20"
                         BASELINE="2630,3000 2725,3000 2820,3000 2916,2999 3011,2996 3107,2994 3202,2990 3297,2985 3393,2980 3488,2976 3584,2969 3679,2964 3774,2958 3870,2953 3965,2948 4061,2942 4156,2938 4251,2935 4347,2932 4442,2928 4538,2928"
                         HEIGHT="178"
                         WIDTH="1935"
                         VPOS="2867"
                         HPOS="2616">
                  <String HEIGHT="178"
                          WIDTH="290"
                          VPOS="2867"
                          HPOS="2568"
                          CONTENT="af"/>
                  <SP HEIGHT="178" WIDTH="48" VPOS="2867" HPOS="2858"/>
                  <String HEIGHT="178"
                          WIDTH="290"
                          VPOS="2867"
                          HPOS="2713"
                          CONTENT="de"/>
                  <SP HEIGHT="178" WIDTH="48" VPOS="2867" HPOS="3003"/>
                  <String HEIGHT="178"
                          WIDTH="339"
                          VPOS="2867"
                          HPOS="2858"
                          CONTENT="hos"/>
                  <SP HEIGHT="178" WIDTH="48" VPOS="2867" HPOS="3197"/>
                  <String HEIGHT="178"
                          WIDTH="387"
                          VPOS="2867"
                          HPOS="3051"
                          CONTENT="Berg"/>
                  <SP HEIGHT="178" WIDTH="48" VPOS="2867" HPOS="3438"/>
                  <String HEIGHT="178"
                          WIDTH="581"
                          VPOS="2867"
                          HPOS="3293"
                          CONTENT="pantsatt"/>
                  <SP HEIGHT="178" WIDTH="48" VPOS="2867" HPOS="3874"/>
                  <String HEIGHT="178"
                          WIDTH="339"
                          VPOS="2867"
                          HPOS="3729"
                          CONTENT="tre"/>
                  <SP HEIGHT="178" WIDTH="48" VPOS="2867" HPOS="4067"/>
                  <String HEIGHT="178"
                          WIDTH="435"
                          VPOS="2867"
                          HPOS="3922"
                          CONTENT="dusin"/>
                  <SP HEIGHT="178" WIDTH="48" VPOS="2867" HPOS="4358"/>
                  <String HEIGHT="178"
                          WIDTH="387"
                          VPOS="2867"
                          HPOS="4164"
                          CONTENT="näsdu¬"
                          SUBS_TYPE="HypPart1"
                          SUBS_CONTENT="näsdukar"/>
                  <HYP CONTENT="-"/>
               </TextLine>
               <TextLine ID="r2l21"
                         BASELINE="2642,3134 2671,3136 2700,3135 2729,3133 2758,3131 2788,3132"
                         HEIGHT="126"
                         WIDTH="176"
                         VPOS="3041"
                         HPOS="2626">
                  <String HEIGHT="126"
                          WIDTH="293"
                          VPOS="3041"
                          HPOS="2509"
                          CONTENT="kar"
                          SUBS_TYPE="HypPart2"
                          SUBS_CONTENT="näsdukar"/>
               </TextLine>
               <TextLine ID="r2l22"
                         BASELINE="2604,3240 2701,3238 2798,3234 2895,3229 2992,3226 3089,3221 3186,3216 3283,3210 3380,3206 3477,3201 3575,3196 3672,3192 3769,3188 3866,3184 3963,3182 4060,3180 4157,3178 4254,3176 4351,3176 4448,3176 4546,3178"
                         HEIGHT="254"
                         WIDTH="1966"
                         VPOS="3073"
                         HPOS="2590">
                  <String HEIGHT="254"
                          WIDTH="256"
                          VPOS="3073"
                          HPOS="2547"
                          CONTENT="De"/>
                  <SP HEIGHT="254" WIDTH="43" VPOS="3073" HPOS="2804"/>
                  <String HEIGHT="254"
                          WIDTH="256"
                          VPOS="3073"
                          HPOS="2675"
                          CONTENT="af"/>
                  <SP HEIGHT="254" WIDTH="43" VPOS="3073" HPOS="2932"/>
                  <String HEIGHT="254"
                          WIDTH="470"
                          VPOS="3073"
                          HPOS="2804"
                          CONTENT="Sjöberg"/>
                  <SP HEIGHT="254" WIDTH="43" VPOS="3073" HPOS="3274"/>
                  <String HEIGHT="254"
                          WIDTH="556"
                          VPOS="3073"
                          HPOS="3146"
                          CONTENT="innehafda"/>
                  <SP HEIGHT="254" WIDTH="43" VPOS="3073" HPOS="3701"/>
                  <String HEIGHT="254"
                          WIDTH="684"
                          VPOS="3073"
                          HPOS="3573"
                          CONTENT="pantsedlarne"/>
                  <SP HEIGHT="254" WIDTH="43" VPOS="3073" HPOS="4257"/>
                  <String HEIGHT="254"
                          WIDTH="385"
                          VPOS="3073"
                          HPOS="4129"
                          CONTENT="varda"/>
                  <SP HEIGHT="254" WIDTH="43" VPOS="3073" HPOS="4513"/>
                  <String HEIGHT="254"
                          WIDTH="214"
                          VPOS="3073"
                          HPOS="4342"
                          CONTENT="bi¬"
                          SUBS_TYPE="HypPart1"
                          SUBS_CONTENT="bifogade"/>
                  <HYP CONTENT="-"/>
               </TextLine>
               <TextLine ID="r2l23"
                         BASELINE="2616,3370 2667,3370 2718,3370 2769,3370 2821,3369 2872,3367 2923,3366 2975,3364 3026,3362 3077,3358 3129,3355 3180,3353 3231,3349 3282,3346 3334,3344 3385,3341 3436,3338 3488,3336 3539,3333 3590,3332 3642,3330"
                         HEIGHT="173"
                         WIDTH="1054"
                         VPOS="3263"
                         HPOS="2603">
                  <String HEIGHT="173"
                          WIDTH="502"
                          VPOS="3263"
                          HPOS="2553"
                          CONTENT="fogade"
                          SUBS_TYPE="HypPart2"
                          SUBS_CONTENT="bifogade"/>
                  <SP HEIGHT="173" WIDTH="50" VPOS="3263" HPOS="3055"/>
                  <String HEIGHT="173"
                          WIDTH="452"
                          VPOS="3263"
                          HPOS="2904"
                          CONTENT="denna"/>
                  <SP HEIGHT="173" WIDTH="50" VPOS="3263" HPOS="3356"/>
                  <String HEIGHT="173"
                          WIDTH="502"
                          VPOS="3263"
                          HPOS="3155"
                          CONTENT="rapport."/>
               </TextLine>
               <TextLine ID="r2l24"
                         BASELINE="2660,3512 2751,3507 2842,3501 2933,3496 3025,3492 3116,3489 3207,3486 3299,3482 3390,3480 3481,3478 3573,3477 3664,3476 3755,3476 3846,3476 3938,3476 4029,3476 4120,3478 4212,3480 4303,3482 4394,3486 4486,3490"
                         HEIGHT="224"
                         WIDTH="1852"
                         VPOS="3367"
                         HPOS="2648">
                  <String HEIGHT="224"
                          WIDTH="317"
                          VPOS="3367"
                          HPOS="2595"
                          CONTENT="På"/>
                  <SP HEIGHT="224" WIDTH="53" VPOS="3367" HPOS="2913"/>
                  <String HEIGHT="224"
                          WIDTH="476"
                          VPOS="3367"
                          HPOS="2754"
                          CONTENT="grund"/>
                  <SP HEIGHT="224" WIDTH="53" VPOS="3367" HPOS="3230"/>
                  <String HEIGHT="224"
                          WIDTH="317"
                          VPOS="3367"
                          HPOS="3071"
                          CONTENT="af"/>
                  <SP HEIGHT="224" WIDTH="53" VPOS="3367" HPOS="3389"/>
                  <String HEIGHT="224"
                          WIDTH="423"
                          VPOS="3367"
                          HPOS="3230"
                          CONTENT="hvad"/>
                  <SP HEIGHT="224" WIDTH="53" VPOS="3367" HPOS="3653"/>
                  <String HEIGHT="224"
                          WIDTH="582"
                          VPOS="3367"
                          HPOS="3495"
                          CONTENT="sålunda"/>
                  <SP HEIGHT="224" WIDTH="53" VPOS="3367" HPOS="4077"/>
                  <String HEIGHT="224"
                          WIDTH="635"
                          VPOS="3367"
                          HPOS="3865"
                          CONTENT="förekommit"/>
               </TextLine>
               <TextLine ID="r2l25"
                         BASELINE="2624,3652 2718,3646 2813,3642 2907,3637 3002,3632 3096,3629 3191,3626 3285,3623 3380,3621 3474,3620 3569,3618 3663,3618 3758,3616 3852,3616 3947,3616 4041,3616 4136,3616 4230,3616 4325,3616 4419,3616 4514,3616"
                         HEIGHT="131"
                         WIDTH="1915"
                         VPOS="3533"
                         HPOS="2612">
                  <String HEIGHT="131"
                          WIDTH="435"
                          VPOS="3533"
                          HPOS="2568"
                          CONTENT="Kommer"/>
                  <SP HEIGHT="131" WIDTH="44" VPOS="3533" HPOS="3004"/>
                  <String HEIGHT="131"
                          WIDTH="435"
                          VPOS="3533"
                          HPOS="2873"
                          CONTENT="Robert"/>
                  <SP HEIGHT="131" WIDTH="44" VPOS="3533" HPOS="3308"/>
                  <String HEIGHT="131"
                          WIDTH="435"
                          VPOS="3533"
                          HPOS="3178"
                          CONTENT="Edvard"/>
                  <SP HEIGHT="131" WIDTH="44" VPOS="3533" HPOS="3613"/>
                  <String HEIGHT="131"
                          WIDTH="479"
                          VPOS="3533"
                          HPOS="3482"
                          CONTENT="Sjöberg"/>
                  <SP HEIGHT="131" WIDTH="44" VPOS="3533" HPOS="3961"/>
                  <String HEIGHT="131"
                          WIDTH="479"
                          VPOS="3533"
                          HPOS="3831"
                          CONTENT="hvilken"/>
                  <SP HEIGHT="131" WIDTH="44" VPOS="3533" HPOS="4309"/>
                  <String HEIGHT="131"
                          WIDTH="392"
                          VPOS="3533"
                          HPOS="4135"
                          CONTENT="blifvit"/>
               </TextLine>
               <TextLine ID="r2l26"
                         BASELINE="2642,3774 2735,3769 2829,3764 2923,3759 3017,3754 3111,3752 3204,3748 3298,3746 3392,3744 3486,3742 3580,3740 3673,3738 3767,3738 3861,3736 3955,3736 4049,3736 4142,3736 4236,3735 4330,3734 4424,3734 4518,3734"
                         HEIGHT="163"
                         WIDTH="1901"
                         VPOS="3671"
                         HPOS="2629">
                  <String HEIGHT="163"
                          WIDTH="317"
                          VPOS="3671"
                          HPOS="2589"
                          CONTENT="till"/>
                  <SP HEIGHT="163" WIDTH="40" VPOS="3671" HPOS="2906"/>
                  <String HEIGHT="163"
                          WIDTH="673"
                          VPOS="3671"
                          HPOS="2787"
                          CONTENT="Cellfängelset"/>
                  <SP HEIGHT="163" WIDTH="40" VPOS="3671" HPOS="3461"/>
                  <String HEIGHT="163"
                          WIDTH="594"
                          VPOS="3671"
                          HPOS="3342"
                          CONTENT="införpassad"/>
                  <SP HEIGHT="163" WIDTH="40" VPOS="3671" HPOS="3936"/>
                  <String HEIGHT="163"
                          WIDTH="277"
                          VPOS="3671"
                          HPOS="3817"
                          CONTENT="att"/>
                  <SP HEIGHT="163" WIDTH="40" VPOS="3671" HPOS="4094"/>
                  <String HEIGHT="163"
                          WIDTH="356"
                          VPOS="3671"
                          HPOS="3976"
                          CONTENT="denna"/>
                  <SP HEIGHT="163" WIDTH="40" VPOS="3671" HPOS="4332"/>
                  <String HEIGHT="163"
                          WIDTH="277"
                          VPOS="3671"
                          HPOS="4213"
                          CONTENT="dag"/>
                  <SP HEIGHT="163" WIDTH="40" VPOS="3671" HPOS="4490"/>
                  <String HEIGHT="163"
                          WIDTH="198"
                          VPOS="3671"
                          HPOS="4332"
                          CONTENT="för"/>
               </TextLine>
               <TextLine ID="r2l28"
                         BASELINE="2632,3876 2698,3872 2765,3869 2832,3865 2899,3864 2966,3861 3033,3858 3100,3856 3167,3854 3234,3854 3301,3852 3367,3852 3434,3850 3501,3850 3568,3850 3635,3850 3702,3850 3769,3850 3836,3850 3903,3850 3970,3850"
                         HEIGHT="194"
                         WIDTH="1364"
                         VPOS="3755"
                         HPOS="2620">
                  <String HEIGHT="194"
                          WIDTH="725"
                          VPOS="3755"
                          HPOS="2577"
                          CONTENT="Poliskammaren"/>
                  <SP HEIGHT="194" WIDTH="43" VPOS="3755" HPOS="3302"/>
                  <String HEIGHT="194"
                          WIDTH="554"
                          VPOS="3755"
                          HPOS="3174"
                          CONTENT="inställas"/>
                  <SP HEIGHT="194" WIDTH="43" VPOS="3755" HPOS="3728"/>
                  <String HEIGHT="194"
                          WIDTH="426"
                          VPOS="3755"
                          HPOS="3558"
                          CONTENT="Göteborg"/>
               </TextLine>
               <TextLine ID="r2l27"
                         BASELINE="4368,3842 4394,3842 4420,3842 4446,3842 4472,3844 4498,3844 4524,3846"
                         HEIGHT="165"
                         WIDTH="185"
                         VPOS="3763"
                         HPOS="4353">
                  <String HEIGHT="165"
                          WIDTH="259"
                          VPOS="3763"
                          HPOS="4279"
                          CONTENT="1880."/>
               </TextLine>
            </TextBlock>
         </PrintSpace>
      </Page>
   </Layout>
</alto>
